date,symbol,reportedCurrency,cik,fillingDate,acceptedDate,calendarYear,period,revenue,costOfRevenue,grossProfit,grossProfitRatio,researchAndDevelopmentExpenses,generalAndAdministrativeExpenses,sellingAndMarketingExpenses,sellingGeneralAndAdministrativeExpenses,otherExpenses,operatingExpenses,costAndExpenses,interestIncome,interestExpense,depreciationAndAmortization,ebitda,ebitdaratio,operatingIncome,operatingIncomeRatio,totalOtherIncomeExpensesNet,incomeBeforeTax,incomeBeforeTaxRatio,incomeTaxExpense,netIncome,netIncomeRatio,eps,epsdiluted,weightedAverageShsOut,weightedAverageShsOutDil,link,finalLink,revenuePerShare,netIncomePerShare,operatingCashFlowPerShare,freeCashFlowPerShare,cashPerShare,bookValuePerShare,tangibleBookValuePerShare,shareholdersEquityPerShare,interestDebtPerShare,marketCap,enterpriseValue,peRatio,priceToSalesRatio,pocfratio,pfcfRatio,pbRatio,ptbRatio,evToSales,enterpriseValueOverEBITDA,evToOperatingCashFlow,evToFreeCashFlow,earningsYield,freeCashFlowYield,debtToEquity,debtToAssets,netDebtToEBITDA,currentRatio,interestCoverage,incomeQuality,dividendYield,payoutRatio,salesGeneralAndAdministrativeToRevenue,researchAndDdevelopementToRevenue,intangiblesToTotalAssets,capexToOperatingCashFlow,capexToRevenue,capexToDepreciation,stockBasedCompensationToRevenue,grahamNumber,roic,returnOnTangibleAssets,grahamNetNet,workingCapital,tangibleAssetValue,netCurrentAssetValue,investedCapital,averageReceivables,averagePayables,averageInventory,daysSalesOutstanding,daysPayablesOutstanding,daysOfInventoryOnHand,receivablesTurnover,payablesTurnover,inventoryTurnover,roe,capexPerShare,report_date,epsEstimated,time,revenueEstimated,updatedFromDate,fiscalDateEnding,surprise(%),QuarterAvgPrice,QuarterAvgVolume
2025-03-31,ABBV,USD,1551152,2025-04-25,2025-04-25 07:48:22,2025,Q1,13343000000.0,2144000000.0,11199000000.0,0.8393164955,2067000000,0.0,0.0,3293000000.0,0.0,7218000000.0,9610000000.0,0.0,627000000.0,1445000000.0,3733000000.0,0.2797721652,3733000000.0,0.2797721652,-2072000000.0,1661000000.0,0.1244847486,372000000.0,1286000000.0,0.0963801244,2.46,2.46,1772000000,1772000000,https://www.sec.gov/Archives/edgar/data/1551152/000155115225000026/0001551152-25-000026-index.htm,https://www.sec.gov/Archives/edgar/data/1551152/000155115225000026/abbv-20250331xexhibit991.htm,7.529909706546276,0.7257336343115124,,,,,,,,371269440000.0,,72.17524105754278,27.825034849733942,0.0,0.0,0.0,0.0,,,0.0,0.0,0.0034637916872447,,0.0,0.0,,0.0,5.953748006379585,0.0,0.0078274150439098,2.259782270606532,0.0,0.1549126883009818,0.0,0.0,,0.0,,,0.0,0.0,,,,,,,,,,,,0.0,0.0,0.0,0.0,,2025-04-25,2.38,bmo,12927006520.0,2025-05-11,2025-03-31,0.0336134453781512,194.4063333333333,6363683.266666667
2024-12-31,ABBV,USD,1551152,2025-02-14,2025-02-14 13:17:23,2024,Q4,15102000000.0,4396000000.0,10706000000.0,0.7089127268,6774000000,0.0,0.0,3855000000.0,1567000000.0,12196000000.0,16592000000.0,92000000.0,702000000.0,2102000000.0,535000000.0,0.0354257714,-1490000000.0,-0.0986624288,-779000000.0,-2269000000.0,-0.1502450007,-2246000000.0,-22000000.0,-0.0014567607,-0.0181,-0.02,1769000000,1773000000,https://www.sec.gov/Archives/edgar/data/1551152/000155115225000020/0001551152-25-000020-index.htm,https://www.sec.gov/Archives/edgar/data/1551152/000155115225000020/abbv-20241231.htm,8.537026568682872,-0.0124364047484454,3.9841718485019775,3.819672131147541,3.140192198982476,1.901639344262295,-51.81458451102318,1.8795929903900508,38.35274166195591,314351300000.0,375971300000.0,-3572.1738636363634,20.81520990597272,44.60148978433598,46.52231759656652,94.54174436090226,94.54174436090226,24.895464176930208,702.7500934579439,53.34439557321226,55.64174929702531,-6.998539532045836e-05,0.0214950598263789,20.19368421052632,0.4967705181228313,115.17757009345794,0.6601976825208392,-2.1225071225071224,2349.333333333333,0.0087545367237227,-125.0909090909091,0.0,0.4485498609455701,0.7030430375626106,0.0412883087400681,0.0192689709972189,0.1354118194509074,0.0108594888094292,,-0.0001463297342908,-0.0005481226798216,-65.55243075183719,-13167000000.0,-91660000000.0,-106215000000.0,86991000000.0,11195500000.0,1472500000.0,4315500000.0,65.07151370679381,60.29344858962693,85.598271155596,1.3830936898983424,1.4926994906621391,1.0514231045204496,-0.0066165413533834,0.1644997173544375,2025-01-31,2.98,bmo,14831459715.0,2025-05-01,2024-12-31,-0.2751677852348992,183.85625,6127826.8125
2024-09-30,ABBV,USD,1551152,2024-11-04,2024-11-04 14:19:33,2024,Q3,14460000000.0,4212000000.0,10248000000.0,0.7087136929,2130000000,0.0,0.0,4205000000.0,82000000.0,6417000000.0,10629000000.0,0.0,591000000.0,2079000000.0,4933000000.0,0.3411479945,3831000000.0,0.2649377593,-1747000000.0,2084000000.0,0.1441217151,520000000.0,1561000000.0,0.1079529737,0.88,0.88,1769000000,1772000000,https://www.sec.gov/Archives/edgar/data/1551152/000155115224000040/0001551152-24-000040-index.htm,https://www.sec.gov/Archives/edgar/data/1551152/000155115224000040/abbv-20240930.htm,8.174109666478236,0.8824194460146976,3.0791407574901077,2.938383267382702,4.118145845110232,3.4318824194460147,-54.19446014697569,3.4098360655737703,40.5144149236857,349342120000.0,413164120000.0,55.94844971172325,24.159206085753805,64.1347751055627,67.20702577914582,57.91480769230769,57.91480769230769,28.572899031811893,83.75514291506182,75.85168349550212,79.48520969603693,0.0044683990582068,0.0148793967357843,11.783653846153848,0.4955934236030734,12.937766065274682,0.6452324555292369,6.482233502538071,3.4827365728900257,0.0078748019276919,1.7623318385650224,0.0,0.1473029045643153,0.7107765893656482,0.0457132366440242,0.0172199170124481,0.1197691197691197,0.0125172890733056,8.22802389214155,0.0254590302997134,0.0376316867963646,-67.40361786319954,-15277000000.0,-95870000000.0,-109566000000.0,91805000000.0,11598000000.0,0.0,4334000000.0,71.40248962655602,0.0,95.08547008547008,1.2604602510460252,0.0,0.9465168539325842,0.2587864721485411,0.1407574901074053,2024-10-30,2.92,bmo,14282327431.0,2025-04-23,2024-09-30,0.0273972602739726,186.63265625,4776492.390625
2024-06-30,ABBV,USD,1551152,2024-08-07,2024-08-07 15:00:51,2024,Q2,14462000000.0,2176000000.0,12286000000.0,0.8495367169,1917000000,0.0,0.0,3342000000.0,-1947000000.0,7206000000.0,10464000000.0,220000000.0,726000000.0,2131000000.0,7129000000.0,0.4929470336,3998000000.0,0.276448624,-1852000000.0,2146000000.0,0.1483888812,773000000.0,1370000000.0,0.0947310192,0.78,0.78,1769000000,1771000000,https://www.sec.gov/Archives/edgar/data/1551152/000155115224000031/0001551152-24-000031-index.htm,https://www.sec.gov/Archives/edgar/data/1551152/000155115224000031/abbv-20240630.htm,8.175240248728095,0.7744488411531939,1.283776144714528,1.147540983606557,7.437535330695308,3.855850763143019,-49.07179197286602,3.831543244771057,40.3391746749576,301384530000.0,358888530000.0,54.99717700729927,20.839754529110778,132.71005284015854,148.46528571428573,44.46511212747123,44.46511212747123,24.81596805421104,50.34205779211671,158.0310568031704,176.79237931034484,0.0045456878626119,0.006735581285476,10.421068161699615,0.497643320628166,8.0662084443821,0.8067756173207682,5.506887052341598,1.6698529411764709,0.0091245559286005,2.0072992700729926,0.0,0.1325542801825473,0.6596518173555873,0.1061206516952884,0.016664361775688,0.1156429942418426,0.0150739870004148,8.170986481397403,0.0227150848926358,0.0283596919764842,-62.77953646127756,-8099000000.0,-86808000000.0,-101300000000.0,90553000000.0,11836500000.0,0.0,4231500000.0,72.9608629511824,0.0,174.4577205882353,1.2335380416240191,0.0,0.5158843053579896,0.2021245205075243,0.1362351611079706,2024-07-25,2.57,bmo,14021791242.0,2025-04-23,2024-06-30,0.0311284046692607,165.64888888888888,5656575.746031746
2024-03-31,ABBV,USD,1551152,2024-05-03,2024-05-03 11:04:11,2024,Q1,12310000000.0,4082000000.0,8228000000.0,0.6683996751,1939000000,0.0,0.0,3300000000.0,-586000000.0,5239000000.0,9512000000.0,207000000.0,660000000.0,2074000000.0,5557000000.0,0.4514216084,2798000000.0,0.2272948822,-1043000000.0,1755000000.0,0.1425670187,383000000.0,1369000000.0,0.1112103981,0.77,0.77,1769000000,1773000000,https://www.sec.gov/Archives/edgar/data/1551152/000155115224000020/0001551152-24-000020-index.htm,https://www.sec.gov/Archives/edgar/data/1551152/000155115224000020/abbv-20240331.htm,6.958733747880158,0.7738835500282646,2.283776144714528,2.1746749576031656,10.21424533634822,4.548897682306388,-49.52176370830978,4.526286037309214,42.20520067834935,319764440000.0,375698440000.0,58.39379839298758,25.97599025182778,79.14961386138613,83.12046789706265,39.93561134007743,39.93561134007743,30.519775792038992,67.60814108331834,92.99466336633664,97.66010917598128,0.0042812765547038,0.0120307311219471,9.242038216560507,0.4970713489259373,10.065502969228,0.9361543278262128,4.239393939393939,2.972774098601913,0.008668881380306,2.024835646457268,0.0,0.1575142160844841,0.6424963391861575,0.0477722772277227,0.0156783103168155,0.0930568948891031,0.0282696994313566,8.877691811919073,0.0186084181456284,0.0257219623095278,-63.12817976257773,-2651000000.0,-87604000000.0,-101956000000.0,97980000000.0,11552000000.0,1844000000.0,4172000000.0,87.36068237205524,0.0,93.59382655561,1.030211733199431,0.0,0.9616018845700824,0.1709753965280379,0.1091011871113623,2024-04-26,2.26,bmo,11929722730.0,2025-04-23,2024-03-31,0.0221238938053098,172.34278688524589,5709084.868852459
2023-12-31,ABBV,USD,1551152,2024-02-20,2024-02-20 12:45:17,2023,Q4,14301000000.0,2386000000.0,11915000000.0,0.8331585204,1921000000,1406000000.0,2200000000.0,3606000000.0,-1889000000.0,7416000000.0,11106000000.0,186000000.0,564000000.0,2076000000.0,6625000000.0,0.4632543179,3195000000.0,0.2234109503,-1983000000.0,1212000000.0,0.0847493182,388000000.0,822000000.0,0.057478498,0.46,0.46,1765940733,1772000000,https://www.sec.gov/Archives/edgar/data/1551152/000155115224000011/0001551152-24-000011-index.htm,https://www.sec.gov/Archives/edgar/data/1551152/000155115224000011/abbv-20231231.htm,8.098233271795765,0.4654742849742058,2.691483304723115,2.575397868689402,7.2573216985759395,5.887513553378125,-43.8893551474584,5.866561547850089,33.94734538919546,273667835393.01,320238835393.01,83.23231003437044,19.13627266575834,57.57791613570587,60.1732267794657,26.41581422712452,26.41581422712452,22.392758226208656,48.33793741781283,67.37614883084578,70.41311244349384,0.0030036412529793,0.0166186866405717,5.732142857142857,0.4408325971895391,7.029584905660378,0.8721228297349436,5.664893617021277,5.754237288135593,0.0095955741244813,3.194647201946472,0.0983148031606181,0.1343262708901475,0.6525302313842225,0.0431306543235851,0.0143346619117544,0.098747591522158,0.0087406475071673,7.8384631586306845,0.0208740855634847,0.0175611006665527,-57.23988812936,-4839000000.0,-77506000000.0,-91312000000.0,88053000000.0,11283500000.0,1844000000.0,4040000000.0,70.20138451856513,139.11148365465212,154.61441743503772,1.282025997310623,0.6469631236442517,0.58209319346182,0.0793436293436293,0.1160854360337131,2024-02-02,2.76,bmo,12977400000.0,2025-04-23,2023-12-31,0.0108695652173913,145.79063492063491,5277398.365079365
2023-09-30,ABBV,USD,1551152,2023-11-06,2023-11-06 13:01:04,2023,Q3,13927000000.0,6485000000.0,7442000000.0,0.5343577224,1723000000,0.0,0.0,3372000000.0,95000000.0,5095000000.0,11646000000.0,157000000.0,555000000.0,2235000000.0,4708000000.0,0.3380483952,2281000000.0,0.1637825806,-328000000.0,1953000000.0,0.1402312056,172000000.0,1778000000.0,0.1276656854,1.0,1.0,1767000000,1771000000,https://www.sec.gov/Archives/edgar/data/1551152/000155115223000045/0001551152-23-000045-index.htm,https://www.sec.gov/Archives/edgar/data/1551152/000155115223000045/abbv-20230930.htm,7.881720430107527,1.0062252405206564,4.286361063950198,4.162422184493492,7.521222410865875,6.864176570458404,-44.46236559139785,6.844368986983588,34.69213355970572,263389020000.0,310848020000.0,37.034451631046124,18.91211459754434,34.775418537100606,35.81087967369137,21.77848685298495,21.77848685298495,22.319811876211677,66.02549277824978,41.04146025878004,42.26349694085656,0.006750471223136,0.0279244746041425,5.022821233669588,0.4459371168909345,10.080501274426508,0.955453944152072,4.10990990990991,4.252667040988209,0.0099738402155108,1.4775028121484814,0.0,0.1237165218640051,0.6657857452228364,0.0289147082123052,0.0157248510088317,0.097986577181208,0.0093343864435987,12.448171700219389,0.0195200318988972,0.0390537483251696,-56.735993208828525,-1549000000.0,-78565000000.0,-90868000000.0,94079000000.0,11451500000.0,0.0,4018000000.0,73.74739714224168,0.0,55.24903623747109,1.2203820539782686,0.0,1.6289876915347905,0.1470150487845212,0.1239388794567062,2023-10-27,2.86,bmo,13671600000.0,2025-04-23,2023-09-30,0.0314685314685315,146.80238095238093,4677660.888888889
2023-06-30,ABBV,USD,1551152,2023-08-07,2023-08-07 13:10:46,2023,Q2,13865000000.0,4240000000.0,9625000000.0,0.6941940137,1733000000,0.0,0.0,3268000000.0,-1412000000.0,4832000000.0,9352000000.0,98000000.0,552000000.0,2260000000.0,7201000000.0,0.5193653083,4513000000.0,0.3254958529,-1903000000.0,2610000000.0,0.1882437793,583000000.0,2024000000.0,0.145979084,1.14,1.14,1767000000,1771000000,https://www.sec.gov/Archives/edgar/data/1551152/000155115223000033/0001551152-23-000033-index.htm,https://www.sec.gov/Archives/edgar/data/1551152/000155115223000033/abbv-20230630.htm,7.846632710809281,1.1454442558007922,3.576117713638936,3.475382003395586,4.960950764006792,7.299377475947934,-46.512733446519526,7.281267685342388,34.84267119411432,238067910000.0,290323910000.0,29.405621294466403,17.170422646952755,37.67493432505143,38.76696140693698,18.50364604383647,18.50364604383647,20.939337179949515,40.31716567143452,45.94459724639975,47.27632470281713,0.0085017758168247,0.0257951607169567,4.742344162909995,0.4507376243840817,7.256769893070407,0.894940910077856,8.17572463768116,3.1174148988653183,0.0110262655727099,1.2969367588932803,0.0,0.1249909844933285,0.7024311686009146,0.028169014084507,0.0128380815001803,0.0787610619469026,0.0129102055535521,13.698775146533205,0.0323538392038222,0.0502470147215808,-58.32328805885682,-3387000000.0,-82188000000.0,-93617000000.0,96642000000.0,11482000000.0,0.0,3944000000.0,74.58997475658133,0.0,86.07311320754717,1.2065964668001044,0.0,1.0456226880394577,0.157313850458573,0.1007357102433503,2023-07-27,2.79,bmo,13516800000.0,2025-04-23,2023-06-30,0.043010752688172,146.6425806451613,5739853.516129033
2023-03-31,ABBV,USD,1551152,2023-05-05,2023-05-05 12:54:58,2023,Q1,12225000000.0,3986000000.0,8239000000.0,0.6739468303,2292000000,0.0,0.0,3039000000.0,-10000000.0,5321000000.0,9457000000.0,99000000.0,553000000.0,2127000000.0,5799000000.0,0.4743558282,2768000000.0,0.2264212679,-2293000000.0,475000000.0,0.0388548057,234000000.0,239000000.0,0.0195501022,0.13,0.13,1770000000,1776000000,https://www.sec.gov/Archives/edgar/data/1551152/000155115223000023/0001551152-23-000023-index.htm,https://www.sec.gov/Archives/edgar/data/1551152/000155115223000023/abbv-20230331.htm,6.906779661016949,0.1350282485875706,2.3689265536723165,2.270056497175142,3.7977401129943504,7.515819209039548,-47.32485875706215,7.4994350282485875,35.39322033898305,282084900000.0,337466900000.0,295.0678870292887,23.07442944785276,67.27519675649893,70.20530114484818,21.25093415699865,21.25093415699865,27.604654396728016,58.19398172098638,80.48340090627237,83.98877551020408,0.0008472626503581,0.0142439386156437,4.677791170709658,0.461507016292068,9.550267287463356,0.9600579920260964,5.005424954792043,17.398340248962654,0.0094333301782548,11.133891213389122,0.0,0.1874846625766871,0.7214591509097396,0.0417362270450751,0.0143149284253578,0.082275505406676,0.02560327198364,4.773290320980426,0.0127957340392117,0.0063774148788558,-58.755790960451975,-1102000000.0,-83765000000.0,-94753000000.0,100897000000.0,11363500000.0,1467000000.0,3706000000.0,84.46380368098158,0.0,86.54540893125942,1.0655451930619717,0.0,1.03991651447952,0.0180051227964441,0.0988700564971751,2023-04-27,2.44,bmo,12167900000.0,2025-04-23,2023-03-31,0.0081967213114754,152.8833870967742,6343356.161290322
2022-12-31,ABBV,USD,1551152,2023-02-17,2023-02-17 12:54:29,2022,Q4,15121000000.0,4170000000.0,10951000000.0,0.7242245883,1790000000,1417000000.0,2000000000.0,3417000000.0,-1000000.0,5206000000.0,9619000000.0,90000000.0,566000000.0,2157000000.0,8260000000.0,0.546260168,5502000000.0,0.3638648238,-2537000000.0,2965000000.0,0.196084915,493000000.0,2473000000.0,0.1635473844,1.4,1.39,1769181294,1778000000,https://www.sec.gov/Archives/edgar/data/1551152/000155115223000011/0001551152-23-000011-index.htm,https://www.sec.gov/Archives/edgar/data/1551152/000155115223000011/abbv-20221231.htm,8.546891181407664,1.3978216977462572,4.198552192017468,4.078157520921652,5.21653718095439,9.771186287480608,-46.52321403077191,9.752533591958722,36.0827916372939,285917388923.34,339987388923.34,28.903901023386577,18.90862964905364,38.491840188925686,39.62818973296466,16.571078528071173,16.571078528071173,22.484451353967337,41.16070083817676,45.77105397460152,47.12229922707415,0.0086493515113313,0.0252345617283686,3.667033731308682,0.4558265192176074,6.546004842615012,0.9636062021802424,9.720848056537102,3.004854368932039,0.0087647694651825,1.0133441164577437,0.093710733417102,0.1183784141260498,0.7175173804978207,0.0286752827140549,0.0140863699490774,0.0987482614742698,0.008729581376893,17.513618098893236,0.0404501196980209,0.0630706452435603,-57.68713491722008,-1075000000.0,-82308000000.0,-93055000000.0,103455000000.0,10998500000.0,1467000000.0,3375500000.0,66.98366510151445,63.32374100719424,77.24460431654676,1.343611160476275,1.4212678936605316,1.165129924559933,0.1433290831111626,0.1203946710958159,2023-02-09,3.54,bmo,15331214906.0,2025-04-23,2022-12-31,0.0169491525423728,153.33285714285714,5252458.047619048
2022-09-30,ABBV,USD,1551152,2022-11-04,2022-11-04 13:07:23,2022,Q3,14812000000.0,5022000000.0,9790000000.0,0.6609505806,1614000000,0.0,0.0,3304000000.0,229000000.0,5147000000.0,10209000000.0,63000000.0,560000000.0,2205000000.0,7235000000.0,0.4884553065,4603000000.0,0.3107615447,-203000000.0,4400000000.0,0.2970564407,448000000.0,3949000000.0,0.2666081555,2.23,2.22,1771000000,1776000000,https://www.sec.gov/Archives/edgar/data/1551152/000155115222000045/0001551152-22-000045-index.htm,https://www.sec.gov/Archives/edgar/data/1551152/000155115222000045/abbv-20220930.htm,8.363636363636363,2.229813664596273,4.292490118577075,4.192546583850931,6.707509881422925,9.049689440993788,-47.67024280067759,9.031055900621118,39.61942405420666,237685910000.0,295459910000.0,15.047221448467967,16.046847826086957,31.266233885819524,32.01157037037037,14.860942228335627,14.860942228335627,19.947333918444503,40.83758258465792,38.86607603262299,39.79258047138047,0.0166143630474351,0.0312387048942026,4.352007002625985,0.4925243233681231,7.985348997926745,0.9282220591831744,8.219642857142857,1.923582995951417,0.01053491138789,0.634084578374272,0.0,0.1089657034836619,0.710780116752167,0.0232833464877663,0.0119497704563867,0.0802721088435374,0.0085066162570888,21.28603689490131,0.0350902300890418,0.0966139844399863,-58.59726143421796,-2348000000.0,-84424000000.0,-94934000000.0,102996000000.0,10990000000.0,0.0,3284000000.0,65.27612746421819,0.0,56.84587813620072,1.378758261193335,0.0,1.5832282471626733,0.2469050894085282,0.0999435347261434,2022-10-28,3.56,bmo,14960037499.0,2025-04-23,2022-09-30,0.0280898876404494,143.49890625,5493565.234375
2022-06-30,ABBV,USD,1551152,2022-08-04,2022-08-04 15:57:33,2022,Q2,14583000000.0,4170000000.0,10413000000.0,0.7140506069,1609000000,0.0,0.0,5412000000.0,-1533000000.0,6849000000.0,11288000000.0,24000000.0,556000000.0,2052000000.0,7789000000.0,0.5341150655,3295000000.0,0.2259480217,-2112000000.0,1183000000.0,0.0811218542,255000000.0,924000000.0,0.0633614483,0.52,0.51,1770000000,1776000000,https://www.sec.gov/Archives/edgar/data/1551152/000155115222000030/0001551152-22-000030-index.htm,https://www.sec.gov/Archives/edgar/data/1551152/000155115222000030/abbv-20220630.htm,8.238983050847457,0.5220338983050847,2.827683615819209,2.7468926553672315,5.627683615819209,8.298305084745763,-50.37457627118644,8.278531073446327,41.51864406779661,271093200000.0,335504200000.0,73.34772727272727,18.58967290680929,54.16447552447553,55.75754833401892,18.5008667167133,18.5008667167133,23.00652814921484,43.07410450635511,67.0338061938062,69.00538872891813,0.0034084219006599,0.0179347914296633,4.977274278304784,0.5093514729093627,8.269482603671845,0.8441388913062396,5.926258992805756,5.393318965517241,0.0092477421049292,2.713203463203463,0.0,0.1103339504902969,0.7252873884318299,0.0285714285714285,0.0098059384214496,0.0696881091617933,0.0073373105670986,9.860915859670271,0.0214247874636854,0.0234905300622854,-61.24929378531073,-5373000000.0,-89163000000.0,-99398000000.0,103436000000.0,10985000000.0,0.0,3439500000.0,69.34992799835425,0.0,73.29496402877697,1.2977663077333808,0.0,1.2279151943462898,0.0630587592984371,0.0807909604519774,2022-07-29,3.31,bmo,14664877978.0,2025-04-23,2022-06-30,0.0181268882175226,152.80451612903224,7339470.193548387
2022-03-31,ABBV,USD,1551152,2022-05-06,2022-05-06 12:51:05,2022,Q1,13538000000.0,4052000000.0,9486000000.0,0.7006943419,1497000000,0.0,0.0,3127000000.0,776000000.0,4624000000.0,8821000000.0,9000000.0,548000000.0,2053000000.0,7270000000.0,0.5370069434,4717000000.0,0.3484266509,212000000.0,4929000000.0,0.3640862757,436000000.0,4490000000.0,0.3316590338,2.54,2.53,1771000000,1778000000,https://www.sec.gov/Archives/edgar/data/1551152/000155115222000017/0001551152-22-000017-index.htm,https://www.sec.gov/Archives/edgar/data/1551152/000155115222000017/abbv-20220331.htm,7.644268774703558,2.535290796160361,2.771315640880858,2.6798418972332017,4.275550536420102,9.211744776962169,-50.80180688876341,9.194240542066629,41.79672501411632,287096810000.0,354472810000.0,15.985345768374165,21.2067373319545,58.495682559087214,60.49237463126844,17.63169010624578,17.63169010624578,26.183543359432708,48.758295735900965,72.2234739201304,74.68875052675938,0.0156393238921742,0.0165310091742224,4.512313455751397,0.5130471821298643,9.26767537826685,0.815134835952154,8.607664233576642,1.0923659025150234,0.0087984258689603,0.5625835189309577,0.0,0.1105776333284089,0.7421496952049773,0.0330073349633251,0.0119663170335352,0.0789089137847053,0.0226030432855665,22.901455238470863,0.0356405952170226,0.1215912475966095,-61.84853190287973,-6012000000.0,-89970000000.0,-100388000000.0,105347000000.0,10355000000.0,1441000000.0,3305500000.0,71.3524892894076,0.0,77.36179664363277,1.2613435199850926,0.0,1.1633649153028998,0.2757477123380212,0.0914737436476566,2022-04-29,3.14,bmo,13612857615.0,2025-04-23,2022-03-31,0.0318471337579618,145.2608064516129,7831461.322580645
2021-12-31,ABBV,USD,1551152,2022-02-18,2022-02-18 12:41:31,2021,Q4,14886000000.0,4320000000.0,10566000000.0,0.7097944377,1827000000,1160000000.0,2100000000.0,3260000000.0,-216000000.0,5087000000.0,9812000000.0,9000000.0,580000000.0,1979000000.0,8769000000.0,0.5890769851,5074000000.0,0.3408571812,-803000000.0,4271000000.0,0.2869138788,226000000.0,4044000000.0,0.2716646514,2.29,2.26,1773000000,1780000000,https://www.sec.gov/Archives/edgar/data/1551152/000155115222000007/0001551152-22-000007-index.htm,https://www.sec.gov/Archives/edgar/data/1551152/000155115222000007/abbv-20211231.htm,8.395939086294415,2.28087986463621,2.862380146644106,2.756909193457417,5.544275239706712,8.70614777213762,-52.393683023124645,8.690355329949238,43.57811618725325,240064200000.0,307002200000.0,14.84076409495549,16.12684401451028,47.30329064039409,49.11297054009819,15.58049065420561,15.58049065420561,20.623552331049307,35.009944121336524,60.493044334975366,62.80732405891981,0.0168454938304003,0.0203612200403058,4.976895119418484,0.5233366773812692,7.633481582848671,0.7935443541512758,8.748275862068965,1.2546353522867737,0.0096390882105703,0.5722057368941642,0.0779255676474539,0.12273276904474,0.7393075773396393,0.036847290640394,0.0125621389224774,0.0944921677614957,0.0086658605401047,21.11841071183723,0.0388073104128205,0.10586664572371,-63.29173716864072,-7266000000.0,-92894000000.0,-103165000000.0,106174000000.0,9629000000.0,1441000000.0,3111000000.0,60.32043530834341,60.04166666666666,65.16666666666667,1.4920316728475491,1.4989590562109647,1.381074168797954,0.2624610591900311,0.1054709531866892,2022-02-02,3.29,bmo,14951129423.0,2025-04-23,2021-12-31,0.0060790273556231,118.1253125,6224940.203125
2021-09-30,ABBV,USD,1551152,2021-11-02,2021-11-02 12:52:31,2021,Q3,14342000000.0,4390000000.0,9952000000.0,0.6939060103,1673000000,0.0,0.0,3083000000.0,-21000000.0,5256000000.0,10036000000.0,11000000.0,596000000.0,2127000000.0,7036000000.0,0.4905870869,4306000000.0,0.300237066,-618000000.0,3688000000.0,0.2571468414,508000000.0,3179000000.0,0.2216566727,1.78,1.78,1770000000,1777000000,https://www.sec.gov/Archives/edgar/data/1551152/000155115221000031/0001551152-21-000031-index.htm,https://www.sec.gov/Archives/edgar/data/1551152/000155115221000031/abbv-20210930.htm,8.102824858757062,1.796045197740113,4.483050847457627,4.36045197740113,6.920338983050847,7.670621468926553,-54.3361581920904,7.655367231638418,45.94180790960452,190929900000.0,259468900000.0,15.014933941491035,13.312641193696834,24.061739130434784,24.73826120756673,14.090767527675276,14.090767527675276,18.091542323246408,36.8773308698124,32.699294265910524,33.61867064006219,0.0166500899021054,0.040423212917411,5.957269372693727,0.5422684706230099,9.741188175099488,1.014859986682087,7.224832214765101,2.4952830188679247,0.0121248688654841,0.7282164202579428,0.0,0.1166503974341096,0.7372932593478349,0.0273471959672337,0.0151303862780644,0.1020216267042783,0.0094129131222981,17.588666093531003,0.0292359204276555,0.0812918733698153,-64.70296610169491,424000000.0,-96175000000.0,-106324000000.0,115306000000.0,9597500000.0,0.0,3240000000.0,58.24083112536606,0.0,63.43052391799544,1.5453076177136085,0.0,1.4188752424046542,0.2346125461254612,0.1225988700564971,2021-10-29,3.23,bmo,14353400000.0,2025-04-23,2021-09-30,0.0309597523219814,114.2653125,7038835.1875
2021-06-30,ABBV,USD,1551152,2021-08-02,2021-08-02 13:28:20,2021,Q2,13959000000.0,4523000000.0,9436000000.0,0.6759796547,1802000000,0.0,0.0,3164000000.0,-2658000000.0,4898000000.0,9518000000.0,9000000.0,615000000.0,2200000000.0,6931000000.0,0.4965255391,4441000000.0,0.318145999,-3278000000.0,1163000000.0,0.0833154237,394000000.0,766000000.0,0.054874991,0.42,0.42,1769000000,1776000000,https://www.sec.gov/Archives/edgar/data/1551152/000155115221000025/0001551152-21-000025-index.htm,https://www.sec.gov/Archives/edgar/data/1551152/000155115221000025/abbv-20210630.htm,7.890898812888637,0.4330130016958733,2.764273600904466,2.654041831543245,4.861503674392312,7.119276427360091,-56.04522328999435,7.105144149236857,46.77953646127756,199260160000.0,272852160000.0,65.03268929503916,14.274672970843184,40.74849897750511,42.44092864749734,15.853302569814623,15.853302569814623,19.546683859875348,39.36692540758909,55.79798773006135,58.115476038338656,0.0038442205406238,0.0235621611465131,6.534966982257936,0.5550915037980159,10.61780406867696,0.906393808394924,7.221138211382113,6.35890767230169,0.0115928843979649,3.015665796344648,0.0,0.1290923418582993,0.7551293487957181,0.0398773006134969,0.0139694820545884,0.0886363636363636,0.0113905007522028,8.320092872060732,0.0230875498130563,0.0211403654026604,-66.50621820237423,-2685000000.0,-99144000000.0,-109379000000.0,114214000000.0,9751000000.0,0.0,3329000000.0,63.92005157962605,0.0,67.37563564006192,1.4080088763364935,0.0,1.3357944477259305,0.0609435913756066,0.110231769361221,2021-07-30,3.11,bmo,13959000000.0,2025-04-23,2021-06-30,0.0,112.62380952380953,6529583.26984127
2021-03-31,ABBV,USD,1551152,2021-05-07,2021-05-07 10:14:00,2021,Q1,13010000000.0,4213000000.0,8797000000.0,0.6761721752,1782000000,0.0,0.0,2842000000.0,395000000.0,4624000000.0,8907000000.0,10000000.0,632000000.0,2215000000.0,6676000000.0,0.5131437356,4103000000.0,0.3153727902,-236000000.0,3867000000.0,0.2972328978,312000000.0,3553000000.0,0.2730976172,2.0,1.99,1769000000,1775000000,https://www.sec.gov/Archives/edgar/data/1551152/000155115221000016/0001551152-21-000016-index.htm,https://www.sec.gov/Archives/edgar/data/1551152/000155115221000016/abbv-20210331.htm,7.354437535330695,2.00847936687394,2.7569248162803843,2.6506500847936687,5.526851328434144,7.763143018654607,-56.477671000565294,7.750141322781232,48.70661390616167,191441180000.0,267216180000.0,13.470389811426964,14.714925441967717,39.25388148451917,40.827720196203884,13.963616338439095,13.963616338439095,20.53929131437356,40.02639005392451,54.79109698585196,56.98788227767115,0.0185592253453515,0.0244931628607805,6.238512035010941,0.5683018717483604,11.350359496704614,0.8315545679321461,6.492088607594937,1.3718706047819973,0.0121290518581216,0.6535322262876443,0.0,0.1369715603382013,0.7550913282968219,0.0385482878818946,0.0144504227517294,0.0848758465011286,0.0206764027671022,18.71456588024879,0.0290380754201785,0.0963943677256572,-66.79706048615037,-5382000000.0,-99909000000.0,-110199000000.0,113453000000.0,9205000000.0,1138000000.0,3291000000.0,66.32744043043813,0.0,69.89793496320911,1.3569044639132248,0.0,1.287591687041565,0.2591539022611233,0.1062747314867156,2021-04-30,2.77,bmo,12808000000.0,2025-04-23,2021-03-31,0.0649819494584838,106.96262295081968,7514156.508196721
2020-12-31,ABBV,USD,1551152,2021-02-19,2021-02-19 14:05:43,2020,Q4,13858000000.0,4684000000.0,9174000000.0,0.6620002886,1890000000,1431000000.0,1800000000.0,3231000000.0,-4625000000.0,5121000000.0,10105000000.0,11000000.0,629000000.0,2065000000.0,8374000000.0,0.6042719007,3753000000.0,0.2708182999,-5260000000.0,-1507000000.0,-0.1087458508,1545000000.0,36000000.0,0.0025977775,0.0204,0.01,1769000000,1781000000,https://www.sec.gov/Archives/edgar/data/1551152/000155115221000008/0001551152-21-000008-index.htm,https://www.sec.gov/Archives/edgar/data/1551152/000155115221000008/abbv-20201231.htm,7.833804409270774,0.0203504804974561,2.74392312040701,2.586206896551724,4.793103448275862,7.403617863199548,-58.17015262860373,7.391746749576032,49.002261164499714,189548350000.0,267155350000.0,1316.3079861111112,13.677900851493725,39.04992789451998,41.431333333333335,14.495897063322117,14.495897063322117,19.278059604560543,31.90295557678529,55.03818500206015,58.39461202185792,0.0001899251562991,0.024136321946353,6.581217497705721,0.5715538139673895,9.267614043467876,0.8434109068071596,5.966613672496026,127.73684210526316,0.011084243149571,58.36111111111112,0.1032616539183143,0.1363833164958868,0.7704313751535882,0.057478368355995,0.0201327752922499,0.1351089588377724,0.0098138259489103,1.8397217062808984,0.0582027151821849,0.0010415159843772,-68.24053137365743,-4488000000.0,-102903000000.0,-113295000000.0,116760000000.0,8619000000.0,1138000000.0,3392000000.0,57.29398181555779,43.73185311699402,63.599487617421005,1.5708456132396282,2.057996485061512,1.4151057401812688,0.0027531355154481,0.1577162238552854,2021-02-03,2.85,bmo,13726400000.0,2025-04-23,2020-12-31,0.0245614035087718,96.0975,8076548.65625
2020-09-30,ABBV,USD,1551152,2020-11-04,2020-11-04 09:53:25,2020,Q3,12902000000.0,5050000000.0,7852000000.0,0.6085878158,1706000000,0.0,0.0,2846000000.0,-115000000.0,4552000000.0,9647000000.0,10000000.0,630000000.0,2292000000.0,5839000000.0,0.4525654937,3255000000.0,0.2522864672,-755000000.0,2500000000.0,0.193768408,187000000.0,2308000000.0,0.1788869943,1.3,1.29,1769000000,1774000000,https://www.sec.gov/Archives/edgar/data/1551152/000155115220000032/0001551152-20-000032-index.htm,https://www.sec.gov/Archives/edgar/data/1551152/000155115220000032/abbv-20200930x10q.htm,7.293386093838326,1.3046919163369135,3.295647258338044,3.172979084228378,4.494064443188242,8.642736009044658,-57.74731486715658,8.631995477671001,49.56981345392877,154946710000.0,234115710000.0,16.783655762564994,12.00951092853821,26.57748027444254,27.604972385533586,10.147132285527176,10.147132285527176,18.14569136567974,40.095172118513446,40.157068610634646,41.70955104222341,0.0148954437302992,0.0362253577375085,5.701309757694826,0.5818635084647209,13.558657304332934,0.9515321946983168,5.166666666666667,2.520536100302637,0.0135530467216761,0.9098786828422876,0.0,0.1322275616183537,0.7849432900461834,0.0372212692967409,0.0168190978142923,0.0946771378708551,0.0125561928383196,15.918452538969309,0.023126980348188,0.0717282531000404,-66.89259468626342,-1172000000.0,-102155000000.0,-111323000000.0,121258000000.0,8385000000.0,0.0,3766500000.0,58.70717718183228,0.0,61.91287128712871,1.533032319391635,0.0,1.4536557282671272,0.1511460379829731,0.1226681741096664,2020-10-30,2.75,bmo,12628459363.0,2025-04-23,2020-09-30,0.0290909090909091,94.1465625,6937813.046875
2020-06-30,ABBV,USD,1551152,2020-08-04,2020-08-04 09:55:42,2020,Q2,10425000000.0,3711000000.0,6714000000.0,0.644028777,1582000000,0.0,0.0,3527000000.0,-802000000.0,5109000000.0,9673000000.0,18000000.0,632000000.0,1555000000.0,3753000000.0,0.36,752000000.0,0.0721342926,-1445000000.0,-693000000.0,-0.0664748201,46000000.0,-738000000.0,-0.0707913669,-0.45,-0.45,1643478260,1647000000,https://www.sec.gov/Archives/edgar/data/1551152/000155115220000023/0001551152-20-000023-index.htm,https://www.sec.gov/Archives/edgar/data/1551152/000155115220000023/abbv-20200630x10q.htm,6.343253971610188,-0.4490476192852103,1.879550265544736,1.7718518527893397,3.6751322770767896,8.963915348658157,-63.52380955742,8.949312174047256,53.583915372266624,161356695566.80002,242771695566.8,-54.66012722452575,15.477860486023983,52.23590015111687,55.410953147939566,10.970675521267337,10.970675521267337,23.28745281216307,64.6873689226752,78.59232617895759,83.36940095013738,-0.0045737178578652,0.0180469734445848,5.944519989121567,0.5847120979067746,21.693312017053024,0.8624523249208796,1.1898734177215189,-4.179972936400541,0.010857931825176,-2.3739837398373984,0.0,0.1517505995203837,0.7967096903631379,0.0573000971188086,0.016978417266187,0.1138263665594855,0.0226378896882494,,0.0061565107359894,-0.0242779130205934,-73.29759263137439,-3390000000.0,-104400000000.0,-113542000000.0,120650000000.0,7358000000.0,0.0,2951500000.0,72.12086330935252,0.0,98.43977364591754,1.247905195116112,0.0,0.9142645971914264,-0.0501767745444656,0.1076984127553959,2020-07-31,2.24,bmo,9756730769.0,2025-04-23,2020-06-30,0.0446428571428569,88.04555555555555,10561835.444444444
2020-03-31,ABBV,USD,1551152,2020-05-08,2020-05-07 19:19:59,2020,Q1,8619000000.0,1942000000.0,6677000000.0,0.774683838,1379000000,1695000000.0,0.0,1695000000.0,-72000000.0,3074000000.0,5016000000.0,135000000.0,563000000.0,559000000.0,4204000000.0,0.4877596009,3603000000.0,0.4180299339,-505000000.0,3098000000.0,0.3594384499,88000000.0,3010000000.0,0.3492284488,2.02,2.02,1481000000,1484000000,https://www.sec.gov/Archives/edgar/data/1551152/000155115220000015/0001551152-20-000015-index.htm,https://www.sec.gov/Archives/edgar/data/1551152/000155115220000015/abbv-20200331x10q.htm,5.819716407832545,2.0324105334233624,2.575962187711006,2.4915597569209997,27.779878460499663,-5.006752194463201,-27.804861580013505,-5.006752194463201,45.65091154625253,112837390000.0,138741390000.0,9.371876245847176,13.091703213829913,29.57729750982962,30.579238482384824,-15.217449763991906,-15.217449763991906,16.097156282631396,33.00223358705994,36.367336828309305,37.59929268292683,0.0266755549734002,0.0327019261966268,-9.041942009440325,0.7351615697540543,6.161750713606089,3.142371440713982,6.399644760213143,1.2674418604651163,0.0156242536272772,0.5857142857142857,0.1966585450748346,0.1599953590903817,0.3702233577122556,0.0327653997378768,0.0145028425571412,0.2236135957066189,0.0254089801601113,,0.0446000160715888,0.0524070688604509,-34.96185010128292,35287000000.0,-41179000000.0,-46856000000.0,72012000000.0,5895000000.0,726000000.0,1828500000.0,66.43230073094327,0.0,85.45829042224511,1.3547626532536938,0.0,1.0531453362255965,-0.4059339177343223,0.0844024307900067,2020-05-01,2.25,bmo,8013533057.0,2025-04-23,2020-03-31,0.0755555555555555,85.17693548387098,12332622.91935484
2019-12-31,ABBV,USD,1551152,2020-02-21,2020-02-21 10:51:26,2019,Q4,8704000000.0,2006000000.0,6698000000.0,0.76953125,1542000000,1951000000.0,1100000000.0,1951000000.0,-416000000.0,2603000000.0,4748000000.0,104000000.0,559000000.0,509000000.0,3795000000.0,0.4360064338,3956000000.0,0.4545036765,-882000000.0,3074000000.0,0.3531709559,273000000.0,2801000000.0,0.3218060662,1.89,1.88,1484000000,1487000000,https://www.sec.gov/Archives/edgar/data/1551152/000155115220000007/0001551152-20-000007-index.htm,https://www.sec.gov/Archives/edgar/data/1551152/000155115220000007/abbv-20191231x10k.htm,5.8652291105121295,1.887466307277628,2.206873315363881,2.0970350404312668,26.90296495956873,-5.506738544474394,-28.58827493261456,-5.506738544474394,45.34164420485176,131393360000.00002,158197360000.0,11.727361656551231,15.09574448529412,40.12010992366413,42.221516709511576,-16.078482623592755,-16.078482623592755,18.175248161764703,41.68573386034256,48.30453740458015,50.834627249357325,0.021317667803,0.0236846062845184,-8.165442976015663,0.7487852774504853,7.062977602108037,3.177350016041065,7.076923076923077,1.1692252766868976,0.0121391217942824,0.5694394858978936,0.2241498161764706,0.1771599264705882,0.3843685125960837,0.0497709923664122,0.0187270220588235,0.3202357563850687,0.0090762867647058,,0.0465725673022881,0.0510553753053115,-35.30020215633423,33934000000.0,-42425000000.0,-47768000000.0,71149000000.0,5478500000.0,726000000.0,1871000000.0,56.125919117647065,65.14456630109672,81.34097706879362,1.6035372144436255,1.381542699724518,1.1064533921676778,-0.3427557513460597,0.1098382749326145,2020-02-07,2.19,bmo,8625230769.0,2025-04-23,2019-12-31,0.0091324200913242,83.0184375,7347288.015625
2019-09-30,ABBV,USD,1551152,2019-11-06,2019-11-06 10:16:49,2019,Q3,8479000000.0,1920000000.0,6559000000.0,0.7735582026,2285000000,1657000000.0,0.0,1657000000.0,-177000000.0,3942000000.0,5862000000.0,60000000.0,480000000.0,503000000.0,4196000000.0,0.494869678,2617000000.0,0.3086448874,-616000000.0,2001000000.0,0.2359948107,117000000.0,1884000000.0,0.2221960137,1.27,1.26,1481000000,1483000000,https://www.sec.gov/Archives/edgar/data/1551152/000155115219000030/0001551152-19-000030-index.htm,https://www.sec.gov/Archives/edgar/data/1551152/000155115219000030/abbv-20190930x10q.htm,5.725185685347738,1.2721134368669818,3.075624577987846,2.971640783254558,7.189736664415936,-5.554355165428764,-28.89871708305199,-5.554355165428764,26.25388251181634,112141320000.0,139895320000.0,14.880748407643312,13.225771907064512,24.619389681668498,25.48087252897069,-13.632545587162657,-13.632545587162657,16.499035263592404,33.34016205910391,30.71247420417124,31.787166553056124,0.0168002302808634,0.0392451239204246,-4.668368587405786,0.6460523880823001,6.61439466158246,1.152803978734351,5.452083333333333,2.417728237791932,0.0141874556140412,0.8444798301486199,0.1954239886779101,0.2694893265715297,0.5816355714069413,0.0338090010976948,0.0181625191649958,0.3061630218687873,0.0088453827102252,,0.0520508261649309,0.0757600128679427,-35.04912221471979,2673000000.0,-42799000000.0,-47501000000.0,40140000000.0,5505500000.0,0.0,1912000000.0,58.68734520580257,0.0,90.421875,1.5335503707722915,0.0,0.995334370139969,-0.2290299051787016,0.1039837947332883,2019-11-01,2.29,bmo,8369828326.0,2025-04-23,2019-09-30,0.0174672489082969,68.55953125,9432711.484375
2019-06-30,ABBV,USD,1551152,2019-08-05,2019-08-05 12:33:34,2019,Q2,8255000000.0,1819000000.0,6436000000.0,0.7796486978,1291000000,1654000000.0,0.0,1654000000.0,-2278000000.0,2945000000.0,4855000000.0,49000000.0,358000000.0,502000000.0,4031000000.0,0.4883101151,3400000000.0,0.411871593,-2593000000.0,807000000.0,0.097758934,66000000.0,741000000.0,0.0897637795,0.49,0.49,1480000000,1484000000,https://www.sec.gov/Archives/edgar/data/1551152/000155115219000023/0001551152-19-000023-index.htm,https://www.sec.gov/Archives/edgar/data/1551152/000155115219000023/abbv-20190630x10q.htm,5.577702702702703,0.5006756756756757,1.6736486486486486,1.587162162162162,3.6594594594594594,-5.787837837837838,-30.18040540540541,-5.787837837837838,25.417567567567566,108632000000.00002,140720000000.0,36.65047233468286,13.1595396729255,43.85627775534922,46.24606215410814,-12.681765117908007,-12.681765117908007,17.04663840096911,34.90945174894567,56.8106580540977,59.90634312473393,0.0068211944914942,0.0216234626997569,-4.349754844734999,0.6520597808967135,7.960307615976185,0.8913287291187061,9.497206703910615,3.342780026990553,0.0146549819574342,2.148448043184885,0.2003634161114476,0.1563900666262871,0.6317769766546498,0.0516754138070246,0.0155057540884312,0.2549800796812749,0.0105390672319806,,0.0679242218681053,0.0352169573689463,-37.3195945945946,-1841000000.0,-44667000000.0,-50608000000.0,37139000000.0,5581000000.0,0.0,1798500000.0,59.76741368867353,0.0,93.76030786146234,1.5058372856621671,0.0,0.9598944591029024,-0.0865047863646976,0.0864864864864864,2019-07-26,2.21,bmo,8072367256.0,2025-04-23,2019-06-30,0.0226244343891401,78.59984126984126,7722446.571428572
2019-03-31,ABBV,USD,1551152,2019-05-03,2019-05-03 10:28:05,2019,Q1,7828000000.0,1694000000.0,6134000000.0,0.7835973429,1289000000,1680000000.0,0.0,1680000000.0,-135000000.0,2969000000.0,4818000000.0,62000000.0,387000000.0,503000000.0,3692000000.0,0.4716402657,3010000000.0,0.384517118,-466000000.0,2544000000.0,0.3249872253,88000000.0,2456000000.0,0.3137455289,1.65,1.65,1480000000,1483000000,https://www.sec.gov/Archives/edgar/data/1551152/000155115219000016/0001551152-19-000016-index.htm,https://www.sec.gov/Archives/edgar/data/1551152/000155115219000016/abbv-20190331x10q.htm,5.289189189189189,1.6594594594594594,2.038513513513513,1.966216216216216,3.5324324324324325,-5.287837837837838,-29.917567567567566,-5.287837837837838,25.358783783783785,119554400000.0,151801400000.0,12.169625407166125,15.27266223811957,39.626914153132255,41.08398625429553,-15.276565295169949,-15.276565295169949,19.39210526315789,41.11630552546045,50.31534637056679,52.1654295532646,0.0205429494857571,0.0243403839591014,-4.746230513672374,0.654300762740228,8.734290357529794,1.036608170310702,7.777777777777778,1.2284201954397391,0.0132826562635921,0.6465798045602605,0.2146142054164537,0.164665304036791,0.6421110112913738,0.035465694398409,0.0136688809402146,0.2127236580516898,0.024144098109351,,0.0644848435111877,0.1208839887778707,-36.65945945945946,509000000.0,-44278000000.0,-50182000000.0,39821000000.0,5532000000.0,773000000.0,1653500000.0,65.30403679100664,0.0,90.4250295159386,1.378169014084507,0.0,0.9952996474735604,-0.3138257091745464,0.0722972972972973,2019-04-25,2.05,bmo,7498785046.0,2025-04-23,2019-03-31,0.0439024390243903,81.80868852459017,6849918.852459016
2018-12-31,ABBV,USD,1551152,2019-02-27,2019-02-27 16:45:37,2018,Q4,8305000000.0,2022000000.0,6283000000.0,0.7565322095,6495000000,1929000000.0,1100000000.0,1929000000.0,393000000.0,8424000000.0,10746000000.0,61000000.0,380000000.0,442000000.0,3696000000.0,0.4450331126,-2441000000.0,-0.2939193257,68000000.0,-2373000000.0,-0.2857314871,547000000.0,-1826000000.0,-0.2198675497,-1.22,-1.22,1496000000,1501000000,https://www.sec.gov/Archives/edgar/data/1551152/000155115219000008/0001551152-19-000008-index.htm,https://www.sec.gov/Archives/edgar/data/1551152/000155115219000008/abbv-20181231x10k.htm,5.551470588235294,-1.2205882352941178,2.267379679144385,2.1851604278074865,5.38836898395722,-5.64572192513369,-30.308823529411764,-5.64572192513369,27.199197860962567,137916240000.0,170937240000.0,-18.882289156626506,16.60641059602649,40.65926886792453,42.18912205567452,-16.329178309258822,-16.329178309258822,20.582449127031907,46.24925324675325,50.39423349056604,52.29037626185378,-0.0132399201138314,0.0237027923615086,-4.772673454889889,0.6791683515298558,8.934253246753247,0.9829456464992168,-6.423684210526316,-1.8576122672508213,0.0105208784694246,-0.7946330777656079,0.2322697170379289,0.7820590006020469,0.621647122253673,0.0362617924528301,0.0148103552077062,0.2782805429864253,0.0084286574352799,,-0.0633406017040802,-0.0813145707160669,-36.69552139037433,-294000000.0,-45342000000.0,-50853000000.0,39485000000.0,5582000000.0,773000000.0,1695500000.0,58.34557495484648,68.81305637982196,71.43916913946587,1.5425334323922737,1.3078913324708927,1.2598130841121495,0.2161970163390954,0.0822192513368983,2019-01-25,1.92,bmo,8479842105.0,2025-04-23,2018-12-31,-0.0104166666666666,87.93984126984127,6769692.873015873
2018-09-30,ABBV,USD,1551152,2018-11-07,2018-11-07 12:45:42,2018,Q3,8236000000.0,1835000000.0,6401000000.0,0.7771976688,1268000000,1919000000.0,0.0,1919000000.0,-94000000.0,3187000000.0,5077000000.0,37000000.0,339000000.0,435000000.0,3679000000.0,0.4466974259,3159000000.0,0.3835599806,-398000000.0,2761000000.0,0.3352355512,14000000.0,2747000000.0,0.3335356969,1.81,1.81,1511000000,1515000000,https://www.sec.gov/Archives/edgar/data/1551152/000155115218000042/0001551152-18-000042-index.htm,https://www.sec.gov/Archives/edgar/data/1551152/000155115218000042/abbv-20180930x10q.htm,5.450694904037062,1.8180013236267367,2.994043679682329,2.8074123097286567,5.814030443414957,-1.933156849768365,-29.95632031767041,-1.933156849768365,27.0330906684315,143545000000.0,176038000000.0,13.063796869311975,17.428970373967946,31.729664014146778,33.838991041961336,-49.14241698048613,-49.14241698048613,21.374210781932977,47.849415602065775,38.91202475685234,41.498821310702496,0.0191368560381761,0.0295517085234595,-13.867853474837384,0.6122362614110393,8.832019570535472,1.2000389939559368,9.31858407079646,1.646887513651256,0.0101779929638789,0.5318529304696032,0.2330014570179699,0.1539582321515298,0.6399703766398646,0.0623342175066313,0.0342399222923749,0.6482758620689655,0.0091063623118018,,0.0573557774119373,0.1153184165232358,-36.44738583719391,3078000000.0,-45264000000.0,-50620000000.0,48371000000.0,5786500000.0,0.0,1683000000.0,63.16172899465761,0.0,87.59673024523161,1.4249134948096889,0.0,1.0274356103023516,-0.9404313591235878,0.186631369953673,2018-11-02,2.02,bmo,7774168224.0,2025-04-23,2018-09-30,0.0594059405940594,94.8311111111111,5646591.73015873
2018-06-30,ABBV,USD,1551152,2018-08-07,2018-08-07 13:14:21,2018,Q2,8278000000.0,1934000000.0,6344000000.0,0.7663686881,1322000000,1760000000.0,0.0,1760000000.0,-470000000.0,3582000000.0,5516000000.0,48000000.0,320000000.0,443000000.0,3219000000.0,0.388862044,2762000000.0,0.3336554723,-750000000.0,2012000000.0,0.2430538777,29000000.0,1983000000.0,0.2395506161,1.26,1.26,1568000000,1572000000,https://www.sec.gov/Archives/edgar/data/1551152/000155115218000032/0001551152-18-000032-index.htm,https://www.sec.gov/Archives/edgar/data/1551152/000155115218000032/abbv-20180630x10q.htm,5.279336734693878,1.2646683673469388,1.82780612244898,1.7551020408163265,2.3871173469387754,-2.152423469387755,-29.317602040816325,-2.152423469387755,23.870535714285715,145275200000.0,178837200000.0,18.315078164397377,17.549553032133364,50.689183531053736,52.788953488372094,-43.0445037037037,-43.0445037037037,21.603913988886205,55.55675675675676,62.39958129797627,64.9844476744186,0.013649955395002,0.0189433571593775,-10.995259259259258,0.6020181372787593,10.426219322771049,0.8038202508128193,8.63125,1.4452849218356023,0.0105386191173717,0.7720625315179022,0.2126117419666586,0.1597004107272288,0.6910173423533038,0.0397766922540125,0.0137714423773858,0.2573363431151241,0.0102681807199806,,0.0534317989446874,0.1041163498897406,-35.802455357142854,-3379000000.0,-45970000000.0,-51171000000.0,42003000000.0,5817000000.0,0.0,1659000000.0,62.98260449383909,0.0,73.5263702171665,1.4289659934403591,0.0,1.2240506329113925,-0.5875555555555556,0.072704081632653,2018-07-27,1.98,bmo,8153830000.0,2025-04-23,2018-06-30,0.0101010101010101,97.66234375,8511738.34375
2018-03-31,ABBV,USD,1551152,2018-05-04,2018-05-04 10:56:33,2018,Q1,7934000000.0,1927000000.0,6007000000.0,0.7571212503,1244000000,1791000000.0,0.0,1791000000.0,153000000.0,3035000000.0,5031000000.0,58000000.0,309000000.0,445000000.0,3422000000.0,0.4313082934,2903000000.0,0.3658936224,-106000000.0,2797000000.0,0.3525334006,14000000.0,2783000000.0,0.350768843,1.74,1.74,1591000000,1596000000,https://www.sec.gov/Archives/edgar/data/1551152/000155115218000025/0001551152-18-000025-index.htm,https://www.sec.gov/Archives/edgar/data/1551152/000155115218000025/abbv-20180331x10q.htm,4.986800754242615,1.7492143306096797,1.6624764299182904,1.5876807039597738,5.954745443117536,2.2331866750471403,-24.862979258328096,2.2331866750471403,23.63042111879321,150588150000.0,178868150000.0,13.527501796622351,18.980104613057726,56.93313799621929,59.615261282660335,42.38338024204897,42.38338024204897,22.544510965465086,52.27006136762128,67.62500945179585,70.81082739509105,0.0184808698426801,0.0167742282510277,10.494511680270197,0.537726053474085,8.26417299824664,1.1984992378942432,9.394822006472491,0.950413223140496,0.0075503949015908,0.4085519223859145,0.2257373329972271,0.1567935467607764,0.6217011335121572,0.0449905482041587,0.0149987396017141,0.2674157303370786,0.0240736072598941,9.375086561503226,0.0492366731702682,0.1060917962793534,-32.0963230672533,3386000000.0,-39557000000.0,-45345000000.0,49324000000.0,5464500000.0,737000000.0,1671500000.0,66.25787748928661,0.0,81.17280747275558,1.3583290532443075,0.0,1.108745684695052,0.7832817337461301,0.0747957259585166,2018-04-26,1.79,bmo,7594577540.0,2025-04-23,2018-03-31,0.0446927374301676,109.8516393442623,7397656.0
2017-12-31,ABBV,USD,1551152,2018-02-16,2018-02-16 12:40:01,2017,Q4,7739000000.0,2280000000.0,5459000000.0,0.7053882931,1402000000,1951000000.0,846000000.0,1951000000.0,-29000000.0,3353000000.0,5957000000.0,47000000.0,299000000.0,369000000.0,3200000000.0,0.413490115,1782000000.0,0.2302623078,-589000000.0,1193000000.0,0.1541542835,1141000000.0,52000000.0,0.0067192144,0.0327,0.03,1596000000,1606000000,https://www.sec.gov/Archives/edgar/data/1551152/000155115218000014/0001551152-18-000014-index.htm,https://www.sec.gov/Archives/edgar/data/1551152/000155115218000014/abbv-20171231x10k.htm,4.848997493734336,0.0325814536340852,1.619047619047619,1.505012531328321,6.133458646616542,3.193609022556391,-23.964285714285715,3.193609022556391,23.600877192982452,154349160000.0,182414160000.0,742.0632692307693,19.944328724641423,59.73264705882352,64.25860116569525,30.28235432607416,30.28235432607416,23.57076624886936,57.004425,70.59371517027864,75.94261448792673,0.0003368984968884,0.0155621190293487,7.331371394938199,0.5279009973723617,8.7703125,1.2753440298059011,5.959866220735786,49.69230769230769,0.0066731817652911,19.807692307692307,0.2520997544902442,0.1811603566352242,0.6123244709405815,0.0704334365325077,0.0235172502907352,0.4932249322493225,0.0099496058922341,1.5300913523743895,0.0012825807966107,0.0018949056191239,-32.1312656641604,4582000000.0,-38247000000.0,-44466000000.0,50729000000.0,4989500000.0,737000000.0,1695000000.0,59.17043545677736,58.1842105263158,63.35526315789474,1.5210298742138364,1.5468113975576665,1.4205607476635511,0.0102020796546988,0.1140350877192982,2018-01-26,1.44,bmo,7529837837.0,2025-04-23,2017-12-31,0.0277777777777778,94.2452380952381,5179354.682539683
2017-09-30,ABBV,USD,1551152,2017-11-07,2017-11-07 11:27:57,2017,Q3,6995000000.0,1616000000.0,5379000000.0,0.7689778413,1222000000,1452000000.0,0.0,1452000000.0,-349000000.0,2674000000.0,4301000000.0,41000000.0,293000000.0,379000000.0,3083000000.0,0.4407433881,2694000000.0,0.3851322373,-599000000.0,2095000000.0,0.2994996426,464000000.0,1631000000.0,0.2331665475,1.02,1.01,1597000000,1603000000,https://www.sec.gov/Archives/edgar/data/1551152/000155115217000035/0001551152-17-000035-index.htm,https://www.sec.gov/Archives/edgar/data/1551152/000155115217000035/abbv-20170930x10q.htm,4.380087664370695,1.02128991859737,2.048215403882279,1.969317470256731,5.982467125860989,4.187226048841578,-23.31120851596744,4.187226048841578,23.849718221665626,141909420000.0,171258420000.0,21.751903740036788,20.287265189421017,43.38410883521859,45.12223211446741,21.22168685509197,21.22168685509197,24.48297641172266,55.54927667855984,52.356594313665546,54.45418759936407,0.0114932468894594,0.0221620241982526,5.652011365335726,0.549026728646136,9.519623743107363,1.4524668150080564,9.194539249146755,2.0055180870631517,0.0072299640150738,0.6290619251992643,0.2075768406004288,0.1746962115796997,0.6379285299244625,0.0385203301742586,0.018012866333095,0.3324538258575198,0.0101501072194424,9.80909600257993,0.0351736374111376,0.0654363089267803,-30.08030682529743,5897000000.0,-37228000000.0,-43223000000.0,52509000000.0,4875000000.0,0.0,1683500000.0,62.929235167977126,0.0,99.41212871287128,1.4301778777346146,0.0,0.9053221288515406,0.243906086436369,0.0788979336255479,2017-10-27,1.39,bmo,6895780141.0,2025-04-23,2017-09-30,0.0143884892086331,76.12301587301587,6214639.396825396
2017-06-30,ABBV,USD,1551152,2017-08-07,2017-08-07 12:15:57,2017,Q2,6944000000.0,1528000000.0,5416000000.0,0.7799539171,1223000000,1504000000.0,0.0,1504000000.0,-62000000.0,2727000000.0,4282000000.0,31000000.0,284000000.0,379000000.0,3161000000.0,0.4552131336,2662000000.0,0.3833525346,-309000000.0,2353000000.0,0.3388536866,438000000.0,1915000000.0,0.2757776498,1.2,1.19,1595000000,1600000000,https://www.sec.gov/Archives/edgar/data/1551152/000155115217000025/0001551152-17-000025-index.htm,https://www.sec.gov/Archives/edgar/data/1551152/000155115217000025/abbv-20170630x10q.htm,4.353605015673981,1.2006269592476488,1.2557993730407524,1.1768025078369906,4.517241379310345,3.767398119122257,-23.830094043887147,3.767398119122257,23.52413793103448,115653450000.00002,146802450000.0,15.098361618798958,16.655162730414748,57.74011482775836,61.61611614278104,19.246704942586124,19.246704942586124,21.14090581797235,46.44177475482442,73.29128806789815,78.2112147043154,0.0165580879774879,0.0162295201742792,6.196871359627226,0.5558258948562558,9.85416007592534,1.3836365119504035,9.373239436619718,1.045953002610966,0.008854037644359,0.5347258485639687,0.216589861751152,0.1761232718894009,0.6570439143803922,0.0629056415376934,0.0181451612903225,0.3324538258575198,0.0109447004608294,10.088255266934617,0.0372535652647717,0.0833478412256267,-30.9371473354232,4703000000.0,-38009000000.0,-44023000000.0,51378000000.0,4768000000.0,0.0,1504500000.0,62.97667050691245,0.0,93.18062827225133,1.4291006379913562,0.0,0.965865992414665,0.3186886337160925,0.0789968652037617,2017-07-28,1.4,bmo,6846197183.0,2025-04-23,2017-06-30,0.0142857142857143,67.2279365079365,5708374.063492063
2017-03-31,ABBV,USD,1551152,2017-05-05,2017-05-05 10:09:59,2017,Q1,6538000000.0,1616000000.0,4922000000.0,0.7528296115,1135000000,1368000000.0,0.0,1368000000.0,-73000000.0,2503000000.0,4131000000.0,26000000.0,273000000.0,374000000.0,2793000000.0,0.4271948608,2407000000.0,0.3681553992,-321000000.0,2086000000.0,0.3190578158,375000000.0,1711000000.0,0.2617008259,1.07,1.06,1597000000,1603000000,https://www.sec.gov/Archives/edgar/data/1551152/000155115217000016/0001551152-17-000016-index.htm,https://www.sec.gov/Archives/edgar/data/1551152/000155115217000016/abbv-20170331x10q.htm,4.093926111458986,1.071383844708829,1.3162179085785848,1.2567313713212274,3.912335629304947,3.1296180338134003,-24.49655604257984,3.1296180338134003,23.308703819661865,104060520000.0,136271520000.0,15.204634716540031,15.916261853777916,49.505480494766886,51.84878923766816,20.820432172869147,20.820432172869147,20.842997858672376,48.790375939849625,64.82945765937203,67.89811659192826,0.0164423548911729,0.0192868534579684,7.393157262905162,0.5627284356725146,11.532760472610097,1.7579149706015378,8.816849816849818,1.228521332554062,0.0098692568516859,0.6002337814143776,0.2092382991740593,0.1736004894463138,0.6718902290448343,0.0451950523311132,0.014530437442643,0.2540106951871658,0.0215662282043438,8.685792970971876,0.0344884944336495,0.079415177535391,-31.43190356919224,6703000000.0,-39121000000.0,-45119000000.0,53434000000.0,4717500000.0,703500000.0,1435500000.0,64.38207402875497,0.0,79.4740099009901,1.3979046397263204,0.0,1.1324456902592852,0.3423369347739096,0.0594865372573575,2017-04-27,1.26,bmo,6435843750.0,2025-04-23,2017-03-31,0.0158730158730158,62.86983870967742,6875637.693548387
2016-12-31,ABBV,USD,1551152,2017-02-17,2017-02-17 12:19:05,2016,Q4,6796000000.0,1555000000.0,5241000000.0,0.7711889347,1190000000,1653000000.0,764000000.0,1653000000.0,-80000000.0,2843000000.0,4438000000.0,26000000.0,316000000.0,328000000.0,2726000000.0,0.4011183049,2358000000.0,0.3469688052,-360000000.0,1998000000.0,0.2939964685,607000000.0,1391000000.0,0.2046792231,0.87,0.85,1592512724,1623000000,https://www.sec.gov/Archives/edgar/data/1551152/000155115217000004/0001551152-17-000004-index.htm,https://www.sec.gov/Archives/edgar/data/1551152/000155115217000004/abbv-12312016x10k.htm,4.267469827763838,0.8734624088315919,0.9676531790147254,0.8960681936755439,4.033248779241779,2.9111227371267145,-24.9147145903746,2.9111227371267145,23.332937589765844,99723146776.88,131465146776.88,17.922923576002873,14.673800290888757,64.71326851192732,69.88307412535389,21.51060111666954,21.51060111666954,19.34448893126545,48.22639280149669,85.31158129583386,92.12694238043449,0.0139486171962885,0.0143096166348697,7.946937014667817,0.5573760571264316,11.644167278063096,1.6549432573356508,7.462025316455696,1.1078360891445005,0.0093559021165616,0.6707404744787923,0.2432313125367863,0.1751030017657445,0.6704034856805701,0.0739779364049318,0.016774573278399,0.3475609756097561,0.0110359034726309,7.563862522774996,0.0289427121056176,0.0638483429725511,-31.867563276059578,6406000000.0,-39677000000.0,-45276000000.0,53323000000.0,4878500000.0,703500000.0,1537000000.0,63.01059446733373,81.43408360128618,83.57556270096464,1.42833123160992,1.1051883439943142,1.0768698060941828,0.3000431406384815,0.0715849853391815,2017-01-27,1.2,bmo,6796000000.0,2025-04-23,2016-12-31,0.0,61.03984126984128,7601324.063492063
2016-09-30,ABBV,USD,1551152,2016-11-07,2016-11-07 12:52:37,2016,Q3,6432000000.0,1504000000.0,4928000000.0,0.7661691542,1106000000,1381000000.0,0.0,1381000000.0,-101000000.0,2487000000.0,4071000000.0,21000000.0,271000000.0,304000000.0,2745000000.0,0.4267723881,2361000000.0,0.3670708955,-347000000.0,2014000000.0,0.3131218905,416000000.0,1598000000.0,0.2484452736,0.97,0.97,1632000000,1640000000,https://www.sec.gov/Archives/edgar/data/1551152/000155115216000005/0001551152-16-000005-index.htm,https://www.sec.gov/Archives/edgar/data/1551152/000155115216000005/abbv-20160930x10q.htm,3.941176470588235,0.9791666666666666,0.8909313725490197,0.8216911764705882,4.8713235294117645,3.9638480392156863,-23.46875,3.9638480392156863,23.027573529411764,102930240000.0,134022240000.0,16.102978723404256,16.002835820895523,70.79108665749656,76.75633109619687,15.91130622971093,15.91130622971093,20.83679104477612,48.82413114754098,92.17485557083909,99.9420134228188,0.0155250779557105,0.0130282412632089,5.767506569794404,0.5599915948728724,11.326775956284154,1.7895199384818192,8.712177121771218,0.9098873591989988,0.0090643915723892,0.5838548185231539,0.214707711442786,0.1719527363184079,0.6719598955362771,0.077716643741403,0.017568407960199,0.3717105263157895,0.0107276119402985,9.344973360795128,0.0325518379113499,0.073114934114202,-29.19286151960784,7187000000.0,-38301000000.0,-43867000000.0,54595000000.0,5023500000.0,0.0,1693000000.0,69.94869402985074,0.0,97.53989361702128,1.2866573314662932,0.0,0.9226993865030676,0.2470242695934456,0.0692401960784313,2016-10-28,1.2,bmo,6378842975.0,2025-04-23,2016-09-30,0.0083333333333333,64.736875,6902910.15625
2016-06-30,ABBV,USD,1551152,2016-08-05,2016-08-05 12:24:41,2016,Q2,6452000000.0,1405000000.0,5047000000.0,0.7822380657,1124000000,1466000000.0,0.0,1466000000.0,-51000000.0,2590000000.0,4065000000.0,20000000.0,245000000.0,289000000.0,2746000000.0,0.4256044637,2387000000.0,0.3699628022,-291000000.0,2096000000.0,0.3248605084,486000000.0,1610000000.0,0.2495350279,0.99,0.98,1624000000,1632000000,https://www.sec.gov/Archives/edgar/data/1551152/000110465916137453/0001104659-16-137453-index.htm,https://www.sec.gov/Archives/edgar/data/1551152/000110465916137453/a16-11616_110q.htm,3.972906403940887,0.9913793103448276,1.1810344827586208,1.1003694581280787,4.927339901477833,3.4729064039408866,-24.209975369458128,3.4729064039408866,23.454433497536947,100541840000.0,132059840000.0,15.612086956521738,15.58305021698698,52.420145985401454,56.262921096810295,17.826567375886526,17.826567375886526,20.46804711717297,48.0917115804807,68.85288842544317,73.90030218242865,0.0160132338934716,0.0177736950109526,6.710106382978723,0.5630774724375475,11.477785870356882,1.8109361518550475,9.742857142857142,1.191304347826087,0.0092200421237566,0.575776397515528,0.2272163670179789,0.1742095474271543,0.6688934846974454,0.0683003128258602,0.0203037817730936,0.4532871972318339,0.0110043397396156,8.801520891397047,0.0313659121965029,0.0723465444414487,-30.11391625615764,7519000000.0,-39317000000.0,-44780000000.0,55094000000.0,4900500000.0,0.0,1772500000.0,70.41537507749534,0.0,112.48398576512454,1.2781299524564185,0.0,0.8001138952164009,0.2854609929078014,0.0806650246305418,2016-07-29,1.2,bmo,6144761904.0,2025-04-23,2016-06-30,0.05,60.93328125,8720327.53125
2016-03-31,ABBV,USD,1551152,2016-05-06,2016-05-06 12:22:19,2016,Q1,5958000000.0,1369000000.0,4589000000.0,0.7702249077,946000000,1355000000.0,0.0,1355000000.0,0.0,2301000000.0,3680000000.0,15000000.0,215000000.0,268000000.0,2595000000.0,0.4355488419,2278000000.0,0.3823430681,-502000000.0,1776000000.0,0.2980866062,422000000.0,1354000000.0,0.2272574689,0.83,0.83,1616000000,1625000000,https://www.sec.gov/Archives/edgar/data/1551152/000110465916118639/0001104659-16-118639-index.htm,https://www.sec.gov/Archives/edgar/data/1551152/000110465916118639/a16-6520_110q.htm,3.686881188118812,0.8378712871287128,1.316831683168317,1.2419554455445545,5.321782178217822,2.873143564356436,-17.41522277227723,2.873143564356436,19.88118811881188,92305920000.0,116662920000.0,17.043190546528802,15.4927693856999,43.37684210526315,45.99198804185351,19.88066336420417,19.88066336420417,19.58088620342397,44.95680924855491,54.8228007518797,58.12801195814649,0.0146686149707407,0.0217429174640153,6.873357742838682,0.5940618019359643,9.386127167630056,1.5589945601200526,10.595348837209302,1.5716395864106352,0.0100101921956901,0.6824224519940916,0.2274253105068815,0.1587781134608929,0.6103127326880119,0.0568609022556391,0.0203088284659281,0.4514925373134328,0.0231621349446122,7.359673985197331,0.0381855822974092,0.0646794688067259,-22.28821163366337,5960000000.0,-28143000000.0,-32455000000.0,41343000000.0,4741500000.0,798500000.0,1754000000.0,71.79758308157099,0.0,117.61139517896274,1.2535240900483904,0.0,0.7652319731693683,0.291621796252423,0.0748762376237623,2016-04-28,1.12,bmo,5854382608.0,2025-04-23,2016-03-31,0.0267857142857141,55.73655737704918,8888990.475409836
2015-12-31,ABBV,USD,1551152,2016-02-19,2016-02-19 12:32:59,2015,Q4,6400000000.0,1475000000.0,4925000000.0,0.76953125,1075000000,1737000000.0,704000000.0,1737000000.0,12000000.0,2812000000.0,4287000000.0,9000000.0,208000000.0,261000000.0,2914000000.0,0.4553125,2113000000.0,0.33015625,-189000000.0,1924000000.0,0.300625,407000000.0,1517000000.0,0.23703125,0.94,0.92,1609892935,1640000000,https://www.sec.gov/Archives/edgar/data/1551152/000104746916010239/0001047469-16-010239-index.htm,https://www.sec.gov/Archives/edgar/data/1551152/000104746916010239/a2227341z10-k.htm,3.975419644909492,0.9422986877074532,1.2193357442120834,1.129267642882103,5.222086399180328,2.450473515494992,-17.971381432268974,2.450473515494992,19.80193794688589,95370057469.4,118642057469.4,15.71688488289387,14.901571479593752,48.58382958196638,52.45877748591859,24.17491951062104,24.17491951062104,18.537821479593752,40.71450153376802,60.43915306642894,65.2596575739274,0.0159064599545484,0.0190625868143501,8.028136882129278,0.5970028275212064,7.98627316403569,1.4975215715072516,10.158653846153848,1.2940013183915622,0.0088077958878185,0.5537244561634805,0.27140625,0.16796875,0.6197360980207351,0.0738665308201732,0.02265625,0.5555555555555556,0.00828125,7.207929973510979,0.0373655825861625,0.0751995241163932,-22.54249286459537,5420000000.0,-28932000000.0,-32791000000.0,40862000000.0,4652000000.0,798500000.0,1780000000.0,66.515625,97.44406779661016,104.88813559322034,1.3530655391120507,0.9236067626800252,0.8580570098894706,0.3845373891001267,0.0900681013299806,2016-01-29,1.12,bmo,6343362831.0,2025-04-23,2015-12-31,0.0089285714285712,57.5971875,9151240.0
2015-09-30,ABBV,USD,1551152,2015-11-06,2015-11-06 13:40:18,2015,Q3,5944000000.0,1167000000.0,4777000000.0,0.8036675639,1418000000,1474000000.0,0.0,1474000000.0,-28000000.0,2892000000.0,4059000000.0,10000000.0,207000000.0,227000000.0,2232000000.0,0.3755047106,1885000000.0,0.3171265141,-238000000.0,1647000000.0,0.2770861373,408000000.0,1239000000.0,0.2084454913,0.75,0.74,1652000000,1664000000,https://www.sec.gov/Archives/edgar/data/1551152/000110465915076607/0001104659-15-076607-index.htm,https://www.sec.gov/Archives/edgar/data/1551152/000110465915076607/a15-17846_110q.htm,3.598062953995157,0.75,1.3044794188861986,1.2276029055690072,5.598668280871671,2.9437046004842613,-17.071428571428573,2.9437046004842613,19.5726392251816,89885320000.0,112789320000.0,18.136666666666667,15.122025572005384,41.7101252900232,44.32214990138067,18.483512235245733,18.483512235245733,18.975323014804847,50.53284946236559,52.33843155452436,55.61603550295858,0.0137842308399191,0.0225620824401581,6.606415792720543,0.5859169827837759,10.261648745519713,2.0324520594576194,9.106280193236715,1.739305891848265,0.0094564941193956,0.6860371267150929,0.2479811574697173,0.2385598923283984,0.6030237817332944,0.0589327146171693,0.0213660834454912,0.5594713656387665,0.0092530282637954,7.048050449108031,0.0303084594941622,0.0569210272430743,-22.015133171912836,9099000000.0,-28202000000.0,-32057000000.0,44710000000.0,4470500000.0,0.0,1732000000.0,69.2563930013459,0.0,141.97943444730078,1.2995190205509402,0.0,0.6338946224877784,0.2547809993830968,0.0768765133171912,2015-10-30,1.07,bmo,5680991150.0,2025-04-23,2015-09-30,0.05607476635514,65.09375,10065166.4375
2015-06-30,ABBV,USD,1551152,2015-08-07,2015-08-07 13:58:41,2015,Q2,5475000000.0,916000000.0,4559000000.0,0.8326940639,981000000,1703000000.0,0.0,1703000000.0,4000000.0,2684000000.0,3623000000.0,8000000.0,172000000.0,190000000.0,2490000000.0,0.4547945205,1852000000.0,0.3382648402,-174000000.0,1678000000.0,0.3064840183,312000000.0,1366000000.0,0.2494977169,0.84,0.83,1620000000,1633000000,https://www.sec.gov/Archives/edgar/data/1551152/000110465915057641/0001104659-15-057641-index.htm,https://www.sec.gov/Archives/edgar/data/1551152/000110465915057641/a15-11918_110q.htm,3.3796296296296298,0.8432098765432099,1.1308641975308642,1.0598765432098765,5.110493827160494,3.397530864197531,-17.062962962962963,3.397530864197531,19.317901234567906,108847800000.0,132570800000.0,19.92090043923865,19.880876712328767,59.41473799126637,63.39417588817705,19.77612645348837,19.77612645348837,24.21384474885845,53.24128514056225,72.36397379912664,77.21071636575422,0.012549633524977,0.0157743197382032,5.654614825581396,0.5779036301179092,9.527309236947792,1.4991117427607037,10.767441860465116,1.3411420204978035,0.0075150806906524,0.5988286969253295,0.3110502283105023,0.1791780821917808,0.6154674589174636,0.0627729257641921,0.0210045662100456,0.6052631578947368,0.0100456621004566,8.028618222484756,0.0323501673471479,0.0659616591819981,-22.213117283950616,5619000000.0,-27642000000.0,-31474000000.0,41282000000.0,4290500000.0,0.0,1322500000.0,71.78630136986301,0.0,159.4650655021834,1.2537210899931304,0.0,0.5643869377695625,0.2481831395348837,0.0709876543209876,2015-07-24,1.06,bmo,5373611111.0,2025-04-23,2015-06-30,0.0188679245283019,65.28396825396825,11000240.587301588
2015-03-31,ABBV,USD,1551152,2015-05-08,2015-05-08 16:15:17,2015,Q1,5040000000.0,942000000.0,4098000000.0,0.8130952381,811000000,1473000000.0,0.0,1473000000.0,-1000000.0,2284000000.0,3353000000.0,6000000.0,132000000.0,158000000.0,2073000000.0,0.4113095238,1687000000.0,0.3347222222,-291000000.0,1396000000.0,0.276984127,374000000.0,1022000000.0,0.2027777778,0.64,0.63,1595000000,1608000000,https://www.sec.gov/Archives/edgar/data/1551152/000110465915036257/0001104659-15-036257-index.htm,https://www.sec.gov/Archives/edgar/data/1551152/000110465915036257/a15-7010_110q.htm,3.1598746081504703,0.6407523510971787,0.9937304075235108,0.90282131661442,4.968025078369906,0.8633228840125392,-3.5329153605015677,0.8633228840125392,9.658307210031348,93371300000.0,100738300000.0,22.84033757338552,18.526051587301588,58.90933753943218,64.84118055555555,67.80777051561365,67.80777051561365,19.987757936507936,48.5954172696575,63.557287066246055,69.95715277777778,0.0109455475076388,0.0154222978581212,11.091503267973856,0.5720438967751601,3.553786782440907,1.3943891402714932,12.780303030303031,1.550880626223092,0.0084180042475578,0.7690802348336595,0.2922619047619048,0.1609126984126984,0.2626315592344282,0.0914826498422713,0.0287698412698412,0.9177215189873418,0.0236111111111111,3.5279546160570443,0.0610227126808846,0.0519124295220196,-8.605956112852665,4358000000.0,-5635000000.0,-9914000000.0,13801000000.0,3974500000.0,700500000.0,1073000000.0,75.25,0.0,97.64331210191084,1.196013289036545,0.0,0.9217221135029354,0.7421931735657226,0.0909090909090909,2015-04-23,0.84,bmo,4557446808.0,2025-04-23,2015-03-31,0.119047619047619,60.41245901639344,11806353.918032788
2014-12-31,ABBV,USD,1551152,2015-02-20,2015-02-20 15:18:31,2014,Q4,5452000000.0,1119000000.0,4333000000.0,0.7947542186,879000000,3341000000.0,665000000.0,3341000000.0,3000000.0,4720000000.0,5867000000.0,10000000.0,139000000.0,193000000.0,1220000000.0,0.2237710932,-415000000.0,-0.0761188555,-622000000.0,-1037000000.0,-0.1902054292,227000000.0,-810000000.0,-0.1485693324,-0.51,-0.51,1591389331,1597000000,https://www.sec.gov/Archives/edgar/data/1551152/000104746915000995/0001047469-15-000995-index.htm,https://www.sec.gov/Archives/edgar/data/1551152/000104746915000995/a2223058z10-k.htm,3.425937257336056,-0.5089892110128769,-0.3632046468709171,-0.4593470533955716,5.262068707434359,1.094640994548681,-3.539674352636464,1.094640994548681,9.49861841193907,104140517820.64,110769517820.64,-32.14213512982716,19.101342226823185,-180.17390626408303,-142.46308867392614,59.7821571875086,59.7821571875086,20.31722630606016,90.7946867382295,-191.64276439557096,-151.5314881267305,-0.007777952491028,-0.0070193620628907,8.597588978185993,0.5443608475993167,5.43360655737705,1.4114807337839024,-2.985611510791367,0.7135802469135802,0.0064720246653739,-0.8320987654320988,0.6128026412325752,0.1612252384446074,0.2680551012248755,-0.2647058823529412,0.0280630961115187,0.7927461139896373,0.0078870139398385,,-0.0246044934157792,-0.0402224649915582,-8.818552271669088,4688000000.0,-5633000000.0,-9690000000.0,14548000000.0,3399500000.0,700500000.0,1066000000.0,61.6562729273661,112.68096514745308,90.40214477211796,1.4597054886211511,0.7987152034261242,0.9955516014234876,-0.4649827784156142,0.0961424065246545,2015-01-30,0.85,bmo,5268224719.0,2025-04-23,2014-12-31,0.0470588235294118,63.04390625,11642525.96875
2014-09-30,ABBV,USD,1551152,2014-11-07,2014-11-07 16:09:36,2014,Q3,5019000000.0,1094000000.0,3925000000.0,0.7820282925,812000000,1595000000.0,0.0,1595000000.0,-221000000.0,2407000000.0,4059000000.0,20000000.0,148000000.0,192000000.0,1601000000.0,0.3189878462,960000000.0,0.191273162,-273000000.0,687000000.0,0.1368798565,181000000.0,506000000.0,0.1008168958,0.32,0.31,1595000000,1610000000,https://www.sec.gov/Archives/edgar/data/1551152/000110465914078391/0001104659-14-078391-index.htm,https://www.sec.gov/Archives/edgar/data/1551152/000110465914078391/a14-19670_110q.htm,3.1467084639498437,0.3172413793103448,1.1197492163009404,1.006896551724138,4.845141065830721,2.9122257053291536,-1.816300940438872,2.9122257053291536,9.366771159874608,92127200000.0,99200200000.0,45.51739130434782,18.35568838414027,51.58297872340426,57.36438356164384,19.83362755651238,19.83362755651238,19.764933253636183,61.961399125546535,55.54322508398656,61.76849315068493,0.0054924061514948,0.0174324195243098,3.184499461786868,0.5198566106698531,4.417863835103061,2.6458176337603616,6.486486486486487,3.529644268774704,0.0073051172726404,1.3300395256916997,0.317792388922096,0.1617852161785216,0.2650593941097912,0.1007838745800671,0.035863717872086,0.9375,0.0087666865909543,4.559305456041239,0.0319336209831027,0.0241966335118592,-8.325391849529781,10920000000.0,-2897000000.0,-6254000000.0,20894000000.0,3096000000.0,0.0,1028000000.0,54.94321578003586,0.0,82.92504570383912,1.6380548302872062,0.0,1.0853174603174602,0.1089343379978471,0.1128526645768025,2014-10-31,0.78,bmo,4342280898.0,2025-04-23,2014-09-30,0.141025641025641,55.518125,12197753.5625
2014-06-30,ABBV,USD,1551152,2014-08-07,2014-08-07 17:03:44,2014,Q2,4926000000.0,1113000000.0,3813000000.0,0.7740560292,834000000,1448000000.0,0.0,1448000000.0,-8000000.0,2282000000.0,3411000000.0,4000000.0,73000000.0,202000000.0,1838000000.0,0.3731222087,1515000000.0,0.3075517661,-82000000.0,1433000000.0,0.2909053999,335000000.0,1098000000.0,0.2228989038,0.69,0.68,1594000000,1608000000,https://www.sec.gov/Archives/edgar/data/1551152/000110465914058340/0001104659-14-058340-index.htm,https://www.sec.gov/Archives/edgar/data/1551152/000110465914058340/a14-13926_110q.htm,3.0903387703889584,0.6888331242158093,1.077164366373902,0.9880803011292346,6.427854454203263,3.273525721455458,-1.7070263488080302,3.273525721455458,9.293601003764117,89965360000.0,95620360000.0,20.48391621129326,18.263369874137236,52.39683168316832,57.12086349206349,17.241349175929475,17.241349175929475,19.41136012992286,52.02413492927095,55.69036691904485,60.71133968253968,0.0122046974524416,0.0175067381489942,2.8250287466462245,0.5075228094336375,3.076713819368879,2.816843438340985,20.753424657534246,1.5637522768670309,0.0074806569995384,0.6129326047358834,0.293950466910272,0.1693057247259439,0.273334480977793,0.0827023878858474,0.028826634185952,0.7029702970297029,0.0097442143727162,7.122888555424472,0.0504730825549106,0.0520231213872832,-6.719573400250941,11477000000.0,-2721000000.0,-6033000000.0,21803000000.0,3119000000.0,0.0,1076000000.0,57.14981729598051,0.0,84.74393530997305,1.5748081841432224,0.0,1.0620229007633588,0.2104254503641242,0.0890840652446675,2014-07-25,0.76,bmo,4565560975.0,2025-04-23,2014-06-30,0.0789473684210525,52.46126984126984,5876575.793650794
2014-03-31,ABBV,USD,1551152,2014-05-09,2014-05-09 14:11:57,2014,Q1,4563000000.0,1100000000.0,3463000000.0,0.7589305282,772000000,1340000000.0,0.0,1340000000.0,3000000.0,2112000000.0,3212000000.0,5000000.0,70000000.0,199000000.0,1627000000.0,0.3565636643,1351000000.0,0.2960771422,-65000000.0,1286000000.0,0.281832128,306000000.0,980000000.0,0.214770984,0.61,0.61,1595000000,1609000000,https://www.sec.gov/Archives/edgar/data/1551152/000110465914036968/0001104659-14-036968-index.htm,https://www.sec.gov/Archives/edgar/data/1551152/000110465914036968/a14-8929_110q.htm,2.860815047021944,0.6144200626959248,0.3912225705329153,0.3053291536050156,5.705329153605016,2.9448275862068964,-2.116614420062696,2.9448275862068964,9.075862068965517,81983000000.0,88249000000.0,20.914030612244897,17.966907736138506,131.38301282051282,168.3429158110883,17.45433255269321,17.45433255269321,19.34012710935788,54.24031960663798,141.42467948717947,181.2094455852156,0.0119536977178195,0.0059402559067123,3.067064083457526,0.5027044003210385,3.851259987707437,2.787805662805663,19.3,0.636734693877551,0.0078186941195125,0.6540816326530612,0.2936664475126013,0.1691869384177076,0.2817112747321771,0.219551282051282,0.0300241069471838,0.6884422110552764,0.0232303309226386,6.380487902839675,0.045836491563777,0.0476097940147687,-7.5081504702194355,11113000000.0,-3376000000.0,-6631000000.0,21519000000.0,3113000000.0,466500000.0,1127000000.0,61.341222879684416,0.0,90.32727272727271,1.4672025723472668,0.0,0.9963768115942028,0.2086438152011922,0.0858934169278996,2014-04-25,0.68,bmo,4370197183.0,2025-04-23,2014-03-31,0.0441176470588234,50.53950819672131,6676398.934426229
2013-12-31,ABBV,USD,1551152,2014-02-21,2014-02-21 15:03:44,2013,Q4,5111000000.0,1282000000.0,3829000000.0,0.7491684602,798000000,1448000000.0,626000000.0,1448000000.0,-13000000.0,2246000000.0,3576000000.0,6000000.0,74000000.0,200000000.0,1953000000.0,0.3821170025,1535000000.0,0.3003326159,-96000000.0,1439000000.0,0.2815495989,311000000.0,1128000000.0,0.22070045,0.71,0.7,1587360562,1608000000,https://www.sec.gov/Archives/edgar/data/1551152/000104746914001154/0001047469-14-001154-index.htm,https://www.sec.gov/Archives/edgar/data/1551152/000104746914001154/a2217723z10-k.htm,3.2198103709722883,0.7106135978197498,0.7843208592957345,0.6891943936301475,6.233618395768106,2.8298548594027624,-2.3151639822584933,2.8298548594027624,9.32176365863372,83828511279.22,88956511279.22,18.579014024649823,16.40158702391313,67.33213757367069,76.62569586765997,18.661734478900268,18.661734478900268,17.40491318317746,45.5486488884895,71.45101307567872,81.31308160806216,0.0134560423749242,0.0130504524451836,3.2776046304541406,0.504246866223714,2.625704045058884,2.5945631632504726,20.74324324324324,1.1037234042553192,0.0076465630871688,0.5682624113475178,0.2833105067501467,0.1561338289962825,0.2797109391054181,0.121285140562249,0.0295441205243592,0.755,0.0072392878106045,6.726514715387734,0.0528902091654002,0.0536351100756026,-7.496091489767024,10969000000.0,-3675000000.0,-6858000000.0,21434000000.0,3457000000.0,466500000.0,1161000000.0,54.86988847583643,65.49921996879876,80.73322932917317,1.6402439024390243,1.3740621650589495,1.1147826086956525,0.2511130899376669,0.095126465665587,2014-01-31,0.82,bmo,5111000000.0,2025-04-23,2013-12-31,0.0,49.1484375,5461606.796875
2013-09-30,ABBV,USD,1551152,2013-11-12,2013-11-12 16:57:14,2013,Q3,4658000000.0,1092000000.0,3566000000.0,0.76556462,714000000,1261000000.0,0.0,1261000000.0,-5000000.0,1975000000.0,3287000000.0,6000000.0,75000000.0,234000000.0,1871000000.0,0.4016745384,1371000000.0,0.2943323315,-85000000.0,1286000000.0,0.2760841563,322000000.0,964000000.0,0.206955775,0.6,0.6,1590000000,1605000000,https://www.sec.gov/Archives/edgar/data/1551152/000110465913083686/0001104659-13-083686-index.htm,https://www.sec.gov/Archives/edgar/data/1551152/000110465913083686/a13-19815_110q.htm,2.929559748427673,0.6062893081761006,1.130817610062893,1.0471698113207548,6.035220125786164,2.249685534591195,-2.90251572327044,2.249685534591195,9.361006289308175,71120700000.0,76954700000.0,18.444164937759336,15.268505796479175,39.55545050055617,42.715135135135135,19.882778864970646,19.882778864970646,16.52097466723916,41.13025120256548,42.80016685205784,46.21903903903904,0.0135544222708719,0.0234109056856864,4.140061504053676,0.5241752796262211,3.11811865312667,2.4062545454545456,18.28,1.865145228215768,0.0089987865698734,0.6639004149377593,0.2707170459424646,0.1532846715328467,0.2899617726178677,0.0739710789766407,0.0285530270502361,0.5683760683760684,0.0090167453842851,5.539774945209799,0.0471192036948554,0.0480558325024925,-7.323584905660377,9668000000.0,-4615000000.0,-8132000000.0,20104000000.0,3776500000.0,0.0,1128500000.0,73.38342636324603,0.0,96.59340659340658,1.2264349657714586,0.0,0.931740614334471,0.2694995806541795,0.0836477987421383,2013-10-25,0.78,bmo,4430780487.0,2025-04-23,2013-09-30,0.0512820512820511,44.3278125,4049258.609375
2013-06-30,ABBV,USD,1551152,2013-08-09,2013-08-09 14:48:29,2013,Q2,4692000000.0,1054000000.0,3638000000.0,0.7753623188,709000000,1406000000.0,0.0,1406000000.0,4000000.0,2115000000.0,3249000000.0,4000000.0,79000000.0,236000000.0,1683000000.0,0.3586956522,1582000000.0,0.3371696505,-85000000.0,1368000000.0,0.2915601023,300000000.0,1068000000.0,0.2276214834,0.67,0.66,1589000000,1609000000,https://www.sec.gov/Archives/edgar/data/1551152/000110465913062262/0001104659-13-062262-index.htm,https://www.sec.gov/Archives/edgar/data/1551152/000110465913062262/a13-13986_110q.htm,2.9528005034612965,0.672120830711139,1.2819383259911894,1.2070484581497798,5.509125235997483,2.239144115796098,-2.934550031466331,2.239144115796098,9.3373190685966,66118290000.0,72133290000.0,15.477127808988763,14.09170716112532,32.458659793814434,34.472518248175184,18.58299325463744,18.58299325463744,15.373676470588236,42.85994652406417,35.41153166421208,37.60859749739312,0.0161528678373261,0.0290086147116024,4.147835862844294,0.528771049802938,3.57397504456328,2.3015429831006613,20.025316455696203,1.9073033707865168,0.0096493723597509,0.5973782771535581,0.2996589940323955,0.1511082693947144,0.2945539233249731,0.0584192439862542,0.0253623188405797,0.5042372881355932,0.0098039215686274,5.819101869858761,0.0573464352248965,0.0542434862105744,-7.702485840151039,8857000000.0,-4663000000.0,-8690000000.0,19291000000.0,4027000000.0,0.0,1061000000.0,72.02685421994885,0.0,92.6470588235294,1.2495339547270303,0.0,0.9714285714285714,0.3001686340640809,0.0748898678414096,2013-07-26,0.79,bmo,4520341463.0,2025-04-23,2013-06-30,0.0379746835443036,43.73546875,6305733.71875
2013-03-31,ABBV,USD,1551152,2013-05-08,2013-05-08 16:53:00,2013,Q1,4329000000.0,1153000000.0,3176000000.0,0.7336567337,634000000,1237000000.0,0.0,1237000000.0,15000000.0,1871000000.0,3024000000.0,6000000.0,72000000.0,227000000.0,1538000000.0,0.3552783553,1314000000.0,0.3035343035,-75000000.0,1239000000.0,0.2862092862,271000000.0,968000000.0,0.2236082236,0.61,0.6,1588000000,1605000000,https://www.sec.gov/Archives/edgar/data/1551152/000110465913038917/0001104659-13-038917-index.htm,https://www.sec.gov/Archives/edgar/data/1551152/000110465913038917/a13-8735_110q.htm,2.7260705289672544,0.6095717884130982,0.7474811083123426,0.6920654911838791,4.709697732997481,1.8620906801007555,-3.309823677581864,1.8620906801007555,9.51448362720403,65298559999.99999,73356560000.0,16.864297520661157,15.083982443982444,55.01142375737152,59.41634212920837,22.08270544470747,22.08270544470747,16.945382305382306,47.69607282184656,61.79996630160067,66.74846223839855,0.0148242166442874,0.0168303864587519,5.085221508285424,0.5534616658691891,5.239271781534461,2.2055867573159915,18.25,1.2262396694214877,0.0097398778778582,0.6570247933884298,0.2857472857472857,0.1464541464541464,0.3022930545842688,0.0741364785172704,0.0203280203280203,0.3876651982378855,0.02009702009702,5.0536376785706105,0.049263191211022,0.0510656256594218,-8.180258186397985,8157000000.0,-5256000000.0,-9289000000.0,18570000000.0,4298500000.0,278000000.0,1064000000.0,89.37629937629937,0.0,80.94535993061578,1.0069783670621075,0.0,1.111861137897782,0.3273588096043287,0.0554156171284634,2013-04-26,0.67,bmo,4265338235.0,2025-04-23,2013-03-31,0.0149253731343283,37.022333333333336,9420741.8
2012-12-31,ABBV,USD,1551152,2013-03-15,2013-03-15 15:05:42,2012,Q4,5205795000.0,1265327000.0,3940468000.0,0.7569387577,681221000,1410357000.0,506000000.0,1410357000.0,0.0,2091578000.0,3405000000.0,0.0,0.0,309000000.0,2675000000.0,0.5138504301,2366000000.0,0.454493502,-107890000.0,1713000000.0,0.3290563689,173000000.0,1540000000.0,0.2958241729,0.97,0.96,1583729114,1605000000,https://www.sec.gov/Archives/edgar/data/1551152/000104746913002827/0001047469-13-002827-index.htm,https://www.sec.gov/Archives/edgar/data/1551152/000104746913002827/a2213529z10-k.htm,3.2870488734350563,0.9723885141635402,0.5945000263473088,0.5348054743154769,5.036214798031427,2.1234692033324585,-3.2139334656444283,2.1234692033324585,9.895631684396754,54100186534.24,63871186534.24,8.782497814,10.392300606197516,57.46004791603426,63.87369172636651,16.086882704204577,16.086882704204577,12.269247354964996,23.87707907822056,67.83787032580054,75.40987823218066,0.0284657059181364,0.0156558979600549,4.660124888492417,0.5802725118483413,3.652710280373832,2.2659386068476977,0.0,0.6115233281503103,0.0,0.0,0.2709205798537975,0.1308582070557907,0.3129813388625592,0.1004113530466996,0.0181605307162498,0.3060933756394483,0.0060430731521314,6.816071737354363,0.0999836399188395,0.0829964969011048,-7.513911245809174,8578000000.0,-5090000000.0,-8291000000.0,19278000000.0,3697755000.0,489953500.0,1024939000.0,74.30565360334013,39.54708940850863,77.60049378540093,1.21121335504886,2.2757679856115107,1.1597864344637947,0.4579244721974427,0.0596945520318318,2013-03-15,,bmo,,2025-04-23,2012-12-31,,34.402,2308334.8
2012-09-30,ABBV,USD,1551152,2012-09-30,2012-09-29 20:00:00,2012,Q3,4508000000.0,1014000000.0,3494000000.0,0.7750665484,813000000,1085000000.0,0.0,1085000000.0,13000000.0,1898000000.0,-877000000.0,11000000.0,10000000.0,227000000.0,1841000000.0,0.4083850932,1746000000.0,0.3873114463,-142000000.0,1604000000.0,0.35581189,19000000.0,1585000000.0,0.3515971606,1.0,1.0,1577001448,1580000000,,,2.858589639037542,1.005072000415817,1.4256080759159837,1.4368071778714055,2.907800120168311,9.935841225682882,4.531116321460727,9.935841225682882,0.0063411482676076,55195050680.0,52434062680.0,8.705843955835963,12.2438000621118,24.550927138590847,24.359566502063025,3.522600573520586,3.522600573520586,11.631335998225378,28.48129423139598,23.32283124261071,23.14104292125638,0.0287163428690233,0.0410516336534687,0.0,0.0,-1.4997218902770233,2.0363187262336875,174.6,1.4179629947322745,0.0,0.0,0.2406832298136646,0.1803460514640638,0.3749787450309567,0.0078556667464346,0.003917701863354,0.0778686536892925,0.0065332741792369,14.98967330769748,0.0993727283541557,0.1115669204432831,0.2073767911974675,5562847000.0,7145577000.0,3869596000.0,16225004000.0,3045757500.0,380512500.0,910826500.0,61.84026175687666,37.62488165680474,85.10751479289941,1.4553625331314508,2.392034101819503,1.0574859366885048,0.1011562058598354,0.0111991019554219,2013-01-23,0.99,bmo,,2025-04-23,2012-09-30,0.0101010101010101,,
2012-06-30,ABBV,USD,1551152,2012-06-30,2012-06-29 20:00:00,2012,Q2,4493000000.0,1073000000.0,3420000000.0,0.7611840641,642000000,1246000000.0,0.0,1246000000.0,-11000000.0,1888000000.0,2961000000.0,2000000.0,0.0,295094000.0,1717094000.0,0.3821709326,1422000000.0,0.3164923214,-20000000.0,1402000000.0,0.3120409526,135000000.0,1267000000.0,0.2819942132,0.78,0.78,1616000000,1625000000,,,2.780321782178218,0.7840346534653465,0.966173886138614,0.9080569306930693,0.0461243811881188,7.119477103960396,1.8510024752475247,7.119477103960396,0.0,56560000000.0,56485463000.0,11.160220994475138,12.588470954818607,36.22536326238345,38.54383884641071,4.916091377066208,4.916091377066208,12.57188137102159,32.8959643444098,36.17762404913225,38.49304425454199,0.0224009900990099,0.0259444837340876,0.0,0.0,-0.0434088058079522,1.2382862565837989,0.0,1.232722710678238,0.0,0.0,0.2773202759848653,0.1428889383485422,0.480749261105051,0.0601516520776744,0.0209029601602492,0.3182612997892197,0.007808591141776,11.206833950376277,0.0998516592828534,0.137781804297857,-2.1367888304455445,1153239000.0,2991220000.0,-211519000.0,11759115000.0,3320384000.0,406623500.0,889284500.0,59.97339194302248,28.276439888164028,72.36696178937558,1.500665496550607,3.1828617872673663,1.243661441279592,0.110125314263488,0.0581169554455445,2012-06-29,,bmo,,2025-04-23,2012-06-30,,,
2012-03-31,ABBV,USD,1551152,2012-03-31,2012-03-30 20:00:00,2012,Q1,4172948000.0,1156167000.0,3016781000.0,0.7229375971,641968000,1246924000.0,0.0,1246924000.0,0.0,1888892000.0,3045059000.0,1000000.0,0.0,319241000.0,1297130000.0,0.3108425986,977889000.0,0.2343400876,28000000.0,1005792000.0,0.2410267274,122514000.0,883278000.0,0.2116676268,0.55,0.54,1616000000,1625000000,,,2.582269801980198,0.5465829207920793,0.986355198019802,0.8859814356435644,0.0266033415841584,7.457159034653466,1.9443508663366336,7.457159034653466,0.0,56560000000.0,56519001000.0,16.00854996954526,13.553967123482009,35.48417453496032,39.504213736235336,4.693476408020102,4.693476408020102,13.544142174788664,43.572348955000656,35.458452900028234,39.47557807041193,0.0156166548797736,0.0253137553041018,0.0,0.0,-0.0316074718802278,1.2241338512217408,0.0,1.804584740025224,0.0,0.0,0.2988112959950615,0.1538404025163984,0.4698293067929052,0.1017622886539728,0.0388703621516491,0.5080926322120279,0.0218083235161329,9.576481855794878,0.0638654802479515,0.0878633106084683,-2.2740307858910893,1236089000.0,3142071000.0,-159746000.0,12313369000.0,3731881500.0,446564500.0,893897000.0,78.65151207252043,37.06351245105595,71.28854222616629,1.144288235895779,2.428264188906788,1.2624749670777489,0.0732964012504098,0.1003737623762376,2012-03-30,,bmo,,2025-04-23,2012-03-31,,,
2011-12-31,ABBV,USD,1551152,2011-12-31,2011-12-30 19:00:00,2011,Q4,4864063000.0,1176063000.0,3688000000.0,0.7582138636,775129000,0.0,0.0,1134032000.0,0.0,1909161000.0,3085224000.0,0.0,0.0,324876000.0,1703715000.0,0.3502658169,1378839000.0,0.2834747412,-20939000.0,1357900000.0,0.2791699038,200337000.0,1157563000.0,0.2379827317,0.73,0.73,1580000000,1580000000,,,3.078520886075949,0.7326348101265823,0.6637746835443038,0.5976924050632911,0.4132911392405063,7.551898734177216,1.849367088607595,7.551898734177216,0.030379746835443,55300000000.0,55321000000.0,11.943194452483365,11.369096165078457,52.72873592152286,58.55854901869426,4.634596044250754,4.634596044250754,11.37341354336899,32.47080644356597,52.74875949212597,58.58078644237224,0.0209324231464737,0.0170769258589511,0.0040227958431109,0.0024588904256954,0.0123260052297479,1.247074783788367,0.0,0.9060102992234548,0.0,0.0,0.0,0.1593583389030939,0.4615542236565749,0.0995552860319385,0.0214655936816607,0.32138415887908,0.0083158873558997,11.15740281795924,0.0861739572293793,0.1101287222909333,-2.3020569620253166,1457000000.0,2922000000.0,-235000000.0,12611000000.0,,,,70.62614114989876,31.911555758492533,66.73111899617624,1.2743156929525803,2.820294964028777,1.3486961009174312,0.0970133255112303,0.0660822784810126,2011-12-30,,bmo,,2025-04-23,2011-12-31,,,
2011-09-30,ABBV,USD,1551152,2011-09-30,2011-09-29 20:00:00,2011,Q3,4408681000.0,1148681000.0,3260000000.0,0.7394501893,665521000,0.0,0.0,2540866000.0,0.0,3206387000.0,4355068000.0,0.0,0.0,315233000.0,368846000.0,0.0836635719,53613000.0,0.0121607801,17960000.0,71573000.0,0.0162345609,59238000.0,12335000.0,0.002797889,0.0078,0.0078,1580000000,1580000000,,,2.790304430379747,0.0078069620253164,1.1198835443037976,1.079903164556962,,,,,,55300000000.0,,1120.7944872314554,12.543434192675768,31.25324965977475,32.41031339542282,0.0,0.0,,,,,0.0002230560578661,0.0308543761301989,0.0,0.0,,0.0,0.0,143.44677746250505,0.0,0.0,0.0,0.1509569415432869,0.0,0.0357004797062985,0.0143283217815033,0.2003882842215123,0.005432010163584,,0.0,0.0,,,,,,,,,,,,0.0,0.0,0.0,0.0,0.0399803797468354,2011-09-29,,bmo,,2025-04-23,2011-09-30,,,
2011-06-30,ABBV,USD,1551152,2011-06-30,2011-06-29 20:00:00,2011,Q2,4274445000.0,1107338000.0,3167107000.0,0.7409399349,589759000,0.0,0.0,1041004000.0,0.0,1630763000.0,2738101000.0,0.0,0.0,317610000.0,1681454000.0,0.3933736427,1363844000.0,0.3190692593,16888000.0,1380732000.0,0.3230201816,-159299000.0,1540031000.0,0.3602879438,0.97,0.97,1580000000,1580000000,,,2.705344936708861,0.974703164556962,1.3588987341772152,1.3012481012658228,,,,,,55300000000.0,,8.97709201957623,12.937352100682077,25.756150270602596,26.897253464541347,0.0,0.0,,,,,0.0278486618444846,0.0371785171790235,0.0,0.0,,0.0,0.0,1.3941667407993734,0.0,0.0,0.0,0.1379732339520101,0.0,0.0424245246988905,0.0213099010514815,0.2867919775825698,0.0056517278851406,,0.0,0.0,,,,,,,,,,,,0.0,0.0,0.0,0.0,0.0576506329113924,2011-06-29,,bmo,,2025-04-23,2011-06-30,,,
2011-03-31,ABBV,USD,1551152,2011-03-31,2011-03-30 20:00:00,2011,Q1,3896762000.0,1207311000.0,2689451000.0,0.6901758434,587097000,1177918000.0,0.0,1177918000.0,0.0,1765015000.0,2972326000.0,0.0,0.0,314475000.0,1138911000.0,0.2922711215,824436000.0,0.2115695031,33886000.0,858322000.0,0.2202654409,135123000.0,723199000.0,0.1855897281,0.45,0.45,1616000000,1625000000,,,2.4113626237623764,0.4475241336633663,0.7931435643564356,0.7332128712871288,,,,,,56560000000.0,,19.55201818586585,14.514614954672624,44.12820272758481,47.73511400387552,0.0,0.0,,,,,0.0127864038189533,0.0209489391796322,0.0,0.0,,0.0,0.0,1.772292273634228,0.0,0.0,0.3022812273369531,0.150662781047444,0.0,0.0755609649533439,0.0248534552533616,0.3079672469989665,0.0190981640654471,,0.0,0.0,,,,,,,,,,,,0.0,0.0,0.0,0.0,0.0599306930693069,2011-03-30,,bmo,,2025-04-23,2011-03-31,,,
