date,symbol,reportedCurrency,cik,fillingDate,acceptedDate,calendarYear,period,revenue,costOfRevenue,grossProfit,grossProfitRatio,researchAndDevelopmentExpenses,generalAndAdministrativeExpenses,sellingAndMarketingExpenses,sellingGeneralAndAdministrativeExpenses,otherExpenses,operatingExpenses,costAndExpenses,interestIncome,interestExpense,depreciationAndAmortization,ebitda,ebitdaratio,operatingIncome,operatingIncomeRatio,totalOtherIncomeExpensesNet,incomeBeforeTax,incomeBeforeTaxRatio,incomeTaxExpense,netIncome,netIncomeRatio,eps,epsdiluted,weightedAverageShsOut,weightedAverageShsOutDil,link,finalLink,revenuePerShare,netIncomePerShare,operatingCashFlowPerShare,freeCashFlowPerShare,cashPerShare,bookValuePerShare,tangibleBookValuePerShare,shareholdersEquityPerShare,interestDebtPerShare,marketCap,enterpriseValue,peRatio,priceToSalesRatio,pocfratio,pfcfRatio,pbRatio,ptbRatio,evToSales,enterpriseValueOverEBITDA,evToOperatingCashFlow,evToFreeCashFlow,earningsYield,freeCashFlowYield,debtToEquity,debtToAssets,netDebtToEBITDA,currentRatio,interestCoverage,incomeQuality,dividendYield,payoutRatio,salesGeneralAndAdministrativeToRevenue,researchAndDdevelopementToRevenue,intangiblesToTotalAssets,capexToOperatingCashFlow,capexToRevenue,capexToDepreciation,stockBasedCompensationToRevenue,grahamNumber,roic,returnOnTangibleAssets,grahamNetNet,workingCapital,tangibleAssetValue,netCurrentAssetValue,investedCapital,averageReceivables,averagePayables,averageInventory,daysSalesOutstanding,daysPayablesOutstanding,daysOfInventoryOnHand,receivablesTurnover,payablesTurnover,inventoryTurnover,roe,capexPerShare,report_date,epsEstimated,time,revenueEstimated,updatedFromDate,fiscalDateEnding,surprise(%),QuarterAvgPrice,QuarterAvgVolume
2025-03-30,ACGL,USD,947484,2025-03-30,2025-03-30 18:00:00,2025,Q1,4620000000.0,-53000000.0,4673000000.0,1.0114718615,0,60000000.0,0.0,60000000.0,0.0,60000000.0,60000000.0,0.0,0.0,-27000000.0,660000000.0,0.1428571429,4613000000.0,0.9984848485,-3988000000.0,625000000.0,0.1352813853,121000000.0,574000000.0,0.1242424242,1.51,1.48,387837837,381900000,,,11.912195147684882,1.4800000031972125,3.759303144009644,3.736097569046622,3.060557497900856,55.551568064257744,47.576585468632345,55.551568064257744,7.03386761101393,37302243162.66,38843243162.66,16.24662158652439,8.074078606636364,25.584528918148152,25.743439035652177,1.7313642683991646,1.7313642683991646,8.407628390186147,58.85339873130304,26.641456215816188,26.80693109914424,0.015387814547694,0.0388448489191788,0.1266187050359712,0.0362881770777907,2.334848484848485,0.0,0.0,2.5400696864111496,0.0004021205892254,0.0261324041811846,0.0129870129870129,0.0,0.0411434500372459,0.0061728395061728,0.0019480519480519,0.1836734693877551,0.0,43.01008277760009,0.0494828562307119,0.0079630426036652,-135.2214637067502,1187000000.0,18452000000.0,-52444000000.0,4280000000.0,8027500000.0,2151000000.0,0.0,0.0,0.0,0.0,0.0,0.0,0.0,0.0266419122766303,0.0232055749630224,2025-04-29,1.32,amc,4561443440.0,2025-05-11,2025-03-30,0.1666666666666666,92.2855,1852798.5166666664
2024-12-31,ACGL,USD,947484,2025-02-27,2025-02-27 16:14:56,2024,Q4,4510000000.0,0.0,4510000000.0,1.0,0,0.0,0.0,0.0,3573000000.0,3573000000.0,3573000000.0,0.0,37000000.0,99000000.0,1073000000.0,0.2379157428,937000000.0,0.2077605322,64000000.0,1001000000.0,0.2219512195,66000000.0,935000000.0,0.2073170732,2.48,2.42,373300000,382800000,https://www.sec.gov/Archives/edgar/data/947484/000094748425000017/0000947484-25-000017-index.htm,https://www.sec.gov/Archives/edgar/data/947484/000094748425000017/acgl-20241231.htm,12.081435842485936,2.5046879185641577,4.213769086525582,4.178944548620413,24.74685239753549,55.77283686043397,52.153763728904366,55.77283686043397,7.406911331368872,34474255000.0,36223255000.0,9.21771524064171,7.643958980044346,21.916246026700573,22.09888141025641,1.6558239673390969,1.6558239673390969,8.031763858093127,33.75885834109972,23.028134138588683,23.220035256410256,0.027121688343954,0.0452511591621051,0.1310278578290105,0.0384734719205709,1.630009319664492,0.0,25.324324324324323,1.6823529411764706,0.0544174196077623,2.006417112299465,0.0,0.0,0.0190533946351507,0.0082644628099173,0.0028824833702882,0.1313131313131313,0.0073170731707317,56.06340062856088,0.0,0.0134425993817842,-77.16782748459684,0.0,19469000000.0,-50086000000.0,1351000000.0,16222500000.0,4485000000.0,0.0,320.3880266075388,0.0,0.0,0.2809093740267829,0.0,0.0,0.0449087415946205,0.0348245379051701,2025-02-10,1.9,amc,4015401339.0,2025-05-10,2024-12-31,0.1894736842105262,100.9453125,1936915.53125
2024-09-30,ACGL,USD,947484,2024-09-30,2024-09-28 20:00:00,2024,Q3,4551000000.0,0.0,4551000000.0,1.0,0,0.0,0.0,0.0,4480000000.0,4480000000.0,4480000000.0,0.0,35000000.0,88000000.0,1085000000.0,0.2384091408,977000000.0,0.2146780927,73000000.0,1050000000.0,0.2307185234,98000000.0,988000000.0,0.2170951439,2.62,2.56,373200000,382300000,,,12.194533762057878,2.647374062165059,5.407288317256163,5.37513397642015,27.44908896034298,59.68381564844587,55.70203644158628,59.68381564844587,7.40085744908896,41753616000.0,43455616000.0,10.565186234817814,9.174602504943968,20.690592666005944,20.814364905284148,1.8745450300799136,1.8745450300799136,9.548586244781369,40.05125898617512,21.534001982160557,21.66281954137587,0.0236626212206387,0.0480437430856288,0.1224297387088084,0.0370234604105571,1.568663594470046,0.0,27.914285714285715,2.04251012145749,0.0002395002147837,0.0101214574898785,0.0,0.0,0.0201748669490604,0.0059464816650148,0.002636783124588,0.1363636363636363,0.003515710832784,59.624836882557375,0.0,0.0136898988499376,-77.29233654876742,0.0,20788000000.0,-51382000000.0,1486000000.0,11329000000.0,4639500000.0,0.0,324.12656558998026,0.0,0.0,0.2776693105552166,0.0,0.0,0.0443566490078118,0.0321543408360128,2024-10-30,1.96,amc,3925328973.0,2025-04-25,2024-09-30,0.0153061224489796,104.0015625,1366176.125
2024-06-30,ACGL,USD,947484,2024-08-06,2024-08-06 16:38:04,2024,Q2,4062000000.0,373000000.0,3689000000.0,0.9081733136,0,23000000.0,0.0,23000000.0,-1047000000.0,1047000000.0,-2874000000.0,0.0,35000000.0,27000000.0,1216000000.0,0.2993599212,1373000000.0,0.3380108321,-3052000000.0,1154000000.0,0.2840965042,97000000.0,1269000000.0,0.3124076809,3.38,3.3,372700000,381600000,https://www.sec.gov/Archives/edgar/data/947484/000094748424000105/0000947484-24-000105-index.htm,https://www.sec.gov/Archives/edgar/data/947484/000094748424000105/acgl-20240630.htm,10.898846257043198,3.404883284142742,4.072980949825597,4.043466595116716,10.609068956265093,55.44674000536624,53.501475717735445,55.44674000536624,7.410786155084518,37512255000.0,39219255000.0,7.390121158392436,9.234922451994091,24.71163043478261,24.892007299270077,1.815255504476168,1.815255504476168,9.655158788774004,32.25267680921053,25.836136363636363,26.02472130059721,0.0338289447008717,0.0401735379544631,0.1319622550205662,0.0416558466356068,1.403782894736842,0.0,39.22857142857143,1.1962174940898345,0.0002665795484702,0.007880220646178,0.0056622353520433,0.0,0.011074620025968,0.0072463768115942,0.0027080256031511,0.4074074074074074,0.0039389463318562,65.17490130104383,0.0209336971189248,0.0196014828544949,-96.98148645022806,18312000000.0,19940000000.0,-26488000000.0,19037000000.0,6016500000.0,4509000000.0,-3379000000.0,138.87740029542095,1112.5737265415548,0.0,0.6480536056158264,0.0808935155063977,0.0,0.0614081780788773,0.0295143547088811,2024-07-30,2.21,amc,3869913968.0,2025-04-25,2024-06-30,0.1628959276018099,97.23984126984126,1725559.2698412698
2024-03-31,ACGL,USD,947484,2024-05-09,2024-05-09 16:22:50,2024,Q1,3842000000.0,384000000.0,3458000000.0,0.9000520562,0,46000000.0,0.0,46000000.0,-1044000000.0,1044000000.0,-2772000000.0,8000000.0,34000000.0,21000000.0,1122000000.0,0.2920353982,1176000000.0,0.3060905778,-2828000000.0,1067000000.0,0.2777199375,101000000.0,1120000000.0,0.291514836,2.99,2.92,370900000,380500000,https://www.sec.gov/Archives/edgar/data/947484/000094748424000073/0000947484-24-000073-index.htm,https://www.sec.gov/Archives/edgar/data/947484/000094748424000073/acgl-20240331.htm,10.358587220275007,3.019681854947425,4.216770018873012,4.176327851172823,11.628471286060932,52.18926934483688,50.09166891345376,52.18387705581019,7.444055001348072,34237779000.0,35364779000.0,7.642361383928572,8.911446902654868,21.89116304347825,22.10314977404777,1.7689371738568844,1.7689371738568844,9.204783706402916,31.51941087344029,22.611751278772378,22.830715945771463,0.0327124022852066,0.0452424206605224,0.1408938258847843,0.0519013360739979,1.0044563279857397,0.5815765998403681,34.588235294117645,1.3964285714285714,0.0002920750204036,0.0089285714285714,0.0119729307652264,0.0,0.0148072018575615,0.0095907928388746,0.0039042165538781,0.7142857142857143,0.0176991150442477,59.54427680298368,0.0340774665296347,0.0216366586817092,-75.29590186033971,-8912000000.0,18579000000.0,-20798000000.0,18894000000.0,5204500000.0,4112000000.0,-14153000000.0,135.04685059864653,1032.890625,-1583.9062499999998,0.6664353859496964,0.0871341048332198,-0.0568215448357502,0.0578661844484629,0.0404421677001887,2024-04-29,2.1,amc,3765968245.0,2025-04-25,2024-03-31,0.1666666666666667,84.54737704918033,1753000.426229508
2023-12-31,ACGL,USD,947484,2024-02-23,2024-02-23 15:13:41,2023,Q4,3873000000.0,383000000.0,3490000000.0,0.9011102505,0,31000000.0,0.0,31000000.0,-1057000000.0,1057000000.0,-2694000000.0,0.0,34000000.0,24000000.0,1144000000.0,0.2953782597,172000000.0,0.0444100181,-2691000000.0,1086000000.0,0.2804027885,-1076000000.0,2334000000.0,0.6026336174,6.29,6.12,369600000,379800000,https://www.sec.gov/Archives/edgar/data/947484/000094748424000020/0000947484-24-000020-index.htm,https://www.sec.gov/Archives/edgar/data/947484/000094748424000020/acgl-20231231.htm,10.478896103896105,6.314935064935065,4.50487012987013,4.464285714285714,10.99025974025974,49.66179653679654,47.68398268398269,49.65638528138528,7.889610389610389,27450192000.0,28834192000.0,2.9402519280205657,7.087578621223858,16.4866018018018,16.63648,1.4956787446194082,1.4956787446194082,7.444924348050606,25.20471328671329,17.317833033033033,17.47526787878788,0.0850267276819047,0.0601088691838658,0.1570315479758077,0.0580206152359478,1.2097902097902098,0.5401128251210624,5.0588235294117645,0.7133676092544987,0.0003642961768719,0.0042844901456726,0.0080041311644719,0.0,0.0147165405057175,0.009009009009009,0.0038729666924864,0.625,0.0051639555899819,83.99689931036306,0.0115521138376407,0.0476900758055617,-93.46861471861472,-9212000000.0,17624000000.0,-20498000000.0,-8356000000.0,9103500000.0,3919500000.0,-16149500000.0,107.91634391944228,896.9451697127937,-5063.498694516971,0.8339793281653747,0.1003405816085931,-0.0177742713940969,0.1271726693183675,0.0405844155844155,2024-02-14,1.94,amc,3187120000.0,2025-04-25,2023-12-31,0.2835051546391754,81.72428571428571,1957313.650793651
2023-09-30,ACGL,USD,947484,2023-11-09,2023-11-09 15:07:17,2023,Q3,3292000000.0,334000000.0,2958000000.0,0.8985419198,0,20000000.0,0.0,20000000.0,-2518000000.0,-2498000000.0,2551000000.0,34000000.0,34000000.0,24000000.0,740000000.0,0.2247873633,794000000.0,0.2411907655,687000000.0,741000000.0,0.22509113,72000000.0,723000000.0,0.2196233293,1.93,1.88,369200000,379400000,https://www.sec.gov/Archives/edgar/data/947484/000094748423000102/0000947484-23-000102-index.htm,https://www.sec.gov/Archives/edgar/data/947484/000094748423000102/acgl-20230930.htm,8.916576381365113,1.9582881906825569,5.335861321776815,5.306067172264355,67.78439869989165,41.28114842903575,39.2795232936078,41.275731310942575,7.475622968580715,29428932000.0,31295932000.0,10.175979253112033,8.939529769137302,14.938544162436548,15.022425727411942,1.931158999934379,1.931158999934379,9.506662211421627,42.2918,15.886259898477157,15.975462991322102,0.0245676601515814,0.0665671455559447,0.1788831288142266,0.0493599145345573,2.522972972972973,9.59448035803083,23.352941176470587,2.7247579529737207,0.0003398016618475,0.0138312586445366,0.0060753341433778,0.0,0.0133811360385318,0.0055837563451776,0.0033414337788578,0.4583333333333333,0.0045565006075334,42.64586717057252,0.0109245969464041,0.0132689766554103,-27.52776273022752,34567000000.0,14502000000.0,-1397000000.0,67810000000.0,13668500000.0,3988500000.0,-10888500000.0,370.7989064398542,1083.7724550898204,-2896.9760479041915,0.2427191624271916,0.0830432620586772,-0.0310668774997674,0.0474440580090557,0.0297941495124593,2023-10-30,1.61,amc,3248588969.0,2025-04-25,2023-09-30,0.4347826086956521,77.8236507936508,1842828.492063492
2023-06-30,ACGL,USD,947484,2023-08-02,2023-08-02 15:00:46,2023,Q2,3088000000.0,337000000.0,2751000000.0,0.8908678756,0,21000000.0,0.0,21000000.0,-2380000000.0,-2359000000.0,2374000000.0,33000000.0,33000000.0,24000000.0,702000000.0,0.2273316062,729000000.0,0.2360751295,692000000.0,714000000.0,0.2312176166,67000000.0,671000000.0,0.2172927461,1.79,1.75,368700000,378400000,https://www.sec.gov/Archives/edgar/data/947484/000094748423000078/0000947484-23-000078-index.htm,https://www.sec.gov/Archives/edgar/data/947484/000094748423000078/acgl-20230630.htm,8.375372931922973,1.81990778410632,3.1217792243016,3.081095741795498,65.20206129644697,39.71521562245728,37.61323569297531,39.70979115812314,7.48304854895579,27597195000.0,29419195000.0,10.28211438152012,8.93691547927461,23.976711555169416,24.293305457746477,1.884925551533365,1.884925551533365,9.526941386010362,41.90768518518518,25.559682884448303,25.897178697183097,0.0243140652519214,0.0411636037648029,0.1861894679325182,0.050616458704694,2.5954415954415957,9.561061946902656,22.09090909090909,1.7204783258594918,0.0003623556669436,0.014903129657228,0.006800518134715,0.0,0.0143902257872846,0.0130321459600347,0.0048575129533678,0.625,0.0055051813471502,40.32410638517429,0.0103659741863698,0.0126410580056894,-28.086520206129645,33859000000.0,13868000000.0,-1399000000.0,65821000000.0,13324500000.0,3763000000.0,-10402000000.0,401.4443005181347,1056.231454005935,-2944.629080118694,0.2241905038478292,0.0852085967130214,-0.030564121168148,0.0458302028549962,0.0406834825061025,2023-07-26,1.58,amc,3022160000.0,2025-04-25,2023-06-30,0.2151898734177214,72.30693548387096,1881324.1290322584
2023-03-31,ACGL,USD,947484,2023-05-04,2023-05-04 12:04:41,2023,Q1,3102000000.0,342000000.0,2760000000.0,0.8897485493,0,30000000.0,0.0,30000000.0,-905000000.0,2787000000.0,2360000000.0,32000000.0,32000000.0,23000000.0,749000000.0,0.2414571244,811000000.0,0.2614442295,703000000.0,742000000.0,0.2392005158,64000000.0,715000000.0,0.2304964539,1.92,1.87,367300000,377600000,https://www.sec.gov/Archives/edgar/data/947484/000094748423000057/0000947484-23-000057-index.htm,https://www.sec.gov/Archives/edgar/data/947484/000094748423000057/acgl-20230331.htm,8.445412469371087,1.9466376259188671,2.621835012251565,2.591886741083583,65.08848352845085,38.113258916417095,35.97604138306561,38.08331064524912,7.508848352845086,24928651000.0,26851651000.0,8.71631153846154,8.03631560283688,25.88644963655244,26.185557773109245,1.7821454818415787,1.7821454818415787,8.656238233397808,35.85000133511348,27.883334371754938,28.20551575630252,0.028681856872239,0.0381889898494708,0.194881326851587,0.0533432479502181,2.567423230974633,10.300196023522822,25.34375,1.343096234309623,0.0004011448513599,0.0139860139860139,0.0096711798839458,0.0,0.0153611333972565,0.0114226375908618,0.0035460992907801,0.4782608695652174,0.0132172791747259,40.841451026940334,0.0119502752337523,0.0142096267737191,-22.95058535257283,33211000000.0,13214000000.0,-322000000.0,33996000000.0,6437500000.0,3417500000.0,-4889000000.0,373.54932301740814,939.7368421052632,-2573.157894736842,0.2409320388349514,0.0957714925791095,-0.0349764778073225,0.0511152416356877,0.0299482711679825,2023-04-26,1.45,amc,3125130000.0,2025-04-25,2023-03-31,0.1931034482758621,65.71193548387096,2106841.419354839
2022-12-31,ACGL,USD,947484,2023-02-24,2023-02-24 13:13:42,2022,Q4,2950310000.0,1208271000.0,1742039000.0,0.5904596466,0,17820000.0,0.0,17820000.0,835608000.0,853428000.0,2062829000.0,5877000.0,31700000.0,25722000.0,904552000.0,0.3065955781,952307000.0,0.3227820127,927832000.0,887481000.0,0.3008094065,60919000.0,859688000.0,0.2913890405,2.32,2.32,365902520,365902520,https://www.sec.gov/Archives/edgar/data/947484/000094748423000015/0000947484-23-000015-index.htm,https://www.sec.gov/Archives/edgar/data/947484/000094748423000015/acgl-20221231.htm,8.063103801526156,2.349500079966653,2.682435748187796,2.6461173320150952,59.7688395258934,35.31241599538588,33.11431962808018,35.28282068131151,7.535094319656503,22971360205.6,24841652205.6,6.680144484278018,7.78608356599815,23.40410205255168,23.725327384553736,1.779336197835597,1.779336197835597,8.420014237690278,27.46293436485686,25.30962721276401,25.657006205814582,0.0374243402352127,0.0421490495701671,0.2111072493548255,0.056790606525578,2.0676445356375317,0.0057216773905351,30.041230283911677,1.1376027482996982,0.0004433346527524,0.011846158141093,0.0060400432496924,0.0,0.0167593353410498,0.0135393424417479,0.0045042724323884,0.5166394526086618,0.0025756615406516,43.18775608056392,-0.3633594182618909,0.018219048621358,-36.075280377954215,-3245228000.0,12116613000.0,-35050930000.0,-2317856000.0,1789690000.0,3335840500.0,-18144111500.0,0.0,243.1242659966183,0.0,0.0,0.3701810661764705,0.0,0.0665904832606291,0.0363184161727008,2023-02-13,1.34,amc,2421761033.0,2025-04-25,2022-12-31,0.5970149253731343,55.82746031746032,3889463.476190476
2022-09-30,ACGL,USD,947484,2022-11-03,2022-11-03 14:47:53,2022,Q3,2495619000.0,300851000.0,2194768000.0,0.8794483453,0,17710000.0,0.0,17710000.0,274747000.0,274747000.0,2500768000.0,4261000.0,33063000.0,26104000.0,72879000.0,0.0292027749,65064000.0,0.0260712873,-5507000.0,-5149000.0,-0.0020632156,-14900000.0,9751000.0,0.0039072471,0.0267,0.0261,365200000,373727277,https://www.sec.gov/Archives/edgar/data/947484/000094748422000077/0000947484-22-000077-index.htm,https://www.sec.gov/Archives/edgar/data/947484/000094748422000077/acgl-20220930.htm,6.833567907995619,0.0267004381161007,3.778064074479737,3.738214676889376,59.37852135815992,32.32206462212486,30.113261226725083,32.297672508214674,7.552617743702081,16631208000.0,18542778000.0,426.39749769254433,6.664161476571544,12.05379239267432,12.182285913524504,1.410008723954249,1.410008723954249,7.430131762901309,254.4323879306796,13.43924003568765,13.582502439210192,0.0005863073806785,0.0820864004587039,0.2310409144128372,0.0588114656453282,26.229366484172395,1.8586892376369737,1.967879502767444,75.56955854967686,0.0006123427714932,1.0444057019792845,0.0070964357940855,0.0,0.0174084034254708,0.0105475706088571,0.0058314189786181,0.5575007661661048,0.0056098306672613,4.4049001279532645,-0.033009048100298,0.0002141643716274,-77.51266840087624,2926139000.0,10997363000.0,-28199266000.0,3732794000.0,7455045500.0,3401702000.0,-22930905000.0,129.0838866028829,1019.412566353444,-10855.672974329484,0.6972210271052529,0.0882861394596501,-0.0082905960978028,0.0008266985216755,0.0398493975903614,2022-10-26,0.24,amc,2451298055.0,2025-04-25,2022-09-30,0.1666666666666668,45.17609375,1547605.734375
2022-06-30,ACGL,USD,947484,2022-08-03,2022-08-03 15:37:57,2022,Q2,2244556000.0,304599000.0,1939957000.0,0.8642943192,0,27620000.0,0.0,27620000.0,-745538000.0,1905603000.0,1822928000.0,0.0,33000000.0,27207000.0,423569000.0,0.188709482,459462000.0,0.2047006179,483638000.0,421628000.0,0.187844723,22323000.0,394000000.0,0.1755358298,1.07,1.04,369200000,377952988,https://www.sec.gov/Archives/edgar/data/947484/000094748422000060/0000947484-22-000060-index.htm,https://www.sec.gov/Archives/edgar/data/947484/000094748422000060/acgl-20220630.htm,6.079512459371614,1.067172264355363,2.444217226435536,2.4115520043336947,57.96083423618635,33.65662242686891,31.30555525460455,33.63371072589383,7.469924160346696,16794908000.0,18706256000.0,10.656667512690357,7.482507899112341,18.611275425114,18.86337094047813,1.3525120784540223,1.3525120784540223,8.334056267698378,44.163420835802434,20.729335497919447,21.010120795871263,0.0234594914125162,0.0530127941159308,0.2194388175589322,0.0596007007472616,4.512483208166792,9.63855149551362,13.92309090909091,2.233979873497629,0.0005954185637694,0.0253807106598984,0.0123053289826584,0.0,0.0189857677718465,0.013364287653548,0.0053730002726597,0.443268276546477,0.0093559706240343,28.418157448461905,0.007875523479055,0.0087846072277251,-22.16356784940412,29334128000.0,11558011000.0,-563318000.0,30202142000.0,11152707000.0,3360279500.0,-9390405000.0,454.3277111375256,1003.335762756936,-2828.711945869816,0.1980948944863212,0.0897007794805406,-0.0318166012383864,0.0317292454898166,0.0326652221018418,2022-07-27,1.09,amc,2448981072.0,2025-04-25,2022-06-30,0.2293577981651376,46.35903225806452,1955415.9677419355
2022-03-31,ACGL,USD,947484,2022-05-04,2022-05-04 17:08:40,2022,Q1,1909372000.0,317110000.0,1592262000.0,0.8339192153,0,32332000.0,0.0,32332000.0,-1701577000.0,-1669245000.0,1724839000.0,0.0,33000000.0,27167000.0,208103000.0,0.1089902858,240127000.0,0.1257622925,247064000.0,184533000.0,0.0966459129,11619000.0,186000000.0,0.0974142283,0.5,0.48,374200000,384194363,https://www.sec.gov/Archives/edgar/data/947484/000094748422000037/0000947484-22-000037-index.htm,https://www.sec.gov/Archives/edgar/data/947484/000094748422000037/acgl-20220331.htm,5.102544094067344,0.4970603955104222,1.4739791555318011,1.442525387493319,58.249508284339925,34.5519828968466,32.076229289150184,34.525892570817746,7.369433458043827,18118764000.0,20030489000.0,24.35317741935484,9.48938394404024,32.84985396047233,33.566133684579086,1.4024257273199634,1.4024257273199634,10.49061628640202,96.2527642561616,36.31586781564391,37.10772277521198,0.0102656008986043,0.029791932827206,0.2108923124412084,0.0596489671020854,9.18643652422118,9.85662721409417,7.276575757575758,2.793685927306617,0.0005519140268066,0.053763440860215,0.0169333162945722,0.0,0.0202817154126977,0.0213393574260782,0.0061643304709611,0.4332462178378179,0.0237664530536741,19.650259816947024,0.0040304356098224,0.0041562839639347,-19.57297501336184,29446833000.0,12002925000.0,23080000.0,57402979000.0,10658704500.0,3370108000.0,-8631504000.0,517.3026890516882,943.6323042477374,-2613.13131090158,0.1739793778474005,0.0953761328378302,-0.0344414379884141,0.0143967428066016,0.031453768038482,2022-04-27,1.13,amc,2666271615.0,2025-04-25,2022-03-31,-0.0265486725663715,46.490161290322575,1873695.9032258063
2021-12-31,ACGL,USD,947484,2022-02-25,2022-02-25 10:08:14,2021,Q4,2249017000.0,-5593084000.0,7842101000.0,3.4869016108,0,18150000.0,0.0,18150000.0,7964744000.0,7903737000.0,1631577000.0,0.0,32248000.0,33132000.0,615688000.0,0.2737587133,689919000.0,0.3067646888,352747000.0,617440000.0,0.2745377203,34406000.0,613081000.0,0.2725995402,1.62,1.58,379431442,388869378,https://www.sec.gov/Archives/edgar/data/947484/000094748422000015/0000947484-22-000015-index.htm,https://www.sec.gov/Archives/edgar/data/947484/000094748422000015/acgl-20211231.htm,5.927334298247218,1.6157886040451015,2.108428325768533,2.0900139319503204,59.02426768311942,35.72484380458908,33.234320101495435,35.70051002784319,7.265191270047673,16865727596.900002,18731453596.9,6.87744669827478,7.4991552295514,21.08205408585457,21.26780081246682,1.245080251383888,1.245080251383888,8.328729216764481,30.423613253628464,23.414199925125377,23.62049438650117,0.0363506997535455,0.0470194360393772,0.2011232036625705,0.0604065834984167,3.030310806772261,9.585571444465916,21.394163979161497,1.2827257786507396,0.0006038280851797,0.0166111818829812,0.0080701924440766,0.0,0.0209526208375456,0.0087337063314683,0.0031066906119429,0.210883737776168,0.0065766510435448,36.026389471964926,0.0116296814788685,0.0138844444154562,-14.287208175014658,29322989000.0,12610146000.0,1192553000.0,30374808000.0,6575213000.0,3323891500.0,-21871173500.0,413.8890635330903,-54.957908731569205,129.62806387316908,0.2174495726746946,-1.6376168976804923,0.6942941004507941,0.0452595383871247,0.0184143938182118,2022-02-09,1.0,amc,2086896725.0,2025-04-25,2021-12-31,0.27,42.43265625,1680644.46875
2021-09-30,ACGL,USD,947484,2021-11-04,2021-11-04 15:31:22,2021,Q3,2031884000.0,250967000.0,1780917000.0,0.8764855671,0,19672000.0,0.0,19672000.0,-576654000.0,1726118000.0,1730451000.0,0.0,33176000.0,20135000.0,249346000.0,0.1227166511,124119000.0,0.0610856722,177314000.0,301433000.0,0.1483514807,4137000.0,388751000.0,0.1913253906,1.0,0.98,389274220,397903347,https://www.sec.gov/Archives/edgar/data/947484/000094748421000145/0000947484-21-000145-index.htm,https://www.sec.gov/Archives/edgar/data/947484/000094748421000145/acgl-20210930.htm,5.219672651325331,0.9986559089374066,2.60736249115084,2.579562037270282,58.48496466064462,34.41728815229531,31.94262646008256,34.39099049508082,7.083245841453359,14862489719.6,16448917719.6,9.557846616214492,7.31463494943609,14.64314997610788,14.800962120066885,1.1101744803035305,1.1101744803035305,8.095401961726163,65.96824380419177,16.206165565592983,16.380822639885995,0.0261565193540441,0.0675631754130508,0.2034841239524016,0.0608289804137823,6.362355923094816,2.1703376713856533,3.74122859898722,2.4085023077014345,0.0011633986180119,0.0444783421778979,0.0096816550551114,0.0,0.0215105323057459,0.0106622895646116,0.0053260914501024,0.5374720635708965,0.0072538589801386,27.79851132925573,0.0255271204517239,0.0088714588593343,-62.56970985646057,3783003000.0,12434441000.0,-24370567000.0,4746325000.0,2837149000.0,3099463500.0,-35741926000.0,124.36477672938022,1159.1813664744768,-12797.660967378182,0.7236775746869346,0.0776409995907069,-0.0070325351038298,0.0290383002804252,0.0278004538805575,2021-10-27,0.36,amc,1417473101.0,2025-04-25,2021-09-30,1.0555555555555556,39.6078125,1846873.546875
2021-06-30,ACGL,USD,947484,2021-08-05,2021-08-05 14:41:29,2021,Q2,2430035000.0,260229000.0,2169806000.0,0.892911419,0,15951000.0,0.0,15951000.0,-611323000.0,2285291000.0,1684668000.0,0.0,35700000.0,15286000.0,674167000.0,0.2774309835,24476000.0,0.0100722829,-1807454000.0,745367000.0,0.306730973,51179000.0,663820000.0,0.2731730201,1.67,1.63,397743402,406485994,https://www.sec.gov/Archives/edgar/data/947484/000094748421000113/0000947484-21-000113-index.htm,https://www.sec.gov/Archives/edgar/data/947484/000094748421000113/acgl-20210630.htm,6.109554521284052,1.668965460299452,2.1363698196557386,2.1084749508930885,58.45477984823994,37.61842163757627,35.94107640282113,35.163555019826575,7.676092135401406,15488128073.88,17271484073.879997,5.83295474446386,6.373623455579858,18.227181287495867,18.468324692928483,1.107396563801473,1.107396563801473,7.1075042433051365,25.61899955631171,20.325921235738065,20.594830717024863,0.0428599245069196,0.0541467629916047,0.2157442775927365,0.06491593305831,2.645273352151618,2.0335749249490185,0.6856022408963586,1.1823703427470973,0.0006716111818278,0.0156699105179114,0.0065641029861709,0.0,0.0143529675194332,0.0130571348209483,0.0045657778591666,0.7258275546251471,0.0068937278681171,36.338025163211256,0.0055271780552945,0.0144892255510907,-60.38595581781643,3227039000.0,14295326000.0,-25170157000.0,3894192000.0,2742376500.0,2905578500.0,-17898645000.0,106.16802638645125,1025.9700494564402,-12380.465282501182,0.8477128478625037,0.0877218589837803,-0.0072695167706829,0.0474629331237534,0.0278948687626501,2021-07-28,0.9,amc,2224130000.0,2025-04-25,2021-06-30,0.111111111111111,39.5915873015873,1669922.4444444445
2021-03-31,ACGL,USD,947484,2021-05-06,2021-05-06 14:43:28,2021,Q1,2214171000.0,275435000.0,1938736000.0,0.8756035555,0,25384000.0,0.0,25384000.0,-605300000.0,1914902000.0,1775060000.0,0.0,38346000.0,14402000.0,420173000.0,0.1897653795,75457000.0,0.0340791204,363654000.0,439111000.0,0.1983184677,38860000.0,427753000.0,0.1931887826,1.07,1.05,400807895,409223253,https://www.sec.gov/Archives/edgar/data/947484/000094748421000051/0000947484-21-000051-index.htm,https://www.sec.gov/Archives/edgar/data/947484/000094748421000051/acgl-20210331.htm,5.524269924872613,1.0672269816441615,1.9032683974451152,1.872106336627925,52.23104949067932,35.006810432214664,33.31146209083531,32.675184704133635,7.623230575335848,15378998931.15,17454152931.15,8.9882472660332,6.945714188809265,20.160057326390024,20.495630643028967,1.1742856344174215,1.1742856344174215,7.882929065167054,41.54039629188453,22.880339952611607,23.26119360989132,0.0278140990785551,0.0487908870635372,0.2303754018639523,0.068253705009971,4.938808538387759,1.6097467570969906,1.967793250925781,1.6035992667770986,0.0006764419483071,0.024320109970006,0.0114643358620449,0.0,0.0153720227958988,0.0163729197936671,0.0056409373982406,0.8672406610193029,0.0184321807123298,28.01100447672852,0.0253351968160639,0.0098278088071161,-18.15087187840948,1829436000.0,13351497000.0,-25343504000.0,2508945000.0,2341380500.0,2761729000.0,0.0,106.42165848979144,929.50049921034,0.0,0.8456925148242573,0.0968261986695647,0.0,0.0326616969822101,0.0311620608171902,2021-04-27,0.5,amc,1522824022.0,2025-04-25,2021-03-31,0.1799999999999999,35.58409836065574,3011799.081967213
2020-12-31,ACGL,USD,947484,2021-02-26,2021-02-26 14:22:35,2020,Q4,2224947000.0,-5139310000.0,7364257000.0,3.3098572685,0,25335000.0,0.0,25335000.0,56622000.0,-31000.0,1591574000.0,0.0,38419000.0,19196000.0,626377000.0,0.2815244588,7581099000.0,3.4073166687,-1725480000.0,633373000.0,0.2846688033,34059000.0,533141000.0,0.2396196404,1.32,1.3,403005335,410281852,https://www.sec.gov/Archives/edgar/data/947484/000094748421000028/0000947484-21-000028-index.htm,https://www.sec.gov/Archives/edgar/data/947484/000094748421000028/acgl-20201231.htm,5.520887211083695,1.3229130080871014,1.377289459455915,1.3446472116802126,53.47124002713264,34.70783085290918,32.98859058528344,32.52037842129311,7.58108822554421,14536402433.45,16646754433.45,6.8163968037770495,6.533370203177874,26.189120778031008,26.824879928861417,1.1091506849250787,1.1091506849250787,7.481865605540267,26.576254290068125,29.991180033420115,30.71923682127699,0.0366762685912697,0.037278824831722,0.2301866504866592,0.0697005521680145,3.369140310068856,10.014330275417011,197.32681746011087,0.9261505654798652,0.0007156516234072,0.0195126617536449,0.0113867880897837,0.0,0.0160079997602715,0.023700354018971,0.0059125003876496,0.6852990206292978,0.0066648778600119,31.112484824142285,1.4065764467876611,0.0125181518026278,-15.377517272817244,4407061000.0,13294578000.0,-24398900000.0,5215835000.0,2144948500.0,2871703500.0,0.0,83.51333312658684,-46.91179360653473,0.0,1.0776722306554438,-1.9184941158903623,0.0,0.040679508428503,0.0326422477757025,2021-02-09,0.5,amc,2120011183.0,2025-04-25,2020-12-31,0.1200000000000001,32.82359375,2034557.15625
2020-09-30,ACGL,USD,947484,2020-11-05,2020-11-05 09:57:01,2020,Q3,2141550000.0,232401000.0,1909149000.0,0.8914800028,0,17937000.0,0.0,17937000.0,-1442997000.0,-1425060000.0,1629161000.0,0.0,41343000.0,16715000.0,569528000.0,0.2659419579,484089000.0,0.2260460881,-86228000.0,512389000.0,0.2392608158,23707000.0,408636000.0,0.190813196,1.01,1.0,402850485,409194657,https://www.sec.gov/Archives/edgar/data/947484/000094748420000102/0000947484-20-000102-index.htm,https://www.sec.gov/Archives/edgar/data/947484/000094748420000102/acgl-20200930.htm,5.315992110571743,1.0143614447926008,2.5068109325969905,2.484395668531961,53.29119313335318,32.93468046836285,31.16286430684079,30.90972324384815,7.72703798532103,11783376686.25,13878476686.25,7.208968792672453,5.502265502206346,11.66821143934368,11.773486957205948,0.9463041700259004,0.9463041700259004,6.480575604702202,24.368383444273157,13.74283490573044,13.866828550267774,0.0346790237535931,0.0849366040523747,0.2466671008674351,0.0719050351934583,3.678660223904707,1.60011467760358,11.709092228430448,2.06651769453346,0.0008828538946853,0.0254578647011031,0.0083757091826013,0.0,0.0167098140077841,0.0089417449770762,0.0042165721089864,0.5402333233622495,0.0067806028343956,26.560435037378586,0.1506004305636665,0.0097289055269361,-15.665655087891976,1965537000.0,12553975000.0,-24207477000.0,2679314000.0,2214532000.0,3021731500.0,0.0,93.52010926665264,1186.7951514838576,0.0,0.9623598679016102,0.075834485747159,0.0,0.0328169047904524,0.0224152640650289,2020-10-29,0.25,amc,1489548042.0,2025-04-25,2020-09-30,0.1599999999999999,30.48296875,1538432.84375
2020-06-30,ACGL,USD,947484,2020-08-06,2020-08-06 13:56:50,2020,Q2,2317743000.0,225738000.0,2092005000.0,0.9026043871,0,17920000.0,0.0,17920000.0,-1753838000.0,-1735918000.0,1825227000.0,0.0,31139000.0,16489000.0,543317000.0,0.2344164129,356087000.0,0.1536352391,-70350000.0,492516000.0,0.212498107,26127000.0,288418000.0,0.1244391634,0.72,0.71,402503687,408119681,https://www.sec.gov/Archives/edgar/data/947484/000094748420000080/0000947484-20-000080-index.htm,https://www.sec.gov/Archives/edgar/data/947484/000094748420000080/acgl10q63020.htm,5.758314954267735,0.7165598957606567,1.766756486879088,1.7438573177591787,50.533340828751214,31.619337688203583,29.90881919548727,29.793081125241965,8.01845822594912,11531730632.55,13873791632.55,9.995675228791198,4.975413854146037,16.216156676243028,16.429096410717058,0.9616326649655076,0.9616326649655076,5.985905957886616,25.53535345396886,19.509611000793107,19.76579817690042,0.0250108166059566,0.0608676201661144,0.2665415814523644,0.0775812453543292,4.310671302388845,1.609874646549612,11.435402549857091,1.5247486540205708,0.0009021195804414,0.036069177374505,0.0077316596361201,0.0,0.0167110651042455,0.0129611348762385,0.0039767135527968,0.5589787130814482,0.0057655227520911,21.91670276007716,0.1102172358338697,0.0071194706406565,-16.09942333273583,2021410000.0,12038410000.0,-23136870000.0,2829394000.0,2179478500.0,2933120000.0,0.0,85.5736680037433,1187.656885415836,0.0,1.051725397537746,0.0757794621537416,0.0,0.0240512182257496,0.0228991691199092,2020-07-29,-0.26,amc,9596065750.0,2025-04-25,2020-06-30,-1.1538461538461535,27.642539682539685,2572156.206349206
2020-03-31,ACGL,USD,947484,2020-05-08,2020-05-08 16:13:14,2020,Q1,1610708000.0,251175000.0,1359533000.0,0.8440592584,0,20796000.0,0.0,20796000.0,-1175712000.0,-1154916000.0,1671437000.0,0.0,32555000.0,16631000.0,-7334000.0,-0.0045532766,204617000.0,0.1270354403,-73454000.0,-60729000.0,-0.0377032957,27945000.0,133714000.0,0.0830156676,0.33,0.32,403892161,414033570,https://www.sec.gov/Archives/edgar/data/947484/000094748420000038/0000947484-20-000038-index.htm,https://www.sec.gov/Archives/edgar/data/947484/000094748420000038/acgl10q33120.htm,3.987965490620156,0.3310636177462231,1.5114281953097872,1.4904572510383534,49.1474975668072,29.501451502546,27.75482191148543,28.14425507010521,5.9545869720407865,11494770902.06,12984942902.06,21.49133767230806,7.13647098174219,18.82987236066927,19.094811327311024,1.011218805724589,1.011218805724589,8.061636809440321,-1770.5133177765636,21.27096046886416,21.57024589035589,0.0116325937366909,0.0523702477525774,0.20870986846064,0.0617567737048759,-203.18682890466715,1.1753490167788978,6.285271079711258,-6.8842501747975735,0.0009050202121153,0.0778003799153417,0.0129110925133543,0.0,0.01836338208595,0.0138749193223404,0.0052585571065643,0.5092898803439361,0.0177245037585956,14.479109962333114,0.2260921898770494,0.0035457863444293,-12.463794760304843,594073000.0,11209955000.0,-22518702000.0,1427289000.0,1077602000.0,2836945500.0,0.0,120.4242854694954,1034.5866825918183,0.0,0.7473575587276193,0.0869912608719594,0.0,0.0117630975458959,0.0209709442714338,2020-05-04,0.54,amc,1683329043.0,2025-04-25,2020-03-31,-0.1481481481481481,40.53048387096774,2017365.1935483871
2019-12-31,ACGL,USD,947484,2020-02-28,2020-02-28 17:07:41,2019,Q4,1664109000.0,-4236709000.0,5900818000.0,3.5459323878,0,26837000.0,0.0,26837000.0,679179000.0,625905000.0,1324005000.0,0.0,31199000.0,21890000.0,381686000.0,0.2293635814,5419194000.0,3.2565138461,-1385694000.0,340104000.0,0.2043760355,27336000.0,315981000.0,0.1898799898,0.78,0.76,402941290,414124920,https://www.sec.gov/Archives/edgar/data/947484/000094748420000012/0000947484-20-000012-index.htm,https://www.sec.gov/Archives/edgar/data/947484/000094748420000012/a201910-k.htm,4.129904383837159,0.7841862024117707,1.2540784787778885,1.2287596537947252,48.18624321175921,30.56413503813421,28.73239672211304,28.53361342045637,5.924217892884593,17282151928.1,18911834928.1,13.673410686164674,10.385228328252536,34.2004114780733,34.90511742271539,1.503139450583964,1.503139450583964,11.364540981450132,49.54814933767547,37.42546293061822,38.19662167018771,0.0182836605831608,0.0286490942829266,0.2049088439435415,0.0621853121579071,4.269695508873786,7.934216916323654,173.69768261803262,1.6156384284837324,0.0006019505003358,0.0329228656153376,0.0161269484150377,0.0,0.0194820104789287,0.0201891870497902,0.0061306080310845,0.4660575605299223,0.0072020522694126,22.43774685343088,2.256291306088096,0.0085061683389022,-15.271659054846427,1470685000.0,11577469000.0,-23887033000.0,2340429000.0,0.0,2741553000.0,0.0,0.0,-59.194030083255655,0.0,0.0,-1.520423594633042,0.0,0.0274828915236361,0.0253188249831631,2020-02-11,0.68,amc,1397971567.0,2025-04-25,2019-12-31,0.0882352941176469,41.4896875,1348793.421875
2019-09-30,ACGL,USD,947484,2019-11-08,2019-11-08 16:06:15,2019,Q3,1698654000.0,216515000.0,1482139000.0,0.8725373148,0,17061000.0,0.0,17061000.0,-1037303000.0,-1020242000.0,1261349000.0,0.0,31328000.0,20003000.0,488636000.0,0.2876607008,461897000.0,0.2719194138,633000.0,437305000.0,0.2574420688,38116000.0,382050000.0,0.2249133726,0.95,0.92,402564121,413180201,https://www.sec.gov/Archives/edgar/data/947484/000094748419000059/0000947484-19-000059-index.htm,https://www.sec.gov/Archives/edgar/data/947484/000094748419000059/acgl10q93019.htm,4.219586176185831,0.949041357811418,2.063311052005054,2.035300607427953,46.33571405634533,29.962454105541116,28.41114844410091,27.71756204274349,5.945472721350644,16899641799.579998,18381648799.58,11.058527548475327,9.94884290713706,20.345938611245884,20.625945792376537,1.5145632193503265,1.5145632193503265,10.821302513390012,37.61828600344632,22.130167164787533,22.434729458234013,0.0226069880374325,0.0484826252364924,0.2116943607583229,0.0664023939996744,3.0329468152162344,0.5120607010209914,14.743903217568947,2.080756233262941,0.0006155751774726,0.0272294202329538,0.0100438347067737,0.0,0.0175556452812857,0.0135754832262841,0.0066381970666186,0.5637154426835974,0.0075913046447363,24.32827647236892,-0.5864286854040366,0.0109319238300287,-12.066892568401544,-1555206000.0,11437309000.0,-21878706000.0,-799282000.0,0.0,2665554000.0,0.0,0.0,1120.8999838348384,0.0,0.0,0.0802926231581258,0.0,0.0342397125817881,0.0280104445771012,2019-10-29,0.65,amc,1419787206.0,2025-04-25,2019-09-30,-0.0307692307692307,39.4240625,1275238.8125
2019-06-30,ACGL,USD,947484,2019-08-07,2019-08-07 11:57:11,2019,Q2,1741652000.0,218708000.0,1522944000.0,0.8744249712,0,18251000.0,0.0,18251000.0,-998489000.0,-980238000.0,1211335000.0,0.0,29280000.0,19794000.0,579391000.0,0.3326674904,542706000.0,0.3116041551,-34281000.0,530317000.0,0.3044907938,44472000.0,458551000.0,0.263285088,1.14,1.12,401482784,410899483,https://www.sec.gov/Archives/edgar/data/947484/000094748419000045/0000947484-19-000045-index.htm,https://www.sec.gov/Archives/edgar/data/947484/000094748419000045/acgl10q63019.htm,4.338049025783382,1.1421436192890404,1.1884096131006203,1.171133654388528,44.78386799270576,29.43880652177604,27.84220007799886,26.794055507994088,5.614564533855579,15192108546.56,16811663546.56,8.282671145935785,8.722815204506986,31.840873367957315,32.31057348425105,1.41225354962448,1.41225354962448,9.652711073486552,29.016093702801736,35.23527023587061,35.75504274135988,0.0301834994526702,0.030949620887646,0.20682329629076,0.0638382895281632,2.795271241700337,0.4566497309264959,18.53504098360656,0.9820539472465498,0.0006847634064828,0.0226866804346735,0.0104791313075172,0.0,0.0183925189237703,0.0145370405301744,0.0039824258807155,0.3504092149136102,0.0089834249321908,26.24042376753786,-0.5846423644408076,0.0134037460838229,-12.58470898717291,-1698263000.0,11178164000.0,-21605219000.0,-923192000.0,0.0,2587656000.0,0.0,0.0,1084.1307130969146,0.0,0.0,0.0830158198755453,0.0,0.042626754242122,0.0172759587120926,2019-07-29,0.69,amc,1279794844.0,2025-04-25,2019-06-30,0.1159420289855073,34.107460317460315,1231078.619047619
2019-03-31,ACGL,USD,947484,2019-05-07,2019-05-07 16:40:24,2019,Q1,1679504000.0,221580000.0,1457924000.0,0.8680681916,0,17962000.0,0.0,17962000.0,-952407000.0,-934445000.0,1138120000.0,0.0,29065000.0,20417000.0,590866000.0,0.35180982,523479000.0,0.3116866646,-26849000.0,541384000.0,0.3223475502,45886000.0,438125000.0,0.260865708,1.09,1.07,400184404,408971029,https://www.sec.gov/Archives/edgar/data/947484/000094748419000033/0000947484-19-000033-index.htm,https://www.sec.gov/Archives/edgar/data/947484/000094748419000033/acgl10q33119.htm,4.1968252216045885,1.094807782664114,0.5882238229353886,0.5646771781740899,42.51170417925632,27.88479483073508,26.237516742406584,25.27483804691199,5.625833934297949,13070022634.64,14659228634.64,7.457930176684736,7.782072942154349,55.52308275618314,57.8383566086514,1.2921942344152944,1.2921942344152944,8.728308259247967,24.80973458388196,62.27422762572324,64.87101951384003,0.0335213650540145,0.0172895645491148,0.2197127794328117,0.0654061153125271,2.689621673949762,0.4421068267869109,18.01063134354034,0.4750735623554484,0.0007959435335963,0.023744365192582,0.0106948241861883,0.0,0.0194017800904769,0.0400300767211276,0.0056105850298659,0.4615271587402654,0.0154158608732101,24.951944042198832,-0.4827125725334613,0.0131498691601149,-14.506952149989331,-1690076000.0,10499845000.0,-21478663000.0,-890120000.0,0.0,2506498000.0,0.0,0.0,1031.9975629569456,0.0,0.0,0.0872095082687271,0.0,0.0433161146525278,0.0235466447612985,2019-04-30,0.62,amc,1275880417.0,2025-04-25,2019-03-31,0.0806451612903226,30.441147540983607,1112533.9016393442
2018-12-31,ACGL,USD,947484,2019-02-28,2019-02-28 16:14:41,2018,Q4,1383481000.0,-3307369000.0,4690850000.0,3.3906139658,0,26835000.0,0.0,26835000.0,19116000.0,-33043000.0,1292145000.0,0.0,29774000.0,26147000.0,154139000.0,0.11141389,4700132000.0,3.3973231291,-6900000.0,91336000.0,0.0660189768,35012000.0,126091000.0,0.0911403915,0.31,0.31,402185557,410112097,https://www.sec.gov/Archives/edgar/data/947484/000094748419000008/0000947484-19-000008-index.htm,https://www.sec.gov/Archives/edgar/data/947484/000094748419000008/a201810-k.htm,3.439907216757662,0.3135144905265705,1.089882499186812,1.063131165597774,41.37479506754142,25.952396395975004,24.37372210260649,23.4713227158478,5.517313989472775,10746398083.04,12289052083.04,21.3068301525089,7.767651368569571,24.51640430958057,25.133305150522947,1.1384104902600438,1.1384104902600438,8.882703906334816,79.7270780466981,28.035753665666668,28.74121111343948,0.0117333267412638,0.0397878430238687,0.2319120890668865,0.0679492099047098,10.008200390556576,-8.966181736794987,157.86028078189025,7.782384063631844,0.0009680452854634,0.0825039059092243,0.0193967246387915,0.0,0.0197067948496025,0.0245451538207079,0.0077767602157167,0.4114812406777068,0.0072064596478014,12.86734219343623,1.1996400753285794,0.0039923176120728,-12.780928878557416,1781156000.0,9802759000.0,-20178214000.0,2416076000.0,0.0,2472211000.0,0.0,0.0,-67.27390260959693,0.0,0.0,-1.337814464582007,0.0,0.0133573422479034,0.0267513335890378,2019-02-12,0.37,amc,1131260000.0,2025-04-25,2018-12-31,0.2432432432432433,27.65,1110076.2222222222
2018-09-30,ACGL,USD,947484,2018-11-09,2018-11-09 14:34:57,2018,Q3,1398640000.0,187413000.0,1211227000.0,0.8660034033,0,14335000.0,0.0,14335000.0,-935068000.0,-920733000.0,1116518000.0,0.0,29730000.0,26315000.0,338167000.0,0.2417827318,290494000.0,0.2076974775,-19384000.0,282122000.0,0.2017116628,33356000.0,217006000.0,0.1551550077,0.54,0.53,402939092,411721214,https://www.sec.gov/Archives/edgar/data/947484/000094748418000064/0000947484-18-000064-index.htm,https://www.sec.gov/Archives/edgar/data/947484/000094748418000064/acgl10q93018.htm,3.471095328720302,0.5385578225306569,1.5488718081491086,1.534457718984486,40.67263595263177,25.90491021407275,24.498588486420672,23.217275726625203,5.752358224900155,11810144786.52,13447227786.52,13.60578139143618,8.444020467396898,18.92345115056697,19.1012105692932,1.2624220147580776,1.2624220147580776,9.614502507092602,39.76505036422832,21.54655702605828,21.748956864334545,0.0183745418809504,0.0523527027971506,0.2445840514762567,0.0709438830449725,4.841048949187828,0.5328236910960171,9.771072990245544,2.508787374480435,0.0008807682029328,0.0479341585025298,0.0102492421209174,0.0,0.0175695342263649,0.0093061860179682,0.0041526053880912,0.2207106213186395,0.0074265000285992,16.77308924615754,-0.2397261937443369,0.0068486674439636,-13.465653017354793,-1414124000.0,9871439000.0,-20201597000.0,-847462000.0,0.0,2463804000.0,0.0,0.0,1187.2087848761826,0.0,0.0,0.0758080643830363,0.0,0.0231964261816061,0.0144140891646224,2018-10-30,0.52,amc,1142215254.0,2025-04-25,2018-09-30,0.1346153846153845,29.735238095238092,1128062.2222222222
2018-06-30,ACGL,USD,947484,2018-08-08,2018-08-08 15:11:33,2018,Q2,1456043000.0,202653000.0,1253390000.0,0.8608193577,0,22512000.0,0.0,22512000.0,-978244000.0,-955732000.0,1176028000.0,0.0,30344000.0,26472000.0,336831000.0,0.2313331406,297658000.0,0.2044294022,-1115190000.0,280015000.0,0.192312315,23668000.0,233243000.0,0.1601896373,0.58,0.56,404800421,413111205,https://www.sec.gov/Archives/edgar/data/947484/000094748418000057/0000947484-18-000057-index.htm,https://www.sec.gov/Archives/edgar/data/947484/000094748418000057/acgl10q63018.htm,3.5969404290713425,0.5761925825665087,0.2388979728852604,0.2166598537208537,40.23438750326794,25.274215315107096,23.809276127210357,22.637711140127497,5.7703596113601865,10711019139.66,12489891139.66,11.480536543068816,7.356251937380971,110.75857898848056,122.12691712647086,1.168846083255172,1.168846083255172,8.577968603715687,37.0805868214624,129.15321841106032,142.40959522553132,0.0217759857356957,0.0081882030884676,0.2515890047256828,0.0723790950462623,5.281200364574519,0.5361924078828335,9.809451621407856,0.3772464667033357,0.000971242779455,0.0446015528869033,0.0154610818499178,0.0,0.0186169518088024,0.0930862614522366,0.0061825097198365,0.340057419159867,0.0142543867179746,17.131340520156485,-0.2710308392775636,0.0074613616227606,-13.179852893483034,-1404267000.0,9638005000.0,-19998681000.0,-811259000.0,0.0,2418800500.0,0.0,0.0,1090.4667584491715,0.0,0.0,0.0825334649613668,0.0,0.0254527756361884,0.0222381191644067,2018-07-31,0.53,amc,1207142372.0,2025-04-25,2018-06-30,0.1132075471698112,26.8640625,1993492.4375
2018-03-31,ACGL,USD,947484,2018-05-09,2018-05-09 16:06:45,2018,Q1,1236165000.0,201751000.0,1034414000.0,0.836792823,0,15312000.0,0.0,15312000.0,-846752000.0,-831440000.0,1047866000.0,0.0,30636000.0,26736000.0,245671000.0,0.1987364146,202974000.0,0.1641965272,-50519000.0,188299000.0,0.1523251346,21915000.0,137276000.0,0.1110499003,0.34,0.33,407539728,417893802,https://www.sec.gov/Archives/edgar/data/947484/000094748418000039/0000947484-18-000039-index.htm,https://www.sec.gov/Archives/edgar/data/947484/000094748418000039/acgl10q33118.htm,3.0332380258152405,0.3368407803422786,0.9819410783922397,0.9715371847134372,40.58713755631696,25.053991791445668,23.517935409722803,22.452711653181453,6.180926243342833,11627108439.84,13434554439.84,21.174692662665,9.40579003599034,29.05469648618122,29.36583431792696,1.2706705738127368,1.2706705738127368,10.86792979888607,54.6851457430466,33.571279024039185,33.93078355265949,0.0118065468048467,0.0340531785739024,0.2719383430531567,0.0774411952213925,7.357180945247912,0.5253497141505744,6.625342734038386,2.405159149918261,0.0008976436449356,0.0760293132084268,0.0123866959507832,0.0,0.019482287959136,0.0105952321455345,0.0034299628285867,0.158587672052663,0.0118624940845275,13.044817000107775,-0.1798517714158707,0.0043571450993496,-13.20260732960984,-1489211000.0,9584493000.0,-20273178000.0,-863207000.0,0.0,2342053500.0,0.0,0.0,1062.684844189124,0.0,0.0,0.0846911485490074,0.0,0.0150022316032615,0.0104038936788022,2018-05-01,0.52,amc,1151707142.0,2025-04-25,2018-03-31,0.0769230769230769,29.42377049180328,2063107.7213114756
2017-12-31,ACGL,USD,947484,2018-02-28,2018-02-28 16:56:31,2017,Q4,1361899000.0,-3197179000.0,4559078000.0,3.3475889181,0,13986000.0,0.0,13986000.0,0.0,-69766000.0,1103294000.0,0.0,30496000.0,31836000.0,333785000.0,0.245087925,4886912000.0,3.5883072093,-61026000.0,258605000.0,0.1898855936,56813000.0,203535000.0,0.1494494085,0.5,0.49,406280748,418735890,https://www.sec.gov/Archives/edgar/data/947484/000094748418000012/0000947484-18-000012-index.htm,https://www.sec.gov/Archives/edgar/data/947484/000094748418000012/a201710-k.htm,3.352113056560583,0.50097131356074,0.0774907503123923,0.0627743256985438,40.48197725578668,25.21885432779601,23.61254882793511,22.63607627305048,6.3490874541759,12294055434.48,14236872434.48,15.100665038543742,9.027141832456005,390.4982191811454,482.04420618255966,1.336804119008303,1.336804119008303,10.453691818908746,42.6528227286427,452.20825316774136,558.2211588174405,0.0165555622458935,0.002074498535973,0.2771693284106455,0.0795283663640739,5.820564135596267,17.580232794551183,160.2476390346275,0.1560170869013638,0.0009032820828881,0.0545606406760508,0.0102694840072575,0.0,0.0203612243709826,0.1899120160086395,0.0043901933990699,0.1878062570674707,0.0069682112990757,15.973432926216956,1.4611438949584503,0.0064822031063554,-13.189586330091132,1957197000.0,9593324000.0,-19730482000.0,2609808000.0,0.0,2259132000.0,0.0,0.0,-64.7983425388444,0.0,0.0,-1.3889244149423738,0.0,0.0221315438028089,0.0147164246138485,2018-02-12,0.37,amc,1019555555.0,2025-04-25,2017-12-31,0.2162162162162162,31.976031746031747,1494478.3015873015
2017-09-30,ACGL,USD,947484,2017-11-03,2017-11-03 16:35:57,2017,Q3,1420436000.0,201951000.0,1218485000.0,0.8578246398,0,17098000.0,0.0,17098000.0,-1231540000.0,-1214442000.0,1457464000.0,0.0,29510000.0,31824000.0,-6784000.0,-0.0047759984,4043000.0,0.0028463092,-5938000.0,-37028000.0,-0.0260680523,8189000.0,-33656000.0,-0.0236941334,-0.0832,-0.0832,404656353,404656353,https://www.sec.gov/Archives/edgar/data/947484/000094748417000097/0000947484-17-000097-index.htm,https://www.sec.gov/Archives/edgar/data/947484/000094748417000097/acgl10q93017.htm,3.510227850049348,-0.0831718067700768,1.302505190126102,1.2882733611746855,41.46343650756918,24.657640800711707,22.966316804619648,22.02151018743551,6.396731401372562,13284868068.99,14981475068.99,-98.68127576799084,9.352669229018414,25.205273843723848,25.483721847717664,1.4908151039855264,1.4908151039855264,10.547096151456314,-2208.354225971403,28.424232723714443,28.738241248916182,-0.0025334086740809,0.0392407359480562,0.2871649251768348,0.0784362888143028,-250.08947523584905,0.824426575200914,0.1370044052863436,-11.65639029568525,0.0009310593026416,-0.3675124792013311,0.0120371491570193,0.0,0.0209780615646436,0.0109265045999844,0.0040543889341019,0.1809640522875817,0.0109607191031486,,0.0176396901566842,-0.0010537128035247,-14.502386917918969,-534199000.0,9293466000.0,-20138529000.0,150206000.0,0.0,2202160000.0,0.0,0.0,987.7240518739694,0.0,0.0,0.091118566799347,0.0,-0.0037768439158877,0.0142318289514164,2017-10-25,-0.2,amc,975076923.0,2025-04-25,2017-09-30,0.3,32.26253968253968,1564967.5396825396
2017-06-30,ACGL,USD,947484,2017-08-04,2017-08-04 13:28:12,2017,Q2,1335288000.0,200805000.0,1134483000.0,0.8496167119,0,24876000.0,0.0,24876000.0,-911274000.0,-886398000.0,1102020000.0,0.0,28749000.0,30824000.0,292841000.0,0.2193092427,248085000.0,0.1857913798,-70022000.0,233268000.0,0.1746948973,34169000.0,173818000.0,0.1301726669,0.43,0.42,403459992,417733938,https://www.sec.gov/Archives/edgar/data/947484/000094748417000055/0000947484-17-000055-index.htm,https://www.sec.gov/Archives/edgar/data/947484/000094748417000055/acgl10q63017.htm,3.309592094573779,0.430818429203756,0.8574555268419278,0.8428097128401272,39.12830097909684,24.741186729612583,22.97403505624419,22.05642982315828,6.066948516669777,12547605751.2,14226307751.2,18.047045977976968,9.396928416341645,36.2701026775623,36.90038157628514,1.4100196745053624,1.4100196745053624,10.65411188537604,48.580314065311896,41.12255780823185,41.83715960239972,0.0138526826110532,0.0270999907665635,0.271834219268095,0.0783802707215024,5.732469155616871,0.5756560110603259,8.62934362934363,1.737572765307711,0.0009044753417531,0.0652924323142597,0.0186296888761076,0.0,0.0231015565454399,0.0170805523357489,0.0044252625650795,0.1917012717363093,0.020281766929681,14.62197387943086,-0.4943561959313626,0.0057651720430449,-12.625430280581575,-1219742000.0,9269104000.0,-19225884000.0,-506767000.0,0.0,2137795500.0,0.0,0.0,980.6376335250616,0.0,0.0,0.0917770203010467,0.0,0.0195325550262633,0.0146458140018007,2017-07-26,0.4,amc,1243700000.0,2025-04-25,2017-06-30,0.0,31.721746031746036,1411606.746031746
2017-03-31,ACGL,USD,947484,2017-05-05,2017-05-05 12:11:18,2017,Q1,1251684000.0,206013000.0,1045671000.0,0.8354113339,0,27792000.0,0.0,27792000.0,-763263000.0,-735471000.0,949252000.0,0.0,28676000.0,31294000.0,362402000.0,0.2895315431,310200000.0,0.2478261286,-49887000.0,302432000.0,0.2416200894,28397000.0,241909000.0,0.1932668309,0.6,0.58,402104781,417143016,https://www.sec.gov/Archives/edgar/data/947484/000094748417000024/0000947484-17-000024-index.htm,https://www.sec.gov/Archives/edgar/data/947484/000094748417000024/acgl10q33117.htm,3.112830434115132,0.6016068732094981,0.5175715630200378,0.504654531824629,38.999533805592826,24.072516561298983,22.20654770080936,21.40199372561053,6.207454171006238,12702490031.79,14466107031.79,13.127343372704198,10.14832020844718,61.03503796783556,62.59727795524432,1.4760307102696726,1.4760307102696726,11.55731560984242,39.9172935905155,69.5091584187336,71.28830020988153,0.0190442188417061,0.0159751355436729,0.2867087760363771,0.0819936351667703,4.866465968730857,0.5340397068503847,10.817408285674432,0.759457733501195,0.0008831339345219,0.0463728096102253,0.0222036871926141,0.0,0.0249338483633613,0.0249569955506011,0.004149609645885,0.1659743081740908,0.0125087482144055,17.02059625361467,-0.484129733204223,0.0082444868706745,-11.76472706500846,-1315213000.0,8929359000.0,-18905179000.0,-564898000.0,0.0,2052734000.0,0.0,0.0,912.0116206258828,0.0,0.0,0.0986829531165798,0.0,0.0281098518634546,0.0129170311954087,2017-04-25,0.44,amc,1049353191.0,2025-04-25,2017-03-31,0.0681818181818181,30.555806451612906,1036511.8225806452
2016-12-31,ACGL,USD,947484,2017-03-01,2017-03-01 15:50:14,2016,Q4,1009982000.0,-2808725000.0,3818707000.0,3.7809654033,0,36678000.0,0.0,36678000.0,174936000.0,139251000.0,926706000.0,0.0,18539000.0,-3611026000.0,85394000.0,0.0845500217,3691280000.0,3.6547978083,-893481000.0,83276000.0,0.0824529546,-12298000.0,62396000.0,0.0617793188,0.17,0.17,363588744,376281777,https://www.sec.gov/Archives/edgar/data/947484/000094748417000015/0000947484-17-000015-index.htm,https://www.sec.gov/Archives/edgar/data/947484/000094748417000015/a201610-k.htm,2.777814265889375,0.1716114732088625,0.9887682331552046,0.978487386837256,42.35435022157892,25.6089473440905,23.45939510162614,22.700697247107296,6.896382358855422,10456812277.44,12102778277.44,41.89696566061927,10.353463999794055,29.086694976259025,29.392305293745626,1.2669214380040608,1.2669214380040608,11.983162350853778,141.7286727104949,33.66511808581244,34.01883333035386,0.0059670192353568,0.0340225099734789,0.3015499196846803,0.0847371225539167,19.274960770077524,-12.702412236666346,199.1089055504612,3.761535564065541,0.0011109504208144,0.1861818065260593,0.0363154986920559,0.0,0.0266086783213285,0.010397630074686,0.0037010560584248,0.770721649484536,0.0101684980524405,9.362331557496788,1.8019249257724712,0.0021823989711847,-12.820581156384751,1569488000.0,8529572000.0,-18606037000.0,2351041000.0,0.0,1969486000.0,0.0,0.0,-64.65776108376576,0.0,0.0,-1.3919442692023116,0.0,0.0075597445902561,0.0102808463179487,2017-02-13,0.34,amc,831494736.0,2025-04-25,2016-12-31,0.1176470588235293,27.18555555555556,1131003.253968254
2016-09-30,ACGL,USD,947484,2016-11-04,2016-11-04 12:43:38,2016,Q3,1178218000.0,155557000.0,1022661000.0,0.8679726502,0,18485000.0,0.0,18485000.0,-759100000.0,-740615000.0,861367000.0,0.0,15943000.0,4865000.0,320997000.0,0.2724427907,282046000.0,0.2393835436,333513000.0,316851000.0,0.2689239173,13231000.0,247388000.0,0.2099679346,0.68,0.66,362816748,374794959,https://www.sec.gov/Archives/edgar/data/947484/000094748416000074/0000947484-16-000074-index.htm,https://www.sec.gov/Archives/edgar/data/947484/000094748416000074/acgl10q93016.htm,3.24741899731707,0.6818538597341708,1.366847045329892,1.357803912624232,36.68998212838841,23.13175741269805,22.88110470578387,20.26456066465818,3.32255885828071,9585618482.16,10196339482.16,9.686826444855855,8.135691766854691,19.329156170230785,19.457890608768377,1.3037539000821785,1.3037539000821785,8.654034722063319,31.76459431757929,20.560659552866923,20.69759594782333,0.0258082460156764,0.0513930322719239,0.1617906560675661,0.0463879532185316,1.9025754134773845,0.7602630011956559,17.690898827071443,1.633341018378236,0.0005721070591539,0.0221676071596035,0.0156889472067138,0.0,0.0035463939782003,0.0066160531542703,0.002784713864497,0.6744090441932169,0.008947410411316,17.632159549040633,-0.7826787952733977,0.0096816371448508,-10.856450320204072,-556005000.0,8301648000.0,-15487418000.0,-465064000.0,0.0,1908771000.0,0.0,0.0,1111.500028928303,0.0,0.0,0.0809716578116305,0.0,0.0336476013972184,0.0090431327056599,2016-10-26,0.34,amc,864315789.0,2025-04-25,2016-09-30,0.1176470588235293,25.4484375,1121066.671875
2016-06-30,ACGL,USD,947484,2016-08-05,2016-08-05 09:53:02,2016,Q2,1207077000.0,159590000.0,1047487000.0,0.8677880533,0,17200000.0,0.0,17200000.0,-823838000.0,-806638000.0,943589000.0,0.0,15663000.0,4880000.0,284031000.0,0.23530479,240849000.0,0.1995307673,-910464000.0,263488000.0,0.2182859917,14131000.0,205570000.0,0.1703039657,0.57,0.55,361797180,373096788,https://www.sec.gov/Archives/edgar/data/947484/000094748416000061/0000947484-16-000061-index.htm,https://www.sec.gov/Archives/edgar/data/947484/000094748416000061/acgl10q63016.htm,3.3363361206961315,0.5681912722481696,0.6044298078829691,0.5924562485534022,35.68684808433277,21.276774462421184,21.032640442360552,18.529503187393555,3.330277477563534,8683132320.0,9355763320.0,10.55982429342803,7.193519816879951,39.70684385017446,40.50932040737303,1.2952317046648216,1.2952317046648216,7.750759330183576,32.93923311187864,42.78269863408344,43.64733831275163,0.0236746363436737,0.0246856770230584,0.1773919803959533,0.0487148141622798,2.3681605176899705,0.597200035044239,15.376939283662134,0.8769795915093621,0.0006316844887145,0.0266819088388383,0.0142492980978015,0.0,0.003618191885545,0.0198096771095797,0.0035888348464928,0.8877049180327868,0.0178149364125072,15.39112714452266,-0.8314746342068857,0.0084514662514867,-10.51041636090143,-924121000.0,7609550000.0,-15343918000.0,-835794000.0,0.0,1850972000.0,0.0,0.0,1069.4728366439,0.0,0.0,0.0841536099995096,0.0,0.0306641395887362,0.0119735593295669,2016-07-27,0.33,amc,868378947.0,2025-04-25,2016-06-30,0.1515151515151514,23.61625,1013447.5625
2016-03-31,ACGL,USD,947484,2016-05-06,2016-05-06 15:05:48,2016,Q1,1056455000.0,161652000.0,894803000.0,0.8469863837,0,9383000.0,0.0,9383000.0,-707588000.0,-707588000.0,864518000.0,0.0,16107000.0,4748000.0,212792000.0,0.2014207893,187215000.0,0.1772105769,-885356000.0,191937000.0,0.1816802419,16310000.0,149314000.0,0.1413349362,0.41,0.4,361284537,373489488,https://www.sec.gov/Archives/edgar/data/947484/000094748416000054/0000947484-16-000054-index.htm,https://www.sec.gov/Archives/edgar/data/947484/000094748416000054/acgl10q33116.htm,2.924163344416814,0.4132864396573939,0.8927672429002961,0.8818284963023479,34.13923303338056,20.40988540840872,20.15338397945329,17.752176866622996,3.50108258300576,8562443526.9,9253262526.9,14.336303908039431,8.104882391488516,26.546672930120945,26.875974295884063,1.3350475368775694,1.3350475368775694,8.758785302639488,43.485011311045525,28.68846177687936,29.044331217454356,0.0174382463990461,0.0372079534304788,0.1947085149074925,0.0508846918849555,3.246451934283244,0.522238110936021,11.623207301173403,1.836522858102684,0.0006404713774486,0.0367279692460184,0.0088815898452844,0.0,0.0037760729647967,0.0122526298819072,0.0037408124340364,0.8323504633529908,0.0135027048004884,12.848210552483051,-0.3989182229448418,0.0061072370353939,-13.37897281775998,-1081157000.0,7281106000.0,-15985788000.0,-988487000.0,0.0,1757973500.0,0.0,0.0,1005.2321653923244,0.0,0.0,0.0895315560907012,0.0,0.0232808879025107,0.010938746597948,2016-04-27,0.37,amc,899367521.0,2025-04-25,2016-03-31,0.0540540540540541,22.778360655737707,1299326.9180327868
2015-12-31,ACGL,USD,947484,2016-02-26,2016-02-26 17:38:12,2015,Q4,901007000.0,-2418985000.0,3319992000.0,3.6847571661,0,12243000.0,0.0,12243000.0,0.0,-129523000.0,861551000.0,0.0,15827000.0,-3322996000.0,0.0,0.0,3408852000.0,3.7833801513,-850305000.0,39456000.0,0.0437910027,11450000.0,53094000.0,0.0589274001,0.15,0.14,362101572,375935826,https://www.sec.gov/Archives/edgar/data/947484/000094748416000043/0000947484-16-000043-index.htm,https://www.sec.gov/Archives/edgar/data/947484/000094748416000043/a201510-k.htm,2.48827144003672,0.146627366754431,0.5256177125903226,0.5122651055488928,33.744642235356,19.742786424578128,19.473439347565165,17.135747204102167,3.6939000088074736,8418861549.0,9187275549.0,39.641303862018304,9.343835895836548,44.23366915361456,45.38665575334785,1.3568127332337236,1.3568127332337236,10.196674996975606,0.0,48.27100489683544,49.52922793974943,0.0063065534087927,0.0220329077655437,0.2130161722682514,0.0570274238510402,0.0,-69.15707187007635,215.3820686169205,6.795936585017496,0.0006515132679253,0.1033073416958601,0.0135881297259621,0.0,0.0042080452098111,0.0254036474068314,0.0053662180205037,0.2105102751654475,0.0105670655166941,7.518830595439017,1.3549972278573506,0.0023004592902892,-10.520219448260224,1157732000.0,7051363000.0,-14887146000.0,1255263000.0,0.0,1691066000.0,0.0,0.0,-63.63720320713026,0.0,0.0,-1.4142670554999486,0.0,0.0085568119678685,0.0133526070414298,2016-02-09,0.36,amc,877219130.0,2025-04-25,2015-12-31,0.0555555555555556,24.58234375,1230996.640625
2015-09-30,ACGL,USD,947484,2015-11-09,2015-11-09 14:27:44,2015,Q3,949388000.0,156959000.0,792429000.0,0.8346734949,0,10739000.0,0.0,10739000.0,-689392000.0,-689392000.0,875684000.0,0.0,13300000.0,-72324000.0,0.0,0.0,103037000.0,0.1085299161,-848147000.0,73704000.0,0.07763317,9704000.0,74549000.0,0.0785232171,0.21,0.2,361702230,375035319,https://www.sec.gov/Archives/edgar/data/947484/000094748415000037/0000947484-15-000037-index.htm,https://www.sec.gov/Archives/edgar/data/947484/000094748415000037/acgl10q93015.htm,2.6247778455775626,0.2061060005076551,1.1677561401819392,1.1553011437059706,34.62821061401806,19.74570629547957,19.45922755300679,17.0383660614976,3.16183010538807,8858087612.699999,9338649612.7,29.70558831339119,9.330313436340042,20.97184434087788,21.197936255339517,1.4373443974385085,1.4373443974385085,9.836494260197094,0.0,22.10959234030967,22.34795001543523,0.0084159248880218,0.0471744035812972,0.1834130993709855,0.0475520761115246,0.0,0.6754583888048148,7.747142857142857,6.5996875,0.0006190952539391,0.0735623549611664,0.0113114975120814,0.0,0.0043591678322525,0.0106657512192812,0.0047451621465617,0.0,0.0110924090045376,8.888951760062284,-0.4471759543224933,0.0031499171081116,-11.34476002539437,-652586000.0,7038446000.0,-15270319000.0,-548966000.0,0.0,1658658000.0,0.0,0.0,958.5588593199498,0.0,0.0,0.0938909479839877,0.0,0.0120965824870615,0.0124549964759686,2015-10-28,0.33,amc,897267326.0,2025-04-25,2015-09-30,0.0303030303030303,23.43484375,1432951.265625
2015-06-30,ACGL,USD,947484,2015-08-07,2015-08-07 16:03:45,2015,Q2,983902000.0,168608000.0,815294000.0,0.8286333395,0,17418000.0,0.0,17418000.0,-688713000.0,-688713000.0,851303000.0,0.0,4011000.0,-156193000.0,0.0,0.0,126581000.0,0.1286520405,132599000.0,132599000.0,0.1347685034,6780000.0,110305000.0,0.1121097426,0.3,0.29,365157642,377656260,https://www.sec.gov/Archives/edgar/data/947484/000094748415000027/0000947484-15-000027-index.htm,https://www.sec.gov/Archives/edgar/data/947484/000094748415000027/acgl10q63015.htm,2.694458192388043,0.3020750144946987,0.8208454802104347,0.7927261179981001,32.9447493803238,19.54605403000165,19.26530405188672,16.807850347549348,2.451634299906011,8150318569.440001,8516466569.440001,18.472232830424733,8.283669074196414,27.191475786987304,28.15600431630221,1.327950900232423,1.327950900232423,8.655807762805646,0.0,28.413035949529256,29.420895324005944,0.0135338268142786,0.0355164031361155,0.1452089322795952,0.0386062332886071,0.0,0.8024753666361136,31.55846422338569,2.3822952018375605,0.0006729798293487,0.0497257603916413,0.0177029826141221,0.0,0.0044409067822399,0.0342565840834328,0.0104359987071883,0.0,0.0231791377596549,10.68820433190794,-1.583711893629958,0.0047995407965753,-10.728262397970026,-344799000.0,7034873000.0,-14546733000.0,-242281000.0,0.0,1592738500.0,0.0,0.0,878.3924843423799,0.0,0.0,0.1024598930481283,0.0,0.0179722575016109,0.0281193622123345,2015-07-29,0.36,amc,887648275.0,2025-04-25,2015-06-30,0.0833333333333334,21.21904761904762,1398720.9047619049
2015-03-31,ACGL,USD,947484,2015-05-08,2015-05-08 12:58:16,2015,Q1,1142956000.0,157882000.0,985074000.0,0.8618651987,0,0.0,0.0,13238000.0,-676324000.0,-676324000.0,821521000.0,0.0,12736000.0,-267670000.0,0.0,0.0,308750000.0,0.2701328835,-747671000.0,321435000.0,0.2812312985,12678000.0,277852000.0,0.2430994719,0.75,0.72,372627828,385353162,https://www.sec.gov/Archives/edgar/data/947484/000094748415000019/0000947484-15-000019-index.htm,https://www.sec.gov/Archives/edgar/data/947484/000094748415000019/acgl10q33115.htm,3.067285677869448,0.7456555284432488,0.2293468001536374,0.1410630018754262,33.76530429176642,19.584957031174817,19.298491576962952,16.87663005136589,2.449457424849118,7650049308.84,8079037308.84,6.883205185530426,6.693214182208239,89.51509236774669,145.5378074126779,1.216475086407338,1.216475086407338,7.068546215987317,0.0,94.53478556113316,153.6990584590214,0.0363202887697636,0.0068710668229627,0.1431137935936541,0.039642888054871,0.0,0.8086240614387542,24.24230527638191,0.2767904857217812,0.0007168581245173,0.0197371262398687,0.0,0.0,0.0047018667615746,0.3849358186775254,0.0287823853236695,0.0,0.0115822481355362,16.82686635217859,5.822564449205109,0.0122965453085819,-7.575636567862559,-313833000.0,7191155000.0,-14078741000.0,-207088000.0,0.0,1534190500.0,0.0,0.0,877.8006992564067,0.0,0.0,0.1025289682227866,0.0,0.0441827264195377,0.0882837982782112,2015-04-28,0.37,amc,849138461.0,2025-04-25,2015-03-31,0.0540540540540541,20.01918032786885,1368827.475409836
2014-12-31,ACGL,USD,947484,2015-02-27,2015-02-27 17:05:02,2014,Q4,1048597000.0,-2397913000.0,3446510000.0,3.2867822433,0,0.0,0.0,9671000.0,25375000.0,25375000.0,835949000.0,0.0,12744000.0,-3123852000.0,0.0,0.0,3357274000.0,3.2016818663,-792132000.0,212648000.0,0.2027928747,5514000.0,209679000.0,0.1999614723,0.55,0.53,380571123,392565654,https://www.sec.gov/Archives/edgar/data/947484/000094748415000010/0000947484-15-000010-index.htm,https://www.sec.gov/Archives/edgar/data/947484/000094748415000010/a201410-k.htm,2.7553246597745678,0.5509587757135215,0.6239858613760351,0.6100384027297836,33.349561311828694,18.70516591980101,18.417337985993225,16.10750955479089,2.398353277056178,7497251123.099999,7911549123.099999,8.93896279920736,7.149792649702412,31.5712281630178,32.293048948798905,1.223032023230468,1.223032023230468,7.544890098960801,0.0,33.315853822572016,34.0775624156304,0.0279674505438335,0.0309664163822225,0.1468176539419806,0.0408913533552241,0.0,9.956292295275349,263.4395794099184,1.1464607452180713,0.0007316014776535,0.0261590335703623,0.0,0.0,0.0049768866168643,0.0223522030058407,0.0050620018939592,0.2648966962770736,0.0092227996074755,14.130743407276292,2.3982054232053995,0.0095743818128982,-5.778202462302953,1154072000.0,7009107000.0,-13607969000.0,1263611000.0,0.0,1529841000.0,0.0,0.0,-57.36878694097743,0.0,0.0,-1.5687973338636994,0.0,0.0342050876232228,0.0139474586462515,2015-02-10,0.35,amc,818483478.0,2025-04-25,2014-12-31,0.0857142857142858,18.96640625,1401057.265625
2014-09-30,ACGL,USD,947484,2014-11-07,2014-11-07 16:12:25,2014,Q3,1043596000.0,149480000.0,894116000.0,0.8567644951,0,0.0,0.0,9491000.0,-654843000.0,-654843000.0,813886000.0,0.0,4152000.0,-177831000.0,0.0,0.0,239273000.0,0.2292774215,-753330000.0,229710000.0,0.2201139138,6446000.0,223191000.0,0.2138672436,0.56,0.55,395837886,407629815,https://www.sec.gov/Archives/edgar/data/947484/000094748414000030/0000947484-14-000030-index.htm,https://www.sec.gov/Archives/edgar/data/947484/000094748414000030/acgl10q93014.htm,2.6364227298849308,0.5638444623261756,0.8756008766679801,0.8649525780864745,32.154178390089726,17.892387895382,17.61063618857342,15.36246583531926,2.2841472026252685,7220083040.639999,7456357040.639999,8.08733667647889,6.9184656137432485,20.83140901983866,21.087861302583963,1.1873093939167705,1.1873093939167705,7.144869317858634,0.0,21.51310759685628,21.777952166270907,0.0309125253468298,0.0474206457284251,0.148000853800481,0.0398041899217117,0.0,0.8658681026840724,57.6283718689788,1.5524043285079547,0.0007595480507816,0.024570883234539,0.0,0.0,0.0049325352150985,0.0121611328463109,0.0040389192752751,0.0,0.0090945155021675,13.960513206923885,2.4500231579290603,0.0099199716682718,-7.074507264319818,-218793000.0,6970957000.0,-14115815000.0,-107265000.0,0.0,1514458500.0,0.0,0.0,921.9027294621352,0.0,0.0,0.0976241821656267,0.0,0.0367027317339812,0.0106482985815056,2014-10-29,0.32,amc,820571428.0,2025-04-25,2014-09-30,0.0937499999999999,18.4459375,2014157.84375
2014-06-30,ACGL,USD,947484,2014-08-08,2014-08-08 14:12:13,2014,Q2,1024126000.0,156350000.0,867776000.0,0.8473332383,0,0.0,0.0,0.0,-638137000.0,-638137000.0,805120000.0,0.0,14334000.0,-230784000.0,0.0,0.0,229639000.0,0.2242292452,-811804000.0,219006000.0,0.2138467337,7289000.0,202531000.0,0.197759846,0.51,0.49,397951902,410669832,https://www.sec.gov/Archives/edgar/data/947484/000094748414000020/0000947484-14-000020-index.htm,https://www.sec.gov/Archives/edgar/data/947484/000094748414000020/acgl10q63014.htm,2.5734919090800075,0.5089333635098444,0.6405145916352474,0.6280055422376144,33.23731569952391,18.19582960555871,17.897499582751085,15.653648012970171,2.2975992711802644,7620778923.299999,7594335923.299999,9.406928968034522,7.441251294567269,29.8978356622753,30.49336146265145,1.2233570081640297,1.2233570081640297,7.415431229458093,0.0,29.79409449928205,30.3875539113142,0.0265761547524722,0.032794023093348,0.1444762167265253,0.0398697322946825,0.0,1.1913716821082794,16.020580438119158,1.203937331437721,0.0007197427002153,0.0270822738247478,0.0,0.0,0.0052593049863966,0.01952968685022,0.0048607300273599,0.0,0.0209466413312424,13.388425375110485,0.2927295137702595,0.0090194993550152,-5.291084147149019,305762000.0,7122344000.0,-13428949000.0,424483000.0,0.0,1409262000.0,0.0,0.0,862.1458906299968,0.0,0.0,0.104390684892361,0.0,0.0325121251664887,0.0125090493976329,2014-07-31,0.33,amc,773384615.0,2025-04-25,2014-06-30,0.1818181818181818,19.04142857142857,1206388.6984126985
2014-03-31,ACGL,USD,947484,2014-05-12,2014-05-12 13:54:09,2014,Q1,936415000.0,145799000.0,790616000.0,0.8443008709,0,0.0,0.0,35627000.0,-589974000.0,-589974000.0,753532000.0,0.0,14404000.0,-208700000.0,0.0,0.0,200642000.0,0.2142661106,-732571000.0,182883000.0,0.1953012286,3738000.0,177016000.0,0.1890358442,0.45,0.43,395573730,409688151,https://www.sec.gov/Archives/edgar/data/947484/000094748414000014/0000947484-14-000014-index.htm,https://www.sec.gov/Archives/edgar/data/947484/000094748414000014/acgl10q33114.htm,2.3672325257797078,0.4474917988108057,0.5009660272435179,0.4873604725976115,33.81868406681101,17.455312313080043,17.14974348776902,14.8984185577743,2.311589295881706,7587104141.4,6917499141.4,10.715280174391015,8.102288132291772,38.28602930528993,39.35485349842053,1.2873849614052817,1.2873849614052817,7.387215221242718,0.0,34.90706993222956,35.88156432435797,0.0233311678212098,0.0254098265170808,0.1527126086147218,0.0412837257076237,0.0,2.14943499544266,13.929602888086643,1.1061933070976024,0.000722805420592,0.0309802503728476,0.0,0.0,0.0055446337165655,0.0271586373247076,0.0057474517174543,0.0,0.0151375191555026,12.247681523322322,0.099378881930186,0.00816513936241,-3.836736074460759,1633100000.0,6783988000.0,-11841610000.0,1753975000.0,0.0,1290599000.0,0.0,0.0,815.3049746568906,0.0,0.0,0.1103881403862097,0.0,0.0300361945850484,0.0136055546459063,2014-05-01,0.35,amc,751887499.0,2025-04-25,2014-03-31,0.142857142857143,18.53803278688525,1578250.6721311477
2013-12-31,ACGL,USD,947484,2014-03-03,2014-03-03 14:05:07,2013,Q4,907958000.0,-2069433000.0,2977391000.0,3.2792166598,0,0.0,0.0,8932000.0,64831000.0,64831000.0,731014000.0,0.0,9373000.0,-2774279000.0,186317000.0,0.2052044258,2960596000.0,3.2607191082,-737202000.0,176944000.0,0.194881261,15454000.0,156005000.0,0.1718196216,0.4,0.38,394894818,409403994,https://www.sec.gov/Archives/edgar/data/947484/000094748414000006/0000947484-14-000006-index.htm,https://www.sec.gov/Archives/edgar/data/947484/000094748414000006/a201310-k.htm,2.299240097903741,0.3950545636180012,0.5667838366012694,0.5502072706357976,30.33978531468093,14.301266419758388,14.232085972827326,14.301266419758388,2.3028233305406403,7858406878.2,8324349878.2,12.593197138232748,8.65503346872873,35.11038726744705,36.16818799396154,1.3914851605384049,1.3914851605384049,9.168210289683005,44.67842375199257,37.19216280135824,38.312682963447074,0.0198519881215075,0.0276486065646129,0.1593626626738646,0.0459979390878935,2.500807763113404,25.51123205805453,315.8642910487571,1.385968171403802,0.0006979786214959,0.0351591295150796,0.0,0.0,0.0013962418866024,0.0292467161111607,0.0072095845843089,0.5860340196956132,0.0098374594419565,11.274753332310846,0.137920700857382,0.007984379778159,-4.906557168344508,1837460000.0,5620177000.0,-12006174000.0,1864779000.0,0.0,1239953000.0,0.0,0.0,-54.81557991971714,0.0,0.0,-1.6418689746932156,0.0,0.0276237468782625,0.0165765659654718,2014-02-11,0.32,amc,728043243.0,2025-04-25,2013-12-31,0.1562499999999999,19.1853125,924102.703125
2013-09-30,ACGL,USD,947484,2013-11-08,2013-11-08 11:35:05,2013,Q3,814921000.0,118070000.0,696851000.0,0.8551147903,0,0.0,0.0,8839000.0,-568693000.0,-568693000.0,692700000.0,0.0,5937000.0,-168720000.0,0.0,0.0,128158000.0,0.1572643238,-730088000.0,122221000.0,0.149978955,7396000.0,109341000.0,0.134173742,0.28,0.27,394485888,408103239,https://www.sec.gov/Archives/edgar/data/947484/000094748413000023/0000947484-13-000023-index.htm,https://www.sec.gov/Archives/edgar/data/947484/000094748413000023/acgl10q93013.htm,2.065779853701636,0.2771734131082529,0.6050761440672879,0.595288721709609,29.329454745919836,13.79842768925615,12.939915356363777,13.79842768925615,1.0290279382566911,7116525419.52,7080384419.52,16.271401897549865,8.732779520370686,29.81442943484126,30.304622516937567,1.3073953356328023,1.3073953356328023,8.688430436226334,0.0,29.663018004306767,30.15072165973266,0.0153643798840495,0.0329982661701557,0.0734850370686083,0.0211295620903539,0.0,1.0833827841451225,21.586323058783897,2.07876333551056,0.0007706007744956,0.0501550196175268,0.0,0.0,0.0178899248067556,0.0161755217977829,0.0047378825677581,0.0,0.0108464501467013,9.276450787265969,0.4778303357654448,0.005881029802252,-4.860711265798183,110023000.0,5104614000.0,-12058022000.0,110023000.0,0.0,1188746500.0,0.0,0.0,929.5703396290336,0.0,0.0,0.0968189239298626,0.0,0.0200873185952967,0.0097874223576788,2013-10-28,0.29,amc,645567567.0,2025-04-25,2013-09-30,0.2758620689655173,17.88140625,1041360.90625
2013-06-30,ACGL,USD,947484,2013-08-09,2013-08-09 11:43:05,2013,Q2,854660000.0,127408000.0,727252000.0,0.8509255142,0,0.0,0.0,19923000.0,-539389000.0,-539389000.0,672649000.0,0.0,5852000.0,-174052000.0,13811000.0,0.0161596424,187863000.0,0.2198102169,7959000.0,182011000.0,0.2129630496,5071000.0,171455000.0,0.2006119393,0.44,0.42,394131822,407547150,https://www.sec.gov/Archives/edgar/data/947484/000094748413000017/0000947484-13-000017-index.htm,https://www.sec.gov/Archives/edgar/data/947484/000094748413000017/acgl10q63013.htm,2.1684623070095568,0.4350194286012257,0.4635378058866812,0.4550381115889698,29.11404601072785,13.280627718509876,12.48645180444222,13.280627718509876,1.0297366955566456,6830304475.259999,6855185475.259999,9.959325297104195,7.991838245922354,37.38637880215659,38.084722045554656,1.3049081991694045,1.3049081991694045,8.020950407483676,496.3569238476576,37.522567532006896,38.2234546558867,0.0251021020543119,0.0262572482163283,0.0764187426136509,0.021144238435542,1.801535008326696,1.1654618441971385,32.10235816814764,1.032525149768283,0.00080303887182,0.0319909014027004,0.0,0.0,0.0165458951817725,0.0183365718820985,0.0039196873610558,0.0,0.0233110242669599,11.401313491671242,0.7055969682700114,0.0092156954330774,-5.603691142706056,208151000.0,4921308000.0,-12217214000.0,208151000.0,0.0,1135133500.0,0.0,0.0,818.00200929298,0.0,0.0,0.1100241796200345,0.0,0.0327559387870587,0.0084996942977113,2013-07-25,0.28,amc,645357575.0,2025-04-25,2013-06-30,0.1785714285714285,17.40703125,1651436.140625
2013-03-31,ACGL,USD,947484,2013-05-10,2013-05-10 13:21:57,2013,Q1,900582000.0,120183000.0,780399000.0,0.8665496312,0,0.0,0.0,11543000.0,-513172000.0,-513172000.0,639253000.0,0.0,5898000.0,-242963000.0,24264000.0,0.0269425771,267227000.0,0.2967270054,18366000.0,261329000.0,0.2901779072,4853000.0,250992000.0,0.2786997741,0.64,0.62,392723706,406227864,https://www.sec.gov/Archives/edgar/data/947484/000144530513001279/0001445305-13-001279-index.htm,https://www.sec.gov/Archives/edgar/data/947484/000144530513001279/acgl10q33113.htm,2.2931694375485447,0.639105804323409,0.5236735059736883,0.5141451786972085,29.36593035715547,13.585963664745003,12.805504030357667,13.585963664745003,1.0335459606810695,6880519329.12,6923752329.12,6.853325334193918,7.6400808911570515,33.45596025031727,34.07597839270591,1.2895662341173229,1.2895662341173229,7.688086514187492,285.35082134520275,33.666177162779164,34.29009112219377,0.0364786417992813,0.0293461859986991,0.074969122092838,0.0213253025087459,1.7817754698318498,1.072520327617596,45.30807053238386,0.8018645019417021,0.00079703286012,0.0218493019697838,0.0,0.0,0.0163407796136079,0.0181951677291049,0.0041550908190481,0.0,0.0128172670561925,13.977286406809192,0.6282129828016447,0.0136034924909579,-4.809574698808735,87914000.0,5029025000.0,-12121350000.0,87914000.0,0.0,1083270500.0,0.0,0.0,832.9300317016549,0.0,0.0,0.1080522931993846,0.0,0.047041624730814,0.0095283272764797,2013-04-29,0.32,amc,619158974.0,2025-04-25,2013-03-31,0.21875,15.995666666666668,1747006.2
2012-12-31,ACGL,USD,947484,2013-03-01,2013-03-01 17:02:52,2012,Q4,880542000.0,465353000.0,415189000.0,0.4715152713,0,0.0,0.0,7644000.0,0.0,-2445338000.0,873445000.0,0.0,6187000.0,-2886807000.0,13284000.0,0.0150861628,2900091000.0,3.2935294398,-2892994000.0,7097000.0,0.0080598086,-12120000.0,19217000.0,0.0218240584,0.0477,0.0463,402687234,414812559,https://www.sec.gov/Archives/edgar/data/947484/000104746913002083/0001047469-13-002083-index.htm,https://www.sec.gov/Archives/edgar/data/947484/000104746913002083/a2213076z10-k.htm,2.186664800007045,0.0477219002179741,0.4709660103106223,0.4594483866851364,27.927130662403865,12.835961916786268,12.08818057539912,12.835961916786268,1.0086910279355914,5907421722.78,5936380722.78,76.85150807592237,6.708847190457695,31.148744662750723,31.929593018798577,1.142882792509322,1.142882792509322,6.741734889170533,446.88201767389336,31.30144012602029,32.08611630892797,0.0032530265997255,0.0313189084311613,0.0773862335307585,0.0224507685515471,2.1799909665763324,0.9470558983395624,468.7394536932277,9.868970182650775,0.0009283237692092,0.2853723265858354,0.0,0.0,0.0169010508194474,0.0244553181616856,0.0052672104226714,0.0,0.0086810169191248,3.7124817993329313,24.09524724614568,0.0010971337615982,-3.481572996674635,-61112000.0,4867756000.0,-11554722000.0,-61112000.0,0.0,1037821000.0,0.0,0.0,203.89824498821324,0.0,0.0,0.4413966388244422,0.0,0.0037178281244014,0.0115176236254859,2013-02-11,-0.16,amc,2212833333.0,2025-04-25,2012-12-31,-0.625,14.560483870967742,2164698.5322580645
2012-09-30,ACGL,USD,947484,2012-11-09,2012-11-09 13:52:55,2012,Q3,887840000.0,113429000.0,774411000.0,0.8722416201,0,0.0,0.0,10729000.0,-571936000.0,-571936000.0,692743000.0,0.0,7378000.0,0.0,202475000.0,0.2280534781,202475000.0,0.2280534781,195097000.0,195097000.0,0.2197434222,5441000.0,184172000.0,0.2074382772,0.45,0.44,405202080,416090802,https://www.sec.gov/Archives/edgar/data/947484/000110465912076528/0001104659-12-076528-index.htm,https://www.sec.gov/Archives/edgar/data/947484/000110465912076528/a12-20028_110q.htm,2.1911042509949605,0.4545188909198097,0.8259656515089953,0.8168689558553105,4.307616091210588,13.200312298495604,12.511344956570806,13.200312298495604,1.4624826210171478,5725505390.400001,5888288390.400001,7.771954192819756,6.4488031519192655,17.107248920321616,17.29775614401339,1.0704292201943093,1.0704292201943093,6.632150376644441,29.081557675762443,17.59362856912362,17.789552142164432,0.0321669420325413,0.0578109664441125,0.1094121403815514,0.0309809702687017,0.8039659217187307,4.6600126463149225,27.443074003795065,1.7646844813768086,0.0009579940330152,0.0297819429663575,0.0,0.0,0.0147789619527662,0.011013406716206,0.0041516489457559,0.0,0.012084384573797,11.618747969485147,0.1386393578113877,0.0098960881726131,-29.110186206349187,995582000.0,5069623000.0,-12273365000.0,995582000.0,0.0,603065500.0,0.0,0.0,810.4022780770349,0.0,0.0,0.1110559563252422,0.0,0.0344324346759288,0.0090966956536847,2012-11-01,0.27,amc,671696551.0,2025-04-25,2012-09-30,-0.0740740740740741,13.301111111111112,1240351.0793650793
2012-06-30,ACGL,USD,947484,2012-08-08,2012-08-08 15:15:43,2012,Q2,874157000.0,117701000.0,756456000.0,0.8653548504,0,0.0,0.0,0.0,-527982000.0,-527982000.0,653122000.0,0.0,7439000.0,0.0,228474000.0,0.2613649493,228474000.0,0.2613649493,221035000.0,221035000.0,0.2528550363,767000.0,202007000.0,0.2310877794,0.53,0.51,403587387,414635208,https://www.sec.gov/Archives/edgar/data/947484/000110465912055833/0001104659-12-055833-index.htm,https://www.sec.gov/Archives/edgar/data/947484/000110465912055833/a12-13888_110q.htm,2.165967094506846,0.5005285261801306,0.6255076549257967,0.6163150980731714,4.521642793559354,12.43922917739746,12.43922917739746,12.43922917739746,1.5938481248919705,5339461130.01,5619887130.01,6.60801498216646,6.108126034579601,21.150820291031387,21.466292228377764,1.0635707254304312,1.0635707254304312,6.428921955678442,24.59749087427891,22.2616514753988,22.59369185127263,0.037832844004545,0.0465846634975942,0.1266489997840773,0.0343746294951813,1.227386923676217,5.068432345494323,30.71299905901331,1.1460902173715657,0.0020509560297107,0.0542109926883721,0.0,0.0,0.0,0.0146961540442152,0.0042440888764832,0.0,0.0188970631133766,11.835930616434082,0.1684485959106202,0.0109212318311735,-28.869903706876748,1158539000.0,5020316000.0,-12033105000.0,1158539000.0,0.0,161277000.0,0.0,0.0,141.27891861581463,0.0,0.0,0.6370377185908435,0.0,0.0402379053430102,0.0091925568526253,2012-07-25,0.27,amc,578276470.0,2025-04-25,2012-06-30,0.2592592592592592,12.75952380952381,1836917.253968254
2012-03-31,ACGL,USD,947484,2012-05-10,2012-05-10 16:11:37,2012,Q1,794320000.0,106472000.0,687848000.0,0.865958304,0,0.0,0.0,0.0,-514169000.0,-514169000.0,628162000.0,0.0,7521000.0,0.0,173679000.0,0.2186511733,173679000.0,0.2186511733,166158000.0,166158000.0,0.2091826971,1902000.0,157795000.0,0.1986541948,0.39,0.38,401863869,413444718,https://www.sec.gov/Archives/edgar/data/947484/000110465912035928/0001104659-12-035928-index.htm,https://www.sec.gov/Archives/edgar/data/947484/000110465912035928/a12-8727_110q.htm,1.9765897391487064,0.3926578430468453,0.3603732785442326,0.3442036238395943,4.710667332971902,12.042525773821184,12.042525773821184,12.042525773821184,1.6101771020375062,4987130614.29,5203875614.29,7.901281115196933,6.278490550772988,34.4365155211606,36.05423981760083,1.0305147136971593,1.0305147136971593,6.55135916795498,29.96260696048457,35.933156201724884,37.62118819205772,0.0316404386016797,0.0277359890281703,0.1321534899790389,0.0359040471104374,1.2479631964716518,6.455479812103906,23.092540885520545,0.8816785992596922,0.0012955345467565,0.0409455305934915,0.0,0.0,0.0,0.0448691833366707,0.0081805821331453,0.0,0.0093299929499446,10.314713975271202,0.1120893913517356,0.0088585259248933,-27.57222247317785,1297264000.0,4839456000.0,-11438272000.0,1297264000.0,0.0,509944000.0,0.0,0.0,116.47372079044256,0.0,0.0,0.7727064902642408,0.0,0.0326059375268625,0.0161696547046383,2012-04-25,0.24,amc,598044444.0,2025-04-25,2012-03-31,0.1250000000000001,12.364193548387098,1862605.661290323
2011-12-31,ACGL,USD,947484,2012-02-29,2012-02-29 15:21:13,2011,Q4,747674000.0,431480000.0,316194000.0,0.4229035649,0,0.0,0.0,0.0,0.0,-2458396000.0,609379000.0,0.0,8087000.0,-2628208000.0,0.0,0.0,2774590000.0,3.7109622643,-2636295000.0,138295000.0,0.1849669776,-4977000.0,136811000.0,0.1829821553,0.36,0.35,401863869,413444718,https://www.sec.gov/Archives/edgar/data/947484/000104746912001895/0001047469-12-001895-index.htm,https://www.sec.gov/Archives/edgar/data/947484/000104746912001895/a2207402z10-k.htm,1.860515606592141,0.3404411557088751,0.2728311959789548,0.2642188267987834,3.125232440341632,11.517547002962838,11.517547002962838,11.517547002962838,1.7881005371000398,4987130614.29,5345917614.29,9.113175501768865,6.670193980651995,45.48600080526445,46.96864394697683,1.0774863776816004,1.0774863776816004,7.15006488695608,0.0,48.75838066316432,50.347688964870976,0.0274328086792002,0.0212907999032057,0.1535028948991095,0.0414476475560952,0.0,9.381904292352054,343.0926177816248,0.765264671394271,0.0012955345467565,0.0472257347727887,0.0,0.0,0.0,0.0315666584580585,0.0046290228094062,0.0,0.0076236434595826,9.392739631436031,2.0890225027377407,0.0079811482700531,-28.012881645749545,1122052000.0,4628486000.0,-11257365000.0,1122052000.0,0.0,502956000.0,0.0,0.0,183.99167979975897,0.0,0.0,0.4891525535173569,0.0,0.0295584776533838,0.0086123691801713,2012-02-14,0.21,amc,453396774.0,2025-04-25,2011-12-31,0.4761904761904762,11.945238095238096,2642799.904761905
2011-09-30,ACGL,USD,947484,2011-11-08,2011-11-08 14:12:58,2011,Q3,825033000.0,105998000.0,719035000.0,0.8715227148,0,0.0,0.0,0.0,-544189000.0,-544189000.0,658312000.0,0.0,8125000.0,0.0,0.0,0.0,174846000.0,0.2119260684,166398000.0,166721000.0,0.2020779775,-2267000.0,162294000.0,0.1967121315,0.41,0.4,394682553,411422787,https://www.sec.gov/Archives/edgar/data/947484/000110465911062033/0001104659-11-062033-index.htm,https://www.sec.gov/Archives/edgar/data/947484/000110465911062033/a11-25791_110q.htm,2.0903710937534146,0.4112013535090313,0.7852487971516694,0.7771967564018468,2.963285281069924,11.3366323542556,11.3366323542556,11.3366323542556,1.8299820818276709,4298093002.17,4642335002.17,6.62084396553477,5.209601315547379,13.868216085782322,14.011895842716775,0.9606027310140351,0.9606027310140351,5.626847655996791,0.0,14.9789464583898,15.134133785509835,0.037759536594034,0.071367929880794,0.159606121173233,0.0409716496152501,0.0,5.225552353506244,21.51950769230769,1.83400004734064,0.0015032248014963,0.0398104674233181,0.0,0.0,0.0,0.0102541268181876,0.0038519671334358,0.0,0.0070069924475748,10.241428991446654,0.162245317053682,0.009311172649866,-29.86222702375192,945742000.0,4474371000.0,-11786100000.0,945742000.0,0.0,139337500.0,0.0,0.0,105.12792694201778,0.0,0.0,0.8560998263538343,0.0,0.0362719139740535,0.0080520407498225,2011-10-25,0.21,amc,553511538.0,2025-04-25,2011-09-30,0.2380952380952382,10.945625,2590871.703125
2011-06-30,ACGL,USD,947484,2011-08-05,2011-08-05 15:44:14,2011,Q2,777252000.0,110563000.0,666689000.0,0.8577514114,0,0.0,0.0,0.0,-562320000.0,-562320000.0,680641000.0,0.0,7758000.0,0.0,0.0,0.0,104369000.0,0.1342794872,94332000.0,96611000.0,0.1242981684,-1731000.0,90142000.0,0.1159752564,0.23,0.22,393696807,413926797,https://www.sec.gov/Archives/edgar/data/947484/000110465911044252/0001104659-11-044252-index.htm,https://www.sec.gov/Archives/edgar/data/947484/000110465911044252/a11-14025_110q.htm,1.9742400400011373,0.2289629948662499,0.5638018801610448,0.552966130609233,2.8333884861809406,11.280937312758038,11.280937312758038,11.280937312758038,1.8445641089489453,4188934026.48,4496374026.48,11.617597863592998,5.389415564681725,18.8718774704348,19.24168481761682,0.9431840373731022,0.9431840373731022,5.784962954717388,0.0,20.256948224195487,20.65389698017005,0.0215190784648731,0.0519705009971083,0.1617648019068424,0.0417363249010706,0.0,4.3768971199874445,13.453080690899716,2.257092595228895,0.0015423971729221,0.0716758004038073,0.0,0.0,0.0,0.0192190731054616,0.0054885674144292,0.0,0.0178539263971015,7.623361254762815,0.0945001883521759,0.0052366106600713,-29.60918349535916,860636000.0,4441269000.0,-11657041000.0,860636000.0,0.0,143186000.0,0.0,0.0,126.05844631567524,0.0,0.0,0.7139545395841406,0.0,0.0202964513070476,0.0108357495518118,2011-07-25,0.06,amc,255760000.0,2025-04-25,2011-06-30,1.5,11.213968253968254,2258065.523809524
2011-03-31,ACGL,USD,947484,2011-05-09,2011-05-09 15:26:26,2011,Q1,775072000.0,102420000.0,672652000.0,0.8678574378,0,0.0,0.0,0.0,-639546000.0,-639546000.0,749687000.0,0.0,7721000.0,0.0,0.0,0.0,33106000.0,0.0427134511,24923000.0,25385000.0,0.032751796,-371000.0,25756000.0,0.0332304612,0.0643,0.0611,400497723,421381548,https://www.sec.gov/Archives/edgar/data/947484/000110465911027286/0001104659-11-027286-index.htm,https://www.sec.gov/Archives/edgar/data/947484/000110465911027286/a11-9421_110q.htm,1.9352719266271583,0.0643099786112891,0.5607522517674838,0.5405723617559743,3.862618714563828,10.80039848316441,10.80039848316441,10.80039848316441,1.82258963804396,4413484907.46,4728829907.46,42.83938604072837,5.694290217502374,19.652172532994925,20.385799903278556,1.0203327235729225,1.0203327235729225,6.101149193184633,0.0,21.056326954581888,21.84237225036721,0.0058357512351442,0.0490537533353878,0.1669670919319806,0.0420092734013084,0.0,6.639046788071461,4.287786556145577,8.719521664854792,0.0014639225318475,0.2508541699021587,0.0,0.0,0.0,0.0359871760619823,0.010427418355972,0.0,0.0072612608893109,3.9532140591584857,0.021941066419966,0.0014981416319692,-28.26348403483932,1305507000.0,4325535000.0,-11329412000.0,1305507000.0,0.0,131982000.0,0.0,0.0,115.56414762741652,0.0,0.0,0.7787882474603078,0.0,0.0059544079518487,0.0201798900115095,2011-04-25,-0.09,amc,2875950000.0,2025-04-25,2011-03-31,-1.2222222222222223,10.018064516129032,3173648.483870968
2010-12-31,ACGL,USD,947484,2011-02-28,2011-02-28 15:29:00,2010,Q4,825513000.0,432795000.0,392718000.0,0.4757260031,0,0.0,0.0,0.0,0.0,-2231500000.0,594906000.0,0.0,7460000.0,-2386151000.0,0.0,0.0,2624218000.0,3.1788936092,-2393611000.0,230607000.0,0.2793499315,-3505000.0,227651000.0,0.2757691278,0.58,0.56,400497723,421381548,https://www.sec.gov/Archives/edgar/data/947484/000104746911001529/0001047469-11-001529-index.htm,https://www.sec.gov/Archives/edgar/data/947484/000104746911001529/a2202059z10-k.htm,2.0612177113426435,0.5684202104689619,0.3608335121545747,0.3569558371746348,3.3664136462518663,11.268486038308888,11.268486038308888,11.268486038308888,1.8307969256544312,3916867730.94,4279897730.94,4.301395261760326,4.744768078685617,27.10391266488136,27.3983473065193,0.8679071852910356,0.8679071852910356,5.184530989748192,0.0,29.61600500259492,29.937728951734748,0.0581206759170717,0.0364985518583471,0.1608175310319979,0.0460198828315026,0.0,9.653164920122007,351.77184986595176,0.6172814721159103,0.0016495323416115,0.0283811623933125,0.0,0.0,0.0,0.0107464380367164,0.0018812544442062,0.0,0.0068018311038106,12.004907001936632,1.972486611642568,0.0144349757450355,-24.7430819974974,1146129000.0,4513003000.0,-9979208000.0,1146129000.0,0.0,131363000.0,0.0,0.0,27.54347901431393,0.0,0.0,3.267561078730408,0.0,0.0504433522423982,0.0038776749799398,2011-02-14,0.26,amc,540351724.0,2025-04-25,2010-12-31,0.1153846153846152,9.76984375,3077785.234375
2010-09-30,ACGL,USD,947484,2010-11-08,2010-11-08 15:30:57,2010,Q3,797352000.0,103121000.0,694231000.0,0.8706706699,0,0.0,0.0,0.0,-535629000.0,-535629000.0,646121000.0,0.0,7371000.0,0.0,158602000.0,0.1989108951,158602000.0,0.1989108951,151231000.0,151231000.0,0.1896665463,3200000.0,141570000.0,0.1775501911,0.32,0.31,440980119,460638081,https://www.sec.gov/Archives/edgar/data/947484/000110465910056851/0001104659-10-056851-index.htm,https://www.sec.gov/Archives/edgar/data/947484/000110465910056851/a10-17488_110q.htm,1.808135935488738,0.3210348809398367,0.6064309670159983,0.6013264285050456,3.0538519583464487,10.698690931234475,10.698690931234475,10.698690931234475,1.7328853775378477,4105524907.89,4496324907.89,7.249991007787667,5.148949156570749,15.352118388364543,15.4824394183797,0.870199920704295,0.870199920704295,5.639071461399734,28.349736496954645,16.813468155027223,16.956194287842276,0.0344828013898857,0.0645893048877599,0.1604093761856415,0.042753518267513,2.464029457383892,4.491910652867116,21.51702618369285,1.8065405219177064,0.0015737329927248,0.0456382001836547,0.0,0.0,0.0,0.0084173447409357,0.002823094442605,0.0,0.0076177146354433,8.790886861387868,0.1105139596242292,0.0079976738559109,-26.38848895589327,891394000.0,4717910000.0,-11836819000.0,891394000.0,0.0,129498500.0,0.0,0.0,113.69808283472813,0.0,0.0,0.7915700753795846,0.0,0.0300069310351405,0.0051045385109526,2010-10-25,0.26,amc,585092857.0,2025-04-25,2010-09-30,0.0769230769230769,8.78375,2530969.203125
2010-06-30,ACGL,USD,947484,2010-08-05,2010-08-05 16:31:11,2010,Q2,776315000.0,101533000.0,674782000.0,0.8692115958,0,0.0,0.0,0.0,-421995000.0,-421995000.0,531444000.0,0.0,7916000.0,0.0,252787000.0,0.3256242633,252787000.0,0.3256242633,244871000.0,244871000.0,0.3154273716,1420000.0,236990000.0,0.3052755647,0.52,0.49,458887860,479387727,https://www.sec.gov/Archives/edgar/data/947484/000110465910042404/0001104659-10-042404-index.htm,https://www.sec.gov/Archives/edgar/data/947484/000110465910042404/a10-12844_110q.htm,1.6917313959885538,0.5164442572091578,0.4478523358626223,0.4346530326603105,2.408884819920928,9.5840473966777,9.5840473966777,9.5840473966777,1.6760717967130356,3799591480.8,4219335480.8,4.008177012532174,4.894394003465088,18.4882367176932,19.04967727780925,0.86393562732904,0.86393562732904,5.435081739757701,16.691267671201445,20.530647453701448,21.15411081486235,0.0623724948320238,0.0524943276159795,0.1730815099489472,0.0453713355687612,1.660465134678603,3.530515562247017,31.93367862556847,0.8441698740198232,0.0017004459644276,0.0272627537026878,0.0,0.0,0.0,0.0294724446996311,0.0078022452226222,0.0,0.015818321171174,10.553037021340254,0.2672829668365046,0.0141255506887569,-24.56806767561905,642050000.0,4398003000.0,-11483623000.0,642050000.0,0.0,121488500.0,0.0,0.0,114.10152364255956,0.0,0.0,0.7887712374633904,0.0,0.0538858204507818,0.0131993032023117,2010-07-26,0.25,amc,561071428.0,2025-04-25,2010-06-30,0.1200000000000001,8.308253968253968,3786077.158730159
2010-03-31,ACGL,USD,947484,2010-05-07,2010-05-07 15:38:05,2010,Q1,844887000.0,106806000.0,738081000.0,0.8735854617,0,0.0,0.0,0.0,-507074000.0,-507074000.0,621140000.0,0.0,7260000.0,0.0,231007000.0,0.2734176286,231007000.0,0.2734176286,223747000.0,223747000.0,0.2648247635,6753000.0,210533000.0,0.2491848022,0.44,0.42,477351234,499624443,https://www.sec.gov/Archives/edgar/data/947484/000110465910026866/0001104659-10-026866-index.htm,https://www.sec.gov/Archives/edgar/data/947484/000110465910026866/a10-6021_110q.htm,1.7699482892716267,0.44104421441592,0.3867655236856473,0.3829884306950383,2.485507348662264,9.17302960193039,9.17302960193039,9.17302960193039,1.5795622725885736,4043164951.980001,4451202951.9800005,4.801105945362485,4.785450541883116,21.899573465819536,22.115550552346573,0.923359061025766,0.923359061025766,5.268400332801902,19.26869294861195,24.109688131922898,24.34746172180287,0.0520713358224226,0.0452170520301107,0.1705383514088587,0.0440945571878912,1.7663447428000016,4.707057977914064,31.81914600550964,0.8508207600210144,0.0015980055418802,0.0306887756313737,0.0,0.0,0.0,0.0097658471588047,0.0021340131875623,0.0,0.0083987562833846,9.540886320381391,0.2164140776318319,0.0124317497628889,-23.818706625570385,794252000.0,4378757000.0,-11547843000.0,794252000.0,0.0,135377000.0,0.0,0.0,96.27605190719623,0.0,0.0,0.9348119103051096,0.0,0.0480805397513495,0.003777092990609,2010-04-26,0.17,bmo,575195000.0,2025-04-25,2010-03-31,0.1764705882352941,8.109016393442623,4138691.6393442624
2009-12-31,ACGL,USD,947484,2010-02-26,2010-02-26 17:25:36,2009,Q4,926210000.0,392138000.0,534072000.0,0.5766208527,0,0.0,0.0,0.0,0.0,-2361249000.0,634858000.0,0.0,7015000.0,-2596954000.0,0.0,0.0,2895321000.0,3.125987627,-2603969000.0,291352000.0,0.3145636519,195000.0,284696000.0,0.3073773766,0.61,0.58,477351234,499624443,https://www.sec.gov/Archives/edgar/data/947484/000104746910001560/0001047469-10-001560-index.htm,https://www.sec.gov/Archives/edgar/data/947484/000104746910001560/a2196539z10-k.htm,1.94031131382809,0.5964078014722384,0.385424791842059,0.3772609918507092,1.8980992096901128,9.056955742571729,9.056955742571729,9.056955742571729,1.3084285857319058,3794942310.3,4077936310.3,3.332451378224492,4.097280649420758,20.62659218677813,21.07294465033373,0.877778386685877,0.877778386685877,4.402820429816132,0.0,22.164745168303597,22.644382741023733,0.0750198492417909,0.0474542128114099,0.1428441238493584,0.0401647655177392,0.0,3.532397660818713,412.7328581610834,0.631903062608833,0.0017025291748082,0.0226943827802287,0.0,0.0,0.0,0.0211813047944647,0.0042074691484652,0.0,0.0066928666285183,11.024376576719328,3.671405380215381,0.0185158616240206,-21.2555876623124,649560000.0,4323349000.0,-10146381000.0,649560000.0,0.0,158199000.0,0.0,0.0,35.91847767877635,0.0,0.0,2.5056741214057507,0.0,0.065850802236877,0.0081637999913497,2010-02-16,0.28,amc,667240000.0,2025-04-25,2009-12-31,0.0714285714285712,7.741875,4222411.109375
2009-09-30,ACGL,USD,947484,2009-11-09,2009-11-09 16:46:42,2009,Q3,976225000.0,99743000.0,876482000.0,0.8978278573,0,0.0,0.0,0.0,-587408000.0,-587408000.0,693152000.0,0.0,6001000.0,0.0,289074000.0,0.296114113,289074000.0,0.296114113,283073000.0,283073000.0,0.2899669646,2205000.0,274407000.0,0.2810899127,0.51,0.49,541405971,562804344,https://www.sec.gov/Archives/edgar/data/947484/000110465909063725/0001104659-09-063725-index.htm,https://www.sec.gov/Archives/edgar/data/947484/000110465909063725/a09-31084_110q.htm,1.803129356325477,0.5068414733091298,0.5358622097649529,0.5283502867019544,3.145148171999012,8.239329152134527,8.239329152134527,8.239329152134527,1.155960653415106,4060544782.5,4295238782.5,3.699381559599427,4.159435358139773,13.99613531861064,14.195128097338946,0.9102682829532316,0.9102682829532316,4.399845099746472,14.858613304897707,14.80509302217366,15.01558731454421,0.0675788631078839,0.0704467048935939,0.1389526414638378,0.03607271400815,0.811882078637304,4.198978060623783,48.17097150474921,1.0329371804548757,0.0015911658031319,0.0235453177214866,0.0,0.0,0.0,0.0140183855590292,0.0041660477861148,0.0,0.006736152014136,9.6933357956537,0.2487211583451542,0.0159695362097086,-20.353543533416257,831408000.0,4460822000.0,-11631026000.0,831408000.0,0.0,159436000.0,0.0,0.0,144.27899702234745,0.0,0.0,0.6237914170283556,0.0,0.061514895685145,0.0075119230629985,2009-10-26,0.27,amc,714439285.0,2025-04-25,2009-09-30,0.037037037037037,7.01578125,3547223.390625
2009-06-30,ACGL,USD,947484,2009-08-07,2009-08-07 14:11:36,2009,Q2,848744000.0,99294000.0,749450000.0,0.8830106605,0,0.0,0.0,0.0,-576330000.0,-576330000.0,681336000.0,0.0,5712000.0,0.0,173120000.0,0.2039719868,173120000.0,0.2039719868,167408000.0,167408000.0,0.1972420424,8818000.0,152129000.0,0.1792401478,0.28,0.27,543756519,563636853,https://www.sec.gov/Archives/edgar/data/947484/000110465909048164/0001104659-09-048164-index.htm,https://www.sec.gov/Archives/edgar/data/947484/000110465909048164/a09-18749_110q.htm,1.5608897922932303,0.2797741170621257,0.4114746070750096,0.404353772906215,2.8579427477172,7.411346547920651,7.411346547920651,7.411346547920651,0.7461280661905959,3539854938.69,3603161938.69,5.817192873630274,4.170698041682769,15.821146403849076,16.099763217765044,0.8783828900601692,0.8783828900601692,4.245287081487469,20.8130888325439,16.10409283321862,16.387692448674215,0.0429760548482528,0.0621127147321374,0.0992563712664715,0.0240356665255572,0.365682763401109,3.85193880466765,30.30812324929972,1.4108203543729112,0.0018252160362229,0.0424705348750074,0.0,0.0,0.0,0.0173056466823394,0.0045620351955359,0.0,0.0117220269009265,6.830359878910738,0.18173561615,0.0091413047821662,-20.33620124745576,738578000.0,4029968000.0,-11614415000.0,738578000.0,0.0,152977500.0,0.0,0.0,144.0939029548613,0.0,0.0,0.6245927006931952,0.0,0.0377494312609926,0.0071208341687945,2009-07-23,0.28,amc,680689655.0,2025-04-25,2009-06-30,0.0357142857142855,6.387142857142857,5519891.015873016
2009-03-31,ACGL,USD,947484,2009-05-11,2009-05-11 14:48:23,2009,Q1,750443000.0,87116000.0,663327000.0,0.8839139015,0,0.0,0.0,0.0,-501795000.0,-501795000.0,594623000.0,0.0,5712000.0,0.0,161532000.0,0.2152488597,161532000.0,0.2152488597,155820000.0,155820000.0,0.2076373555,9490000.0,139869000.0,0.1863819104,0.26,0.25,542821950,563039721,https://www.sec.gov/Archives/edgar/data/947484/000110465909031434/0001104659-09-031434-index.htm,https://www.sec.gov/Archives/edgar/data/947484/000110465909031434/a09-11398_110q.htm,1.3824846250229932,0.2576701255356383,0.5430933660659817,0.5290058738413213,2.845437624620744,6.68800515528158,6.68800515528158,6.68800515528158,0.7474126645026054,3246075261.0,3402038261.0,5.801991972846021,4.325545392521484,11.010998059721238,11.304222307735168,0.8941380667563539,0.8941380667563539,4.533373302169519,21.061079296981404,11.540039487386492,11.847352174427837,0.0430886497551234,0.088462520709251,0.1101808177399931,0.0248566285202345,0.9655238590496,4.023568614589786,28.279411764705884,2.0146449805234745,0.0019904036353148,0.0461932236592811,0.0,0.0,0.0,0.0259393561123869,0.0101899811178197,0.0,0.005753934675918,6.22689572570065,0.1668849918681752,0.0086916794362417,-20.112165692636417,746764000.0,3630396000.0,-11468146000.0,746764000.0,0.0,142745000.0,0.0,0.0,151.84684788098627,0.0,0.0,0.5927024581408481,0.0,0.0385272019911877,0.0140874922246604,2009-04-28,0.28,bmo,658373333.0,2025-04-25,2009-03-31,0.0714285714285712,6.483934426229508,6071604.491803279
2008-12-31,ACGL,USD,947484,2009-03-02,2009-03-02 12:45:33,2008,Q4,534906000.0,395802000.0,139104000.0,0.2600531682,0,0.0,0.0,0.0,0.0,-2388872000.0,669238000.0,0.0,6285000.0,-2656023000.0,0.0,0.0,2527976000.0,4.726019151,-2662308000.0,-134332000.0,-0.2511319746,2179000.0,-136511000.0,-0.2552055875,-0.25,-0.24,542821950,563039721,https://www.sec.gov/Archives/edgar/data/947484/000104746909002082/0001047469-09-002082-index.htm,https://www.sec.gov/Archives/edgar/data/947484/000104746909002082/a2190626z10-k.htm,0.9854170414442526,-0.2514839350177346,0.305995363673116,0.300938456891804,2.69244639057061,6.324292891987879,6.324292891987879,6.324292891987879,0.7484682592514912,4228582990.5,4376843990.5,-7.744033430456153,7.90528240569371,25.457902062600464,25.88569131528686,1.231758258677266,1.231758258677266,8.182454469570354,0.0,26.350497531622327,26.7932857715664,-0.032282918487514,0.0386313808590249,0.116517354531724,0.0273662483165481,0.0,3.066236494220344,402.22370723945903,-1.216759089011142,0.0015279350114483,-0.0473295192328823,0.0,0.0,0.0,0.0165260895479256,0.0051317427734966,0.0,0.0111683174239959,,4.645470428120838,-0.0093394848098507,-17.910220837606143,492816000.0,3432965000.0,-10452255000.0,492816000.0,0.0,157652500.0,0.0,0.0,31.49506571467552,0.0,0.0,2.8575904814849578,0.0,-0.0397647514612004,0.0050569067813119,2009-02-17,0.14,bmo,612675000.0,2025-04-25,2008-12-31,0.1428571428571427,7.2453125,5835927.75
2008-09-30,ACGL,USD,947484,2008-11-10,2008-11-10 13:29:14,2008,Q3,746799000.0,95652000.0,651147000.0,0.8719173432,0,0.0,0.0,0.0,-613904000.0,-613904000.0,715797000.0,0.0,6241000.0,0.0,37243000.0,0.0498701793,37243000.0,0.0498701793,31002000.0,31002000.0,0.0415131782,-1849000.0,26390000.0,0.0353374871,0.0489,0.0467,540989388,565478190,https://www.sec.gov/Archives/edgar/data/947484/000110465908069596/0001104659-08-069596-index.htm,https://www.sec.gov/Archives/edgar/data/947484/000110465908069596/a08-25739_110q.htm,1.3804318838135878,0.0487809938334686,0.7064630258514424,0.7031875457046858,2.168053618086867,6.500515681095024,6.500515681095024,6.500515681095024,0.7509223082948903,4387423936.679999,4548326936.679999,41.56331883933308,5.874972966862568,11.479723217256383,11.533196299534456,1.247593329185517,1.247593329185517,6.090429870259601,122.12568634857556,11.900726961477174,11.95616109868907,0.006014919091673,0.0867062325159908,0.1137426742608858,0.0247972791433432,4.320355503047552,3.50621522810364,5.967473161352348,11.634014185260725,0.001472618122444,0.2448275862068965,0.0,0.0,0.0,0.0046364495053494,0.0023727937503933,0.0,0.0090948166775799,2.6711020844329245,0.041089388949039,0.001636000491482,-21.1486551377603,788330000.0,3516710000.0,-11511212000.0,788330000.0,0.0,215813000.0,0.0,0.0,166.3492660895747,0.0,0.0,0.5410303400529424,0.0,0.0075041729343619,0.0032754801467565,2008-10-23,0.08,bmo,700124062.0,2025-04-25,2008-09-30,0.375,7.6965625,3784082.96875
2008-06-30,ACGL,USD,947484,2008-08-08,2008-08-08 14:57:06,2008,Q2,835915000.0,102578000.0,733337000.0,0.8772865662,0,0.0,0.0,0.0,-523553000.0,-523553000.0,631919000.0,0.0,5788000.0,0.0,209784000.0,0.2509633156,209784000.0,0.2509633156,203996000.0,203996000.0,0.2440391667,5253000.0,192282000.0,0.2300257801,0.34,0.32,566959950,591733071,https://www.sec.gov/Archives/edgar/data/947484/000110465908051296/0001104659-08-051296-index.htm,https://www.sec.gov/Archives/edgar/data/947484/000110465908051296/a08-19080_110q.htm,1.474381038731219,0.339145648647669,0.4519948895861163,0.4485748949286453,3.1930615204830604,6.854510622840291,6.854510622840291,6.854510622840291,0.7157260402608685,4178494831.5,4331950831.5,5.432769098901613,4.998707801032402,16.305494088104798,16.429809343593213,1.0752044026953609,1.0752044026953609,5.182286274920297,20.649576857624982,16.904316391753785,17.033197148126014,0.0460170486631844,0.0608649789591106,0.1029274364146462,0.0245677579378118,0.7314952522594669,2.5142490770228,36.24464409122322,1.289418998404975,0.0015462505664224,0.0336016891856752,0.0,0.0,0.0,0.0075664454095987,0.002319613836335,0.0,0.0154453503047558,7.232236352282324,0.2902142806517194,0.0118098440794958,-18.669627369622845,537301000.0,3886233000.0,-11503138000.0,537301000.0,0.0,127415000.0,0.0,0.0,223.58302949950283,0.0,0.0,0.4025350233488993,0.0,0.0494777333217025,0.0034199946574709,2008-07-24,0.29,bmo,778265689.0,2025-04-25,2008-06-30,0.0689655172413793,7.77625,3448873.171875
2008-03-31,ACGL,USD,947484,2008-05-08,2008-05-08 16:41:39,2008,Q1,849193000.0,97187000.0,752006000.0,0.8855536963,0,0.0,0.0,0.0,-542643000.0,-542643000.0,645354000.0,0.0,5524000.0,0.0,209363000.0,0.246543483,209363000.0,0.246543483,203839000.0,203839000.0,0.2400384836,7956000.0,189422000.0,0.2230611887,0.32,0.31,587659644,612174717,https://www.sec.gov/Archives/edgar/data/947484/000110465908031322/0001104659-08-031322-index.htm,https://www.sec.gov/Archives/edgar/data/947484/000110465908031322/a08-11789_110q.htm,1.445042225836423,0.3223328365900177,0.5692836038950464,0.5641020331830034,3.605544504601034,6.814393400816885,6.814393400816885,6.814393400816885,0.5198995764289712,4483843083.72,4525163083.72,5.917796089841729,5.280122520699064,13.40281003667668,13.525921821176471,1.1196888044481468,1.1196888044481468,5.328780481845706,21.61395797595564,13.526321074055808,13.650567371704376,0.0422454569580626,0.0739321144407606,0.0749148966773745,0.0183436032034045,0.197360565142838,0.0,37.90061549601738,1.707881745735975,0.0014409514069434,0.0341090264066475,0.0,0.0,0.0,0.0091019145406447,0.0035857573013437,0.0,0.0054169075816687,7.030029301277919,0.2127636063918916,0.0115822733533176,-17.409904022608025,889965000.0,4004544000.0,-11459966000.0,889965000.0,0.0,150654500.0,0.0,0.0,0.0,0.0,0.0,0.0,0.0,0.0473017651947387,0.0051815707120429,2008-04-24,0.3,bmo,764273699.0,2025-04-25,2008-03-31,0.1,7.669344262295081,3782785.6885245903
2007-12-31,ACGL,USD,947484,2008-02-29,2008-02-29 16:05:46,2007,Q4,858198000.0,388138000.0,470060000.0,0.5477290788,0,0.0,0.0,0.0,0.0,-2348667000.0,618372000.0,0.0,5523000.0,-2573378000.0,0.0,0.0,2818727000.0,3.2844716487,-2578901000.0,239826000.0,0.2794529934,-1044000.0,234409000.0,0.2731409302,0.41,0.39,587659644,612174717,https://www.sec.gov/Archives/edgar/data/947484/000104746908002070/0001047469-08-002070-index.htm,https://www.sec.gov/Archives/edgar/data/947484/000104746908002070/a2182808z10-k.htm,1.460365721488951,0.3988856515728345,0.5664333145871082,0.5402429845939872,4.156613483569411,6.867599368453486,6.867599368453486,6.867599368453486,0.5198978747637127,4595498416.08,4655583416.08,4.901153983080855,5.35482303160809,13.805685150599333,14.474968158775855,1.1386802841064658,1.1386802841064658,5.424836012295531,0.0,13.986191053804788,14.664224771024225,0.0510083953417947,0.0690847806386173,0.0743345017891075,0.0192009007526561,0.0,3.116239475090356,510.36157885207314,1.3819487690455432,0.0014059410786417,0.0275629348702481,0.0,0.0,0.0,0.0462372698050289,0.0179340898021202,0.0,0.0,7.850872823998743,4.075177608612557,0.0150028798150978,-15.563059490945747,637642000.0,4035811000.0,-10649505000.0,637642000.0,0.0,150654500.0,0.0,0.0,69.86641349210848,0.0,0.0,1.2881726068587398,0.0,0.0580822540996097,0.0261903299931209,2008-02-11,0.31,bmo,747462774.0,2025-04-25,2007-12-31,0.129032258064516,7.91828125,3579683.328125
2007-09-30,ACGL,USD,947484,2007-11-09,2007-11-09 13:28:43,2007,Q3,867163000.0,95545000.0,771618000.0,0.8898188691,0,0.0,0.0,0.0,-557775000.0,-557775000.0,658844000.0,0.0,5524000.0,0.0,213843000.0,0.2466006968,213843000.0,0.2466006968,208319000.0,208319000.0,0.2402304988,2113000.0,199745000.0,0.2303430843,0.32,0.31,626056101,651410460,https://www.sec.gov/Archives/edgar/data/947484/000104746907008853/0001047469-07-008853-index.htm,https://www.sec.gov/Archives/edgar/data/947484/000104746907008853/a2180929z10-q.htm,1.3851202769446376,0.3190528767005818,0.6813814278283026,0.6756199633297719,3.9725082081741423,6.189213704348199,6.189213704348199,6.189213704348199,0.4880137730660019,5252610687.39,5301806687.39,6.574145394615636,6.057235707000876,12.313220844220234,12.41822393561337,1.355584150229883,1.355584150229883,6.113967832333714,24.792986851989543,12.428546583876996,12.534533135189704,0.0380277564601408,0.0805268132693411,0.0774234507890094,0.0193998940248455,0.2300566303315984,0.0,38.71162201303403,2.068722539596326,0.0012300549925603,0.0323462414578587,0.0,0.0,0.0,0.0084555643333184,0.0041595409398233,0.0,0.0058754813108954,6.665616612884103,0.1297673094080322,0.0129167727733092,-14.538943052325594,1566707000.0,3874795000.0,-10022500000.0,1566707000.0,0.0,0.0,0.0,0.0,0.0,0.0,0.0,0.0,0.0,0.051549823926169,0.0057614644985306,2007-10-25,0.28,bmo,743282571.0,2025-04-25,2007-09-30,0.1428571428571427,7.886984126984127,3827236.4285714286
2007-06-30,ACGL,USD,947484,2007-08-08,2007-08-08 15:40:35,2007,Q2,867310000.0,100505000.0,766805000.0,0.8841187119,0,0.0,0.0,0.0,-549390000.0,-549390000.0,655418000.0,0.0,5523000.0,0.0,217415000.0,0.2506773818,217415000.0,0.2506773818,211892000.0,211892000.0,0.2443094165,6037000.0,199394000.0,0.2298993439,0.31,0.29,652453407,677293614,https://www.sec.gov/Archives/edgar/data/947484/000110465907060189/0001104659-07-060189-index.htm,https://www.sec.gov/Archives/edgar/data/947484/000110465907060189/a07-21162_110q.htm,1.3293056495603524,0.3056064967410002,0.419757176622422,0.412308368864108,3.7927413259718015,5.677136421175896,5.677136421175896,5.677136421175896,0.4682679203175653,5258774460.42,5313631460.42,6.59344621756422,6.063315839111737,19.20157759982765,19.54847538555901,1.419729843013099,1.419729843013099,6.126565426917711,24.44004075348987,19.40187920057545,19.752395656773675,0.0379164388016129,0.051154884474455,0.080992055489277,0.0196158330635066,0.2523146976979509,0.0,39.36538113344197,1.3304121833329283,0.0012286132536446,0.0324031816403703,0.0,0.0,0.0,0.0177455161535315,0.0056035327622188,0.0,0.0,6.247945253994857,0.1476741115929959,0.0130375980595494,-13.9705209631927,1359628000.0,3704067000.0,-10230073000.0,1359628000.0,0.0,0.0,0.0,0.0,0.0,0.0,0.0,0.0,0.0,0.0538310997074297,0.0074488077583139,2007-07-25,0.28,bmo,774383928.0,2025-04-25,2007-06-30,0.107142857142857,7.893015873015873,4119442.253968254
2007-03-30,ACGL,USD,947484,2007-05-10,2007-05-10 13:23:32,2007,Q1,859774000.0,90813000.0,768961000.0,0.8943757313,0,0.0,0.0,0.0,-549931000.0,-549931000.0,646267000.0,0.0,5523000.0,0.0,219030000.0,0.2547529932,219030000.0,0.2547529932,213507000.0,213507000.0,0.2483292121,8495000.0,198551000.0,0.2309339431,0.3,0.29,665387964,689766174,https://www.sec.gov/Archives/edgar/data/947484/000110465907038098/0001104659-07-038098-index.htm,https://www.sec.gov/Archives/edgar/data/947484/000110465907038098/a07-10767_110q.htm,1.2921393931315537,0.2983988450984364,0.6058585694525728,0.599639641212386,3.2793334386192776,5.6859279167845,5.6859279167845,5.6859279167845,0.4591652036555323,5043640767.12,5118391767.12,6.3505607716909,5.866240159762914,12.511170728919383,12.64092544761437,1.333115739583036,1.333115739583036,5.953182774915268,23.368450747020955,12.696596806298697,12.828274599103242,0.0393666022557304,0.0791081320860667,0.079294846786497,0.0200509682244954,0.3412820161621696,0.0,39.65779467680608,1.9663775778978791,0.0012810190690264,0.0325407577901899,0.0,0.0,0.0,0.0102646534253133,0.0048128926904046,0.0,0.0050082928769653,6.178606014533756,0.1936244375385388,0.0132704659731393,-13.520674383584131,1021931000.0,3783348000.0,-10156592000.0,1021931000.0,0.0,0.0,0.0,0.0,0.0,0.0,0.0,0.0,0.0,0.0524802370810192,0.0062189282401868,2007-04-26,0.25,bmo,687819200.0,2025-04-25,2007-03-30,0.1999999999999999,7.30327868852459,2050728.9672131147
2006-12-31,ACGL,USD,947484,2007-03-01,2007-03-01 16:05:27,2006,Q4,902761000.0,-2217615000.0,3120376000.0,3.4564807297,0,0.0,0.0,0.0,163300000.0,163300000.0,658470000.0,0.0,5523000.0,-2707262000.0,0.0,0.0,2957076000.0,3.2755912141,-2712785000.0,244291000.0,0.2706042906,-1448000.0,239278000.0,0.2650513259,0.37,0.36,665387964,689766174,https://www.sec.gov/Archives/edgar/data/947484/000110465907015520/0001104659-07-015520-index.htm,https://www.sec.gov/Archives/edgar/data/947484/000110465907015520/a07-5876_110k.htm,1.3567438078876943,0.3596067451559734,0.5394897705122902,0.5331656404894033,3.2553804955810715,5.396278854241493,5.396278854241493,5.396278854241493,0.4591652036555323,4997063609.639999,4980046609.639999,5.220981044684425,5.535311793088092,13.920560519374876,14.085678876655331,1.3916997625311958,1.3916997625311958,5.516461842769016,0.0,13.873155443741815,14.037711506982143,0.0478837210593839,0.0709940932742214,0.0835510534534574,0.0209607470186656,0.0,20.04079803792095,535.4111895708854,1.4607774915662552,0.0012929593266605,0.0270020645441703,0.0,0.0,0.0,0.0117224280580549,0.0046612558584165,0.0,0.0191180168394514,6.60773116745644,0.2087608016882715,0.0167181520837742,-12.858298410699836,1211109000.0,3590619000.0,-9447133000.0,1211109000.0,0.0,0.0,0.0,0.0,0.0,0.0,0.0,0.0,0.0,0.0666397632274546,0.0063241300228869,2007-02-12,0.27,bmo,647746875.0,2025-04-25,2006-12-31,0.1851851851851851,7.428571428571429,2060804.396825397
2006-09-30,ACGL,USD,947484,2006-11-09,2006-11-09 13:27:00,2006,Q3,850349000.0,82791000.0,767558000.0,0.9026387989,0,0.0,0.0,0.0,-567528000.0,-567528000.0,655680000.0,0.0,5361000.0,0.0,200030000.0,0.2352328279,200030000.0,0.2352328279,194669000.0,194669000.0,0.2289283577,2371000.0,185810000.0,0.2185102822,0.28,0.27,659197242,686555190,https://www.sec.gov/Archives/edgar/data/947484/000110465906073406/0001104659-06-073406-index.htm,https://www.sec.gov/Archives/edgar/data/947484/000110465906073406/a06-21620_110q.htm,1.289976574264854,0.2818731453369764,0.6475027090601814,0.6469672092469101,2.912263398092312,5.076248483454668,5.076248483454668,5.076248483454668,0.4632316104259429,4647340556.099999,4759201556.099999,6.252812760481136,5.465215524566971,10.887985334042432,10.896997404561535,1.388820902479164,1.388820902479164,5.596762689319326,23.7924389146628,11.150057999634516,11.15928698974627,0.0399820064307767,0.091768398474739,0.0896526229817326,0.0214994027465917,0.5592211168324751,0.0,37.31206864390972,2.2196382697687964,0.0013491587122381,0.0337441472471879,0.0,0.0,0.0,0.0008270232784795,0.0004151236727508,0.0,0.0,5.674002806416915,0.1715087652834906,0.0133160134144806,-13.179471099789582,1075326000.0,3346249000.0,-9532301000.0,1075326000.0,0.0,0.0,0.0,0.0,0.0,0.0,0.0,0.0,0.0,0.0555278462541191,0.0005354998132713,2006-10-26,0.24,bmo,628800000.0,2025-04-25,2006-09-30,0.2083333333333333,6.650793650793651,1974021.396825397
2006-06-30,ACGL,USD,947484,2006-08-04,2006-08-04 14:24:45,2006,Q2,859219000.0,84367000.0,774852000.0,0.9018096667,0,0.0,0.0,0.0,-611982000.0,-611982000.0,702000000.0,0.0,5651000.0,0.0,162870000.0,0.1895558641,162870000.0,0.1895558641,157219000.0,157219000.0,0.1829789611,14332000.0,137848000.0,0.1604340686,0.21,0.2,658692909,685398942,https://www.sec.gov/Archives/edgar/data/947484/000110465906051512/0001104659-06-051512-index.htm,https://www.sec.gov/Archives/edgar/data/947484/000110465906051512/a06-15271_110q.htm,1.3044303168595368,0.2092750629565377,0.6072268192581985,0.6010372885310657,3.191578308003313,4.578430948313123,4.578430948313123,4.578430948313123,0.4640265529258946,4353960128.49,4287587128.49,7.896306309286315,5.0673461928681744,10.885553454432266,10.997653766465689,1.4437260438394048,1.4437260438394048,4.990098133875065,26.32521107932707,10.719610997884873,10.830002421046782,0.0316603726106713,0.0909284854056075,0.0994767522829914,0.0229222630416788,-0.4075213360348744,0.0,28.82144753141037,2.7992469573859062,0.0010615623165118,0.0335296848702919,0.0,0.0,0.0,0.0101931115866952,0.0047450068026894,0.0,0.0,4.643103171520505,0.1039438915082465,0.0105326270525644,-12.09920873764864,1340044000.0,3015780000.0,-8731889000.0,1340044000.0,0.0,0.0,0.0,0.0,0.0,0.0,0.0,0.0,0.0,0.045708904495686,0.0061895307271328,2006-07-27,0.22,bmo,704792000.0,2025-04-25,2006-06-30,0.1363636363636363,6.493809523809524,2728082.8095238097
2006-03-31,ACGL,USD,947484,2006-08-04,2006-08-04 11:17:50,2006,Q1,840349000.0,82977000.0,757372000.0,0.9012588817,0,0.0,0.0,0.0,-608103000.0,-608103000.0,696635000.0,0.0,5555000.0,0.0,149269000.0,0.1776273905,149269000.0,0.1776273905,143714000.0,143714000.0,0.1710170417,11424000.0,129623000.0,0.1542490084,0.2,0.19,656093241,682697781,https://www.sec.gov/Archives/edgar/data/947484/000110465906051418/0001104659-06-051418-index.htm,https://www.sec.gov/Archives/edgar/data/947484/000110465906051418/a06-17401_110qa.htm,1.280837764338438,0.1975679551315481,0.6449967375902292,0.6379824906624819,3.3281992002719014,4.190797630850765,4.190797630850765,4.190797630850765,0.4657188657122593,4212118607.22,4264212607.22,8.12378707332032,5.012344403598981,9.953538717088316,10.062972094004431,1.531927944393891,1.531927944393891,5.074335314518135,28.567302033375984,10.076640579661513,10.187427390055808,0.0307738247868455,0.0993742197293585,0.1091086045227698,0.0242696062013697,0.3489940979037844,0.0,26.871107110711076,3.1988661274472747,0.0006331730534435,0.0205750522669587,0.0,0.0,0.0,0.0108748564433878,0.0054762961579058,0.0,0.003925749896769,4.316163187564825,0.0992617152046799,0.0104863305488005,-11.321526477972052,1300659000.0,2749554000.0,-8310927000.0,1300659000.0,0.0,0.0,0.0,0.0,0.0,0.0,0.0,0.0,0.0,0.04714328214685,0.0070142469277472,2006-04-27,0.2,bmo,727047619.0,2025-04-25,2006-03-31,0.0499999999999999,6.148548387096774,1830228.241935484
2005-12-31,ACGL,USD,947484,2006-03-13,2006-03-13 17:26:52,2005,Q4,818297000.0,-2052185000.0,2870482000.0,3.5078730583,0,0.0,0.0,0.0,0.0,-124856000.0,705053000.0,0.0,5607000.0,-2876487000.0,0.0,0.0,2995338000.0,3.6604533562,-2882094000.0,113244000.0,0.1383898511,12351000.0,100893000.0,0.1232963093,0.15,0.15,656093241,682697781,https://www.sec.gov/Archives/edgar/data/947484/000110465906016208/0001104659-06-016208-index.htm,https://www.sec.gov/Archives/edgar/data/947484/000110465906016208/a06-4988_110k.htm,1.247226688012779,0.1537784474752728,0.5281673066343935,0.5234118849884631,2.740072428211465,3.780753778562398,3.780753778562398,3.780753778562398,0.4657981227396915,3989046905.28,4066569905.28,9.884350017543335,4.874815507425788,11.511503880736566,11.616090834723812,1.60814492455837,1.60814492455837,4.969552503895285,0.0,11.735218050195224,11.84183754343971,0.025292507808433,0.0860874810836287,0.1209420417516116,0.0261132150625202,0.0,12.712633014239728,534.2140181915463,3.43459903065624,0.0,0.0,0.0,0.0,0.0,0.0090036274229713,0.0038127965763042,0.0,0.0100428084179704,3.6168308009852943,0.2337374879504292,0.0087821353576761,-10.98954470100996,833225000.0,2480527000.0,-8103545000.0,833225000.0,0.0,0.0,0.0,0.0,0.0,0.0,0.0,0.0,0.0,0.0406740180614845,0.0047554216459303,2006-02-13,0.11,bmo,621394284.0,2025-04-25,2005-12-31,0.9090909090909092,5.735396825396825,1926187.523809524
2005-09-30,ACGL,USD,947484,2005-11-09,2005-11-09 13:53:43,2005,Q3,798993000.0,71960000.0,727033000.0,0.9099366327,0,0.0,0.0,0.0,-808334000.0,-808334000.0,885926000.0,0.0,5632000.0,0.0,0.0,0.0,-81301000.0,-0.1017543333,-86933000.0,-86933000.0,-0.108803206,-642000.0,-86291000.0,-0.1079996946,-0.28,-0.28,312756930,312756930,https://www.sec.gov/Archives/edgar/data/947484/000110465905053949/0001104659-05-053949-index.htm,https://www.sec.gov/Archives/edgar/data/947484/000110465905053949/a05-18047_110q.htm,2.5546772057137157,-0.2759043580585089,1.3425793634692602,1.3331151447227725,2.068430586014513,7.518717490928179,7.518717490928179,7.518717490928179,0.977218954029252,1723290684.3,1861531684.3,-4.992672133536522,2.1568282629509894,4.104040438817721,4.133176359005231,0.7328377488113063,0.7328377488113063,2.329847300664712,0.0,4.433263279439677,4.464736459834844,-0.0500733862175152,0.2419446723634795,0.1275764597617467,0.0274555487801362,0.0,0.0,-14.435546875,-4.866104228714466,0.0,0.0,0.0,0.0,0.0,0.0070492806637755,0.0037046632448594,0.0,0.0,,-0.1145931084277415,-0.0078972225326224,-25.349737254423108,646916000.0,2351531000.0,-7928306000.0,646916000.0,0.0,0.0,0.0,0.0,0.0,0.0,0.0,0.0,0.0,-0.0366956676310029,0.0094642187464878,2005-10-27,-0.21,bmo,605769230.0,2025-04-25,2005-09-30,0.2380952380952382,5.07578125,1286629.9375
2005-06-30,ACGL,USD,947484,2005-08-03,2005-08-03 12:31:48,2005,Q2,796682000.0,74232000.0,722450000.0,0.9068235507,0,0.0,0.0,0.0,-583011000.0,-583011000.0,662872000.0,0.0,5629000.0,0.0,139439000.0,0.1750246648,139439000.0,0.1750246648,133810000.0,133810000.0,0.1679591104,7818000.0,125992000.0,0.1581459102,0.41,0.19,311072085,669712977,https://www.sec.gov/Archives/edgar/data/947484/000110465905035949/0001104659-05-035949-index.htm,https://www.sec.gov/Archives/edgar/data/947484/000110465905035949/a05-12684_110q.htm,2.561084836654501,0.4050250924958438,1.1500646224813134,1.135379923274054,1.0874810576461722,8.047626645766044,7.99405063942012,8.047626645766044,0.9825021746969036,1558471145.85,1696454145.85,3.0924009973847544,1.956202281274084,4.356276944847422,4.412619861687218,0.6225437909244737,0.6225437909244737,2.129399366183747,12.166281641793184,4.741970426104044,4.803301798915582,0.0808433318354977,0.2266227391764579,0.1198374046094259,0.0328635885023011,0.989558158047605,0.0,24.77154023805294,2.839489808876754,0.0,0.0,0.0,0.0,0.0018256818865978,0.0127685861474257,0.0057337808561006,0.0,0.0,8.56379246291628,0.3209668192146307,0.0138270746483365,-20.21064345905548,338285000.0,2486726000.0,-6286967000.0,354951000.0,0.0,0.0,0.0,0.0,0.0,0.0,0.0,0.0,0.0,0.0503285142718359,0.0146846992072593,2005-07-28,0.16,bmo,697317647.0,2025-04-25,2005-06-30,0.0625,4.67953125,1102952.75
2005-03-31,ACGL,USD,947484,2005-05-06,2005-05-06 16:10:48,2005,Q1,753557000.0,73401000.0,680156000.0,0.9025939644,0,0.0,0.0,0.0,-549206000.0,-549206000.0,628243000.0,0.0,5636000.0,0.0,130950000.0,0.1737758391,130950000.0,0.1737758391,125314000.0,125314000.0,0.1662966438,9422000.0,115892000.0,0.1537932764,0.37,0.17,309283362,666121914,https://www.sec.gov/Archives/edgar/data/947484/000110465905021217/0001104659-05-021217-index.htm,https://www.sec.gov/Archives/edgar/data/947484/000110465905021217/a05-8025_110q.htm,2.436461486732028,0.3747113949181657,1.0599988239910558,1.050234315546531,0.9439240381770037,7.400540349790947,7.346654489613314,7.400540349790947,0.9882070539572058,1376310960.9,1589587960.9,2.96895161206123,1.826419183817548,4.198117865117131,4.2371496856720645,0.6013074437362814,0.6013074437362814,2.109446214287705,12.138892408552884,4.848669963701807,4.89375026445416,0.0842048078467788,0.236007711358771,0.1310693863855607,0.0348202468593007,1.6286903398243604,0.0,23.234563520227116,2.8288406447382046,0.0,0.0,0.0,0.0,0.0019343807805236,0.0092118106393362,0.0040076596727254,0.0,0.0027801480179999,7.898987463365956,0.3275504502936401,0.0134773638503311,-19.512439857660368,291940000.0,2272198000.0,-6034873000.0,308606000.0,0.0,0.0,0.0,0.0,0.0,0.0,0.0,0.0,0.0,0.0506329777566513,0.0097645084445247,2005-04-28,0.15,bmo,620470588.0,2025-04-25,2005-03-31,0.1333333333333334,4.379016393442623,882767.7868852459
2004-12-31,ACGL,USD,947484,2005-03-15,2005-03-15 17:29:44,2004,Q4,808295000.0,275863000.0,532432000.0,0.6587100007,0,0.0,0.0,0.0,0.0,-2348455000.0,688331000.0,0.0,5620000.0,-2755303000.0,0.0,0.0,2880887000.0,3.5641529392,-2760923000.0,119964000.0,0.1484161105,12831000.0,107133000.0,0.1325419556,0.35,0.16,309283362,666121914,https://www.sec.gov/Archives/edgar/data/947484/000104746905006594/0001047469-05-006594-index.htm,https://www.sec.gov/Archives/edgar/data/947484/000104746905006594/a2150753z10-k.htm,2.61344481892951,0.3463910871481021,1.403075798173715,1.3977538177433546,0.8025164961831992,7.248711943321413,7.194826083143781,7.248711943321413,0.9881553214621356,1329918456.6,1516866456.6,3.103428580829436,1.6453379726461257,3.064695439545752,3.076364339281336,0.5932088395320767,0.5932088395320767,1.8766248171768969,0.0,3.495502817388258,3.508812026314937,0.0805560667786284,0.3250590273821755,0.1338147094481213,0.0365018833755092,0.0,0.0,512.6133451957295,4.0505539842998886,0.0,0.0,0.0,0.0,0.0020278012944541,0.0037930811986689,0.0020363852306398,0.0,0.0,7.516316068100586,7.950026321753072,0.013061674051778,-18.52231223482368,248205000.0,2225240000.0,-5728643000.0,264871000.0,0.0,0.0,0.0,0.0,0.0,0.0,0.0,0.0,0.0,0.0477865708910186,0.0053219804303601,2005-02-14,0.15,bmo,627166666.0,2025-04-25,2004-12-31,0.2,4.236875,1308290.21875
2004-09-30,ACGL,USD,947484,2004-11-09,2004-11-09 13:18:08,2004,Q3,795611000.0,70331000.0,725280000.0,0.9116012725,0,0.0,0.0,0.0,-703199000.0,-703199000.0,779864000.0,0.0,6334000.0,0.0,22081000.0,0.0277535127,22081000.0,0.0277535127,15747000.0,15747000.0,0.0197923357,-2282000.0,18029000.0,0.0226605716,0.0611,0.0278,296865765,661927050,https://www.sec.gov/Archives/edgar/data/947484/000110465904034595/0001104659-04-034595-index.htm,https://www.sec.gov/Archives/edgar/data/947484/000110465904034595/a04-12776_110q.htm,2.68003621097906,0.0607311523442253,1.714862608020834,1.70498945878788,0.7782069448122454,7.169752295284032,7.063903107857519,7.169752295284032,1.0318939942434926,1285428762.45,1492665762.45,17.82446007058073,1.6156498118427225,2.524983622447376,2.539605143997961,0.60392602445249,0.60392602445249,1.8761250943614405,67.59955447896381,2.9320618256515627,2.9490406308961914,0.0140256702873499,0.3937619997200646,0.1409473730698431,0.0391720184348741,9.385308636384222,0.0,3.48610672560783,28.2369515780132,0.0,0.0,0.0,0.0,0.0041030077842635,0.0057573995647083,0.0036839611317591,0.0,0.0,3.1300342930378915,0.0826473036314462,0.0023638064508093,-17.849990213590306,231023000.0,2097031000.0,-5299051000.0,262446000.0,0.0,0.0,0.0,0.0,0.0,0.0,0.0,0.0,0.0,0.0084704672969206,0.0098731492329538,2004-10-28,0.0111,bmo,741400000.0,2025-04-25,2004-09-30,1.454054054054054,4.266875,1625407.109375
2004-06-30,ACGL,USD,947484,2004-08-09,2004-08-09 12:21:34,2004,Q2,753808000.0,69155000.0,684653000.0,0.9082591323,0,0.0,0.0,0.0,-571037000.0,-571037000.0,644834000.0,0.0,4642000.0,0.0,113616000.0,0.1507227305,113616000.0,0.1507227305,108974000.0,108974000.0,0.1445646637,4692000.0,104282000.0,0.138340267,0.36,0.16,288214785,661500369,https://www.sec.gov/Archives/edgar/data/947484/000110465904023259/0001104659-04-023259-index.htm,https://www.sec.gov/Archives/edgar/data/947484/000110465904023259/a04-8819_110q.htm,2.615438344011394,0.3618204388785953,1.548851839783306,1.5323225003880352,0.9442680048492308,7.06939444484085,6.960368115743958,7.06939444484085,1.0569964341003533,1276791497.55,1388670497.55,3.060910553954661,1.693788733404262,2.8601831926156245,2.8910363183195287,0.6266449035437476,0.6266449035437476,1.842207163561544,12.22249064876426,3.1108070697487915,3.1443637040970205,0.0816750426362517,0.3458967269498951,0.147238974745571,0.0433768407866071,0.9847116603295312,0.0,24.475657044377424,4.280719587272971,0.0,0.0,0.0,0.0,0.0045434348934585,0.0106719951971541,0.0063199117016534,0.0,0.0,7.586280809089521,0.304165990738889,0.0151468979811785,-15.98279213885575,272152000.0,2006081000.0,-4606477000.0,303575000.0,0.0,0.0,0.0,0.0,0.0,0.0,0.0,0.0,0.0,0.0511812492147254,0.0165293393952707,2004-07-29,0.13,bmo,587681250.0,2025-04-25,2004-06-30,0.2307692307692307,4.433387096774194,1070645.1129032257
2004-03-31,ACGL,USD,947484,2004-05-10,2004-05-10 14:21:30,2004,Q1,746336000.0,57467000.0,688869000.0,0.9230011684,0,0.0,0.0,0.0,-590427000.0,-590427000.0,647894000.0,0.0,1374000.0,0.0,0.0,0.0,98442000.0,0.1319003773,98442000.0,98442000.0,0.1319003773,10987000.0,87455000.0,0.1171791258,0.36,0.14,245501982,622305540,https://www.sec.gov/Archives/edgar/data/947484/000104746904016622/0001047469-04-016622-index.htm,https://www.sec.gov/Archives/edgar/data/947484/000104746904016622/a2135713z10-q.htm,3.0400406298960143,0.3562293032729976,1.6171071075100325,1.592203031582857,1.7816678970844315,8.188109047526956,8.04195136803417,8.188109047526956,0.8202540702909682,1148949275.76,1270391275.76,3.284401337144817,1.5394531092698194,2.8940569108042,2.9393236334611617,0.5715605364847326,0.5715605364847326,1.7021707056339237,0.0,3.1999538435729704,3.2500051824430978,0.0761173724942302,0.34021432298779,0.0994927362840557,0.0307225797135733,0.0,9.56971579845538,71.646288209607,4.539511748899434,0.0,0.0,0.0,0.0,0.0055119380264122,0.015400387402614,0.0081920207520473,0.0,0.0035346010376023,8.101172666675286,0.1900460256683283,0.0135086750238029,-16.546791056049397,391696000.0,1974315000.0,-4062270000.0,427578000.0,0.0,0.0,0.0,0.0,0.0,0.0,0.0,0.0,0.0,0.0435056862586104,0.0249040759271752,2004-04-28,0.12,bmo,611057142.0,2025-04-25,2004-03-31,0.1666666666666668,4.706290322580646,1543380.564516129
2003-12-31,ACGL,USD,947484,2004-03-10,2004-03-10 13:02:12,2003,Q4,722898000.0,185943000.0,536955000.0,0.7427811392,0,0.0,0.0,0.0,0.0,-1586420000.0,636761000.0,0.0,0.0,-2037237000.0,86137000.0,0.1191551229,2123374000.0,2.9373078913,-2037237000.0,86137000.0,0.1191551229,2403000.0,83734000.0,0.1158310024,0.34,0.13,245501982,622305540,https://www.sec.gov/Archives/edgar/data/947484/000104746904007281/0001047469-04-007281-index.htm,https://www.sec.gov/Archives/edgar/data/947484/000104746904007281/a2129737z10-k.htm,2.9445709322216387,0.3410726028272961,1.900005027250656,1.8529219043127725,1.1659661468639386,6.968289974946108,6.822132295453321,6.968289974946108,0.8146573741306903,1087573780.26,1230674780.26,3.2471092395562136,1.5044636729663106,2.3315727782101168,2.390818517331434,0.6357370338960758,0.6357370338960758,1.7024182945035122,14.28741168440972,2.638356926734626,2.705398113546833,0.0769915582002925,0.4182667955559306,0.1169092240793252,0.0358081478217635,1.6613185971185438,1.431235,0.0,5.570676188883846,0.0,0.0,0.0,0.0,0.0064243398007025,0.024780525452616,0.0159898076907115,0.0,0.0,7.312700457268164,13.222495614223526,0.0150887323925895,-14.61635857587496,86247000.0,1674847000.0,-3588345000.0,122129000.0,486051000.0,0.0,0.0,0.0,0.0,0.0,0.0,0.0,0.0,0.0489463848452911,0.0470831229378832,2004-02-17,0.12,bmo,597257142.0,2025-04-25,2003-12-31,0.1666666666666668,4.12875,748401.625
2003-09-30,ACGL,USD,947484,2003-11-12,2003-11-12 11:19:27,2003,Q3,646899000.0,8859500.0,638039500.0,0.9863046627,0,0.0,0.0,0.0,-545542500.0,-545542500.0,555218000.0,0.0,0.0,0.0,92497000.0,0.1429852264,92497000.0,0.1429852264,91681000.0,91681000.0,0.141723824,9910000.0,82587000.0,0.127665988,0.35,0.14,236301975,609972498,https://www.sec.gov/Archives/edgar/data/947484/000104746903036935/0001047469-03-036935-index.htm,https://www.sec.gov/Archives/edgar/data/947484/000104746903036935/a2121850z10-q.htm,2.7375945545948146,0.3494977136775941,2.023834121572619,1.9936693292555003,1.919277229908891,6.924356006757878,6.772507931852876,6.924356006757878,0.846374644139136,867228248.25,1011340248.25,2.6251960001271386,1.3405929646668182,1.813389724424761,1.8408268342927736,0.5300131877127975,0.5300131877127975,1.5633665351932835,10.933762697709115,2.1147304850534048,2.1467269675955407,0.0952309846532954,0.5432341496608992,0.1222315321905907,0.0384397091420968,1.5580180978842555,7.128155,0.0,5.790693450543063,0.0,0.0,0.0,0.0,0.0068964682171835,0.0149047750483025,0.0110187216242411,0.0,0.0,7.379095360791921,0.0181588019800196,0.0159833298207049,-10.089244916382944,1225631000.0,1600357000.0,-2141083000.0,4563617000.0,486051000.0,0.0,0.0,135.24395616626398,0.0,0.0,0.6654641179629298,0.0,0.0,0.0504736777451215,0.0301647923171188,2003-11-03,0.09,bmo,461250000.0,2025-04-25,2003-09-30,0.3333333333333333,3.7934375,1054501.1875
2003-06-30,ACGL,USD,947484,2003-08-14,2003-08-14 11:22:02,2003,Q2,538038000.0,40995000.0,497043000.0,0.9238064969,0,0.0,0.0,0.0,-428690000.0,-428690000.0,469685000.0,0.0,0.0,0.0,68353000.0,0.1270412127,68353000.0,0.1270412127,0.0,68353000.0,0.1270412127,6569000.0,61784000.0,0.1148320379,0.26,0.1,235669005,609559182,https://www.sec.gov/Archives/edgar/data/947484/000110465903018482/0001104659-03-018482-index.htm,https://www.sec.gov/Archives/edgar/data/947484/000110465903018482/a03-2293_110q.htm,2.283024023460362,0.2621643011561915,1.5588940089936731,1.5282069018791844,1.302517486336398,6.646364039259215,6.494108124231271,6.646364039259215,0.0,907325669.25,845312669.25,3.6713617977550825,1.68635982820916,2.469699657441961,2.5192923780580925,0.5792640874406738,0.5792640874406738,1.571102169828153,12.366870060567932,2.3009030609745142,2.3471062672323555,0.0680946236769328,0.396936857630957,0.0,0.0,-0.9072462071891504,54.25291622481442,0.0,5.946248219603781,0.0,0.0,0.0,0.0,0.0085372231207854,0.019685178682737,0.0134414297874871,0.0,0.0,6.261380529132195,0.175960629293355,0.0148265326397774,-9.885479000516,301305000.0,1530460000.0,-2329701000.0,337187000.0,418150000.0,0.0,0.0,0.0,0.0,0.0,0.0,0.0,0.0,0.0394447700438346,0.0306871071144888,2003-08-04,0.08,bmo,411519999.0,2025-04-25,2003-06-30,0.25,3.936984126984127,1341860.365079365
2003-03-31,ACGL,USD,947484,2003-05-14,2003-05-14 15:38:25,2003,Q1,435903000.0,0.0,435903000.0,1.0,0,0.0,0.0,0.0,-375574000.0,-375574000.0,375574000.0,0.0,0.0,0.0,60329000.0,0.1384000569,60329000.0,0.1384000569,60329000.0,60329000.0,0.1384000569,7843000.0,52486000.0,0.1204075219,0.22,0.0867,234155817,602456058,https://www.sec.gov/Archives/edgar/data/947484/000104746903018432/0001047469-03-018432-index.htm,https://www.sec.gov/Archives/edgar/data/947484/000104746903018432/a2110703z10-q.txt,1.86159372671062,0.2241498873376269,1.2832053623506607,1.259417783330149,1.1293420056269623,6.323131404418623,6.19985024758108,6.323131404418623,0.0,882767430.09,793885430.09,4.2047757025206725,2.025146489218932,2.937955303657603,2.993446694099695,0.5962235732386508,0.5962235732386508,1.82124332727694,13.159267186427757,2.642145405830865,2.692049610342489,0.059456203537832,0.3340630725013657,0.0,0.0,-1.473288136717002,0.0,0.0,5.724764699157871,0.0,0.0,0.0,0.0,0.0077876173996744,0.018537624388458,0.0127780721857844,0.0,0.0,5.647114911017176,0.0157330012035209,0.0142705853724188,-5.699269046986776,1100742000.0,1451731000.0,-1125442000.0,1129609000.0,418150000.0,0.0,0.0,172.66914887027616,0.0,0.0,0.5212280282195384,0.0,0.0,0.0354491901245307,0.0237875790205118,2003-05-12,0.06,bmo,435902998.0,2025-04-25,2003-03-31,0.3333333333333334,3.456065573770492,1241119.3606557378
2002-12-31,ACGL,USD,947484,2003-03-31,2003-03-31 12:21:48,2002,Q4,305661000.0,76699000.0,228962000.0,0.749071684,0,0.0,0.0,0.0,0.0,-481795000.0,262241000.0,0.0,0.0,-662231000.0,48418000.0,0.1584042452,710649000.0,2.3249580418,-667229000.0,43420000.0,0.1420527971,4907000.0,43511000.0,0.1423505125,0.19,0.07,234155817,602456058,https://www.sec.gov/Archives/edgar/data/947484/000104746903011134/0001047469-03-011134-index.htm,https://www.sec.gov/Archives/edgar/data/947484/000104746903011134/a2105700z10-k.htm,1.305374361039256,0.1858207092929064,1.3957287253726436,1.3423967169690258,2.443919640057458,6.026944015659453,5.90366285882191,6.026944015659453,0.0,810179126.8199999,718462126.8199999,4.655024745581577,2.6505806328579697,2.478991753269404,2.577479485954252,0.57408862451851,0.57408862451851,2.350519453970248,14.838740278821923,2.198355435808309,2.2856937830305726,0.0537054073100885,0.3879759297598341,0.0,0.0,-1.894274856458342,12.451218450826806,0.0,7.511158097952242,0.0,0.0,0.0,0.0,0.0096502289284224,0.0382108696583419,0.0408557192445225,0.0,0.161878682592807,5.01980555069773,1.1026062263899166,0.0146874507377481,-4.304082695498442,526298000.0,1382377000.0,-1007826000.0,555165000.0,231131500.0,0.0,0.0,0.0,0.0,0.0,0.0,0.0,0.0,0.030831663411855,0.0533320084036178,2003-02-24,0.05,bmo,302604390.0,2025-04-25,2002-12-31,0.6,3.2421875,925752.71875
2002-09-30,ACGL,USD,947484,2002-11-14,2002-11-14 15:22:38,2002,Q3,200808000.0,0.0,200808000.0,1.0,0,0.0,0.0,0.0,-208137000.0,-208137000.0,208137000.0,0.0,0.0,0.0,-7329000.0,-0.0364975499,-7329000.0,-0.0364975499,-7329000.0,-7329000.0,-0.0364975499,392000.0,-7721000.0,-0.0384496634,-0.0399,-0.0399,193475016,193475016,https://www.sec.gov/Archives/edgar/data/947484/000091205702042405/0000912057-02-042405-index.htm,https://www.sec.gov/Archives/edgar/data/947484/000091205702042405/a2093855z10-q.txt,1.037901451833967,-0.0399069614238977,1.1811809334596464,1.164904930153876,1.4858352563723267,7.085710746239194,6.93810512464307,7.085710746239194,0.0,599772549.6,542008549.6,-19.42017062556664,2.986796091789172,2.624492075841578,2.661161370130446,0.437500218541288,0.437500218541288,2.699138229552608,-73.95395682903535,2.371727656446228,2.404865336764576,-0.0128732133625476,0.375775783920605,0.0,0.0,7.881566380133715,0.0,0.0,-29.59836808703536,0.0,0.0,0.0,0.0,0.0116731501604966,0.0137794328072148,0.0156816461495557,0.0,0.0,,-0.0033387660532983,-0.0031932523570966,-2.2813888796887345,749735000.0,1342350000.0,-325826000.0,778293000.0,475857500.0,0.0,0.0,207.1813373969165,0.0,0.0,0.4344020611643155,0.0,0.0,-0.0056320336594432,0.0162760033057704,2002-11-06,0.0327,bmo,200807998.0,2025-04-25,2002-09-30,0.2232415902140673,3.00140625,470062.3125
2002-06-30,ACGL,USD,947484,2002-08-14,2002-08-14 17:20:45,2002,Q2,135807000.0,0.0,135807000.0,1.0,0,0.0,0.0,0.0,-121549000.0,-121549000.0,121549000.0,0.0,0.0,0.0,14258000.0,0.1049872245,14258000.0,0.1049872245,0.0,14258000.0,0.1049872245,-4968000.0,19226000.0,0.1415685495,0.11,0.0367,182908026,529897635,https://www.sec.gov/Archives/edgar/data/947484/000091205702032214/0000912057-02-032214-index.htm,https://www.sec.gov/Archives/edgar/data/947484/000091205702032214/a2086983z10-q.txt,0.7424879212244082,0.1051129380183677,0.3576606310321232,0.350438421985922,1.1664933719201585,6.812423857223193,6.6548419258540354,6.812423857223193,0.0,574331201.64,536690201.64,7.4681577244356605,4.229025025514149,8.77927210198872,8.960204712159506,0.4609225828881254,0.4609225828881254,3.951859636395767,37.641338311123576,8.203888803558598,8.372963300571,0.033475457967633,0.1116045929891471,0.0,0.0,-2.6399915836723244,0.0,0.0,3.4026318526994697,0.0,0.0,0.0,0.0,0.0143559711037706,0.0201929103165746,0.0097270391069679,0.0,0.0,4.013933538292694,0.0097885278819796,0.0097154346856077,-0.9908750532357722,702813000.0,1217224000.0,-58876000.0,731636000.0,440793500.0,0.0,0.0,324.3623671828404,0.0,0.0,0.2774674533968602,0.0,0.0,0.0154295945498043,0.0072222090462011,2002-08-09,0.02204,bmo,112040775.0,2025-04-25,2002-06-30,0.3611615245009074,3.2153125,1527357.15625
2002-03-31,ACGL,USD,947484,2002-05-15,2002-05-15 15:18:42,2002,Q1,79601000.0,0.0,79601000.0,1.0,0,0.0,0.0,0.0,-75410000.0,-75410000.0,75410000.0,0.0,0.0,0.0,4191000.0,0.0526500923,4191000.0,0.0526500923,4191000.0,4191000.0,0.0526500923,225000.0,3966000.0,0.0498234947,0.0333,0.0089,117167679,467972541,https://www.sec.gov/Archives/edgar/data/947484/000091205702020724/0000912057-02-020724-index.htm,https://www.sec.gov/Archives/edgar/data/947484/000091205702020724/a2080292z10-q.txt,0.6793767759110428,0.0338489251801258,0.412110237329187,0.405692085101387,2.950591860746853,8.706812396616646,8.463229863928602,8.706812396616646,0.0,331584531.57,312607531.57,20.901697653177006,4.165582487280311,6.867094635505116,6.975733823578912,0.3250328445229509,0.3250328445229509,3.9271809596613103,74.59020080410403,6.474082168123266,6.576503798754575,0.0119607509470409,0.1433540936754017,0.0,0.0,-4.528036268193748,0.0,0.0,12.174987392839132,0.0,0.0,0.0,0.0,0.0177183771357194,0.0155738723439506,0.0094471174985238,0.0,0.0,2.575095227527625,0.0022472559508935,0.0025066093968147,0.4200411787622762,737849000.0,991617000.0,147249000.0,766389000.0,278229000.0,0.0,0.0,443.363148704162,0.0,0.0,0.2029938669080801,0.0,0.0,0.0038876369029472,0.0064181522277999,2002-05-15,,amc,,2025-04-25,2002-03-31,,2.9451666666666667,126135.35
2001-12-31,ACGL,USD,947484,2002-03-18,2002-03-18 00:00:00,2001,Q4,18110000.0,0.0,18110000.0,1.0,0,0.0,0.0,0.0,-19295000.0,-19295000.0,19295000.0,0.0,0.0,0.0,-1185000.0,-0.0654334622,-1185000.0,-0.0654334622,-1185000.0,-1185000.0,-0.0654334622,-5916000.0,4731000.0,0.2612368857,0.04,0.01,117167679,467972541,https://www.sec.gov/Archives/edgar/data/947484/000091205702010334/0000912057-02-010334-index.htm,https://www.sec.gov/Archives/edgar/data/947484/000091205702010334/a2073647z10-k.txt,0.1545648096349164,0.0403780295076084,-0.0796550727952885,-0.1257343332712087,4.154644046503644,8.708621769319166,8.483849884915788,8.708621769319166,0.0,335099561.94,325129561.94,17.707649648065946,18.5035649884042,-35.90480680810029,-22.746372654086343,0.3284101750837196,0.3284101750837196,17.95304041634456,-274.37093834599153,-34.836554370513234,-22.06961457643225,0.0141181921355274,-0.0439630535913317,0.0,0.0,8.413502109704641,0.0,0.0,-1.9727330374128087,0.0,0.0,0.0,0.0,0.0200471796854839,-0.5784849458909247,0.2981225842076201,0.0,0.0,2.812797931308584,0.0029153800315879,0.0036749484411957,2.702965977503062,651113000.0,994033000.0,357781000.0,677449000.0,116362000.0,0.0,0.0,816.624516841524,0.0,0.0,0.1102097697826841,0.0,0.0,0.0046365579510941,0.0460792604759201,2002-05-14,0.00687,bmo,87561100.0,2025-04-25,2001-12-31,1.911208151382824,2.4378125,241032.671875
2001-09-30,ACGL,USD,947484,2001-11-14,2001-11-14 00:00:00,2001,Q3,18608000.0,0.0,18608000.0,1.0,0,0.0,0.0,0.0,-17207000.0,-17207000.0,17207000.0,0.0,0.0,0.0,1401000.0,0.0752901978,1401000.0,0.0752901978,1401000.0,1401000.0,0.0752901978,509000.0,892000.0,0.0479363715,0.0078,0.0077,115783110,116080614,https://www.sec.gov/Archives/edgar/data/947484/000091205701539870/0000912057-01-539870-index.htm,https://www.sec.gov/Archives/edgar/data/947484/000091205701539870/a2063466z10-q.txt,0.1607142872565782,0.0077040597717577,0.0345128058833451,0.0321031279950935,0.8688572970617217,2.3868593614388143,2.1572317413135647,2.3868593614388143,0.0,211883091.3,197212091.3,59.38427446748879,11.386666557394667,53.02379662162162,57.00379104116223,0.7666978748579741,0.7666978748579741,10.59824222377472,140.76523290506782,49.3523752002002,53.05679077212806,0.0042098687277364,0.0175426928934937,0.0,0.0,-10.47180585296217,0.0,0.0,4.479820627802691,0.0,0.0,0.0,0.0,0.0470104587529064,0.0698198198198198,0.014993551160791,0.0,0.0,0.6432273406147647,0.0021560423570473,0.0016550147689658,-1.1858141485403182,169000000.0,249771000.0,-120197000.0,195587000.0,85819000.0,0.0,0.0,330.8302880481513,0.0,0.0,0.2720428063917194,0.0,0.0,0.0032276974069865,0.0024096778882515,2001-11-14,,amc,,2025-04-25,2001-09-30,,1.9172881355932203,61398.35593220339
2001-06-30,ACGL,USD,947484,2001-08-14,2001-08-14 00:00:00,2001,Q2,23191000.0,0.0,23191000.0,1.0,0,0.0,0.0,0.0,-10562000.0,-10562000.0,10562000.0,0.0,0.0,0.0,12629000.0,0.5445647018,12629000.0,0.5445647018,0.0,12629000.0,0.5445647018,4229000.0,8400000.0,0.3622094778,0.0722,0.0722,115490349,115596000,https://www.sec.gov/Archives/edgar/data/947484/000091205701528680/0000912057-01-528680-index.htm,https://www.sec.gov/Archives/edgar/data/947484/000091205701528680/a2056977z10-q.txt,0.2008046577121348,0.0727333502126658,-0.0051779218365683,-0.0104684071913229,0.6729653228426905,2.35216191094894,2.1216145082391256,2.35216191094894,0.0,202108110.75,189985110.75,6.015122343750001,8.714937292484153,-337.9734293478261,-167.16965322580646,0.7439964025665189,0.7439964025665189,8.19219139968091,15.043559327737746,-317.70085409699,-157.14235794044666,0.0415619144072376,-0.0059819469664702,0.0,0.0,-0.959933486420144,0.0,0.0,-0.0724672806592341,0.0,0.0,0.0,0.0,0.0487582450987214,-1.0217391304347827,0.0263464274934241,0.0,0.0,1.9619668347308288,0.0201073830001651,0.0161707632600258,-1.032824396435065,180958000.0,245026000.0,-93472000.0,207584000.0,93435000.0,0.0,0.0,400.6437842266397,0.0,0.0,0.2246384532677237,0.0,0.0,0.0309219148027623,0.0052904853547546,2001-08-14,,amc,,2025-04-25,2001-06-30,,1.7785714285714285,212658.07936507935
2001-03-31,ACGL,USD,947484,2001-05-15,2001-05-15 00:00:00,2001,Q1,17030000.0,0.0,17030000.0,1.0,0,0.0,0.0,0.0,-5583000.0,-5583000.0,5583000.0,0.0,0.0,0.0,11447000.0,0.6721667645,11447000.0,0.6721667645,3233000.0,11447000.0,0.6721667645,3306000.0,7993000.0,0.469348209,0.0711,0.0711,115079679,115132032,https://www.sec.gov/Archives/edgar/data/947484/000091205701516210/0000912057-01-516210-index.htm,https://www.sec.gov/Archives/edgar/data/947484/000091205701516210/a2049590z10-q.txt,0.1479844239051101,0.0694562243261036,0.0026590272292991,0.0024678553369965,0.8056244230573497,2.3677594721132302,2.1906560931578545,2.3677594721132302,0.0,202540235.04,182250235.04,6.334925404729138,11.893143572519085,661.8961929411765,713.1698416901409,0.7433187453070123,0.7433187453070123,10.701716678802114,15.92122259456626,595.5890033986927,641.7261797183098,0.0394637638216498,0.0014021905323844,0.0,0.0,-1.772516816633179,0.0,0.0,0.0375875199606927,0.0,0.0,0.0,0.0,0.0462956232566169,0.0718954248366013,0.0012918379330593,0.0,0.0,1.9236038426662725,0.0209944038992186,0.019037524859773,-0.1070497424658266,176344000.0,252100000.0,8589000.0,196725000.0,42313000.0,0.0,0.0,441.982971227246,0.0,0.0,0.2036277545944782,0.0,0.0,0.0293341554090009,0.0001911718923025,2001-05-15,,amc,,2025-04-25,2001-03-31,,1.7303225806451612,302576.1612903226
2000-12-31,ACGL,USD,947484,2001-04-02,2001-04-02 00:00:00,2000,Q4,-9772000.0,0.0,-9772000.0,1.0,0,0.0,0.0,0.0,-17089000.0,-17089000.0,17205000.0,0.0,0.0,0.0,-26861000.0,2.7487720016,-26861000.0,2.7487720016,-26977000.0,-26977000.0,2.7606426525,-12605000.0,-14256000.0,1.4588620549,-0.12,-0.12,115079679,115132032,https://www.sec.gov/Archives/edgar/data/947484/000091205701506237/0000912057-01-506237-index.htm,https://www.sec.gov/Archives/edgar/data/947484/000091205701506237/a2043765z10-k405.txt,-0.0849150787082052,-0.1238793862120522,0.0049444003054614,0.0049444003054614,0.946022798690636,2.392411956588791,2.339309618686024,2.392411956588791,0.0,192183063.93,180702063.93,-3.3702136631944444,-19.66670731989357,337.7558241300528,337.7558241300527,0.6980403167609819,0.6980403167609819,-18.49181988641015,-6.727302182718439,317.5783197363796,317.5783197363796,-0.0741792731808696,0.0029607187457852,0.0,0.0,0.4274226573843118,0.0,0.0,-0.0399130190796857,0.0,0.0,0.0,0.0,0.0204431866080568,0.0,0.0,0.0,0.0,,-0.0472040830002544,-0.048686030428769,0.7473495820230781,109861000.0,269207000.0,86253000.0,115972000.0,530500.0,0.0,0.0,-9.145517805976258,0.0,0.0,-9.840886203423969,0.0,0.0,-0.0517801233482736,0.0,2001-04-02,,amc,,2025-04-25,2000-12-31,,1.6925396825396826,205115.26984126985
2000-09-30,ACGL,USD,947484,2000-11-14,2000-11-14 00:00:00,2000,Q3,4087000.0,0.0,4087000.0,1.0,0,0.0,0.0,0.0,-958000.0,-958000.0,1502000.0,0.0,0.0,0.0,3129000.0,0.7655982383,3129000.0,0.7655982383,2585000.0,2585000.0,0.6324932713,870000.0,2259000.0,0.5527281625,0.02,0.02,111624237,111645909,https://www.sec.gov/Archives/edgar/data/947484/000091205700049933/0000912057-00-049933-index.htm,https://www.sec.gov/Archives/edgar/data/947484/000091205700049933/a2031117z10-q.txt,0.0366139120843441,0.0202375403470842,0.0223249006396343,0.0223249006396343,0.5625301609004503,2.404728643296348,2.404728643296348,2.404728643296348,0.0,195342414.75,179586414.75,21.618239790836657,47.79603982138488,78.38780688202247,78.38780688202247,0.72773283791436,0.72773283791436,43.940889344262295,57.39418815915628,72.06517445826645,72.06517445826645,0.0115643087697624,0.012757086079791,0.0,0.0,-5.035474592521572,0.0,0.0,1.103142983621071,0.0,0.0,0.0,0.0,0.0,0.0,0.0,0.0,0.0,1.0464130834456489,0.0087017754687714,0.0081549108158159,0.4860772307003541,62860000.0,268426000.0,54275000.0,62860000.0,279500.0,0.0,0.0,1.4974308783949108,0.0,0.0,60.10294117647059,0.0,0.0,0.0084157272395371,0.0,2000-11-14,,amc,,2025-04-25,2000-09-30,,1.7112698412698413,176086.2380952381
2000-06-30,ACGL,USD,947484,2000-08-14,2000-08-14 00:00:00,2000,Q2,35449000.0,0.0,35449000.0,1.0,0,0.0,0.0,0.0,-33460000.0,-33460000.0,34069000.0,0.0,0.0,0.0,1989000.0,0.056108776,1989000.0,0.056108776,0.0,1380000.0,0.0389291658,4541000.0,-2552000.0,-0.0719907473,-0.0229,-0.0229,111414339,111434184,https://www.sec.gov/Archives/edgar/data/947484/000091205700037521/0000912057-00-037521-index.htm,https://www.sec.gov/Archives/edgar/data/947484/000091205700037521/a10-q.txt,0.318172690500816,-0.0229054897502914,0.0203025931877583,0.0203025931877583,0.5042438927003822,2.2879012009396744,2.2879012009396744,2.2879012009396744,0.0,184947802.74,167573802.73999998,-18.11792738440439,5.217292525600158,81.76295435013262,81.76295435013262,0.7255558060453894,0.7255558060453894,4.727179969533696,84.25027789844141,74.08214091069848,74.08214091069848,-0.0137984878013804,0.0122304778239508,0.0,0.0,-8.735042735042734,0.0,0.0,-0.8863636363636364,0.0,0.0,0.0,0.0,0.0,0.0,0.0,0.0,0.0,,-0.0209769511507408,-0.0095017182770316,0.3847821598618469,56671000.0,254905000.0,42993000.0,56671000.0,119115000.0,0.0,0.0,1.2465795932184265,0.0,0.0,72.19755600814663,0.0,0.0,-0.010011572938938,0.0,2000-08-14,,amc,,2025-04-25,2000-06-30,,1.7146031746031745,308802.0634920635
2000-03-31,ACGL,USD,947484,2000-05-15,2000-05-15 00:00:00,2000,Q1,92752000.0,0.0,92752000.0,1.0,0,0.0,0.0,0.0,-74325000.0,-74325000.0,74355000.0,0.0,0.0,0.0,18427000.0,0.1986695705,18427000.0,0.1986695705,18397000.0,18397000.0,0.1983461273,12619000.0,5808000.0,0.0626185958,0.0411,0.0411,139654467,139665069,https://www.sec.gov/Archives/edgar/data/947484/000091205700024860/0000912057-00-024860-index.htm,https://www.sec.gov/Archives/edgar/data/947484/000091205700024860/0000912057-00-024860.txt,0.6641534781698032,0.0415883582155664,-0.0192904678086666,-0.0192904678086666,1.0899257522496577,1.7847835830414218,1.7847835830414218,1.7847835830414218,0.0,254171129.94,242724129.94,10.940561722623968,2.740330450448508,-94.34711579064589,-94.34711579064589,1.0197314774145143,1.0197314774145143,2.616915321933759,13.172200029304824,-90.09804377876765,-90.09804377876765,0.0228507462722892,-0.01059915813663,0.0,0.0,-0.6212080099853476,0.0,0.0,-0.4638429752066115,0.0,0.0,0.0,0.0,0.0,0.0,0.0,0.0,0.0,1.292319591760393,0.0074206568070299,0.0075014530190506,-1.3925780834493464,389952000.0,249253000.0,-135045000.0,389952000.0,219469500.0,7333000.0,0.0,230.6851604278075,0.0,0.0,0.3901421306558873,0.0,0.0,0.0233016252562657,0.0,2000-05-15,,amc,,2025-04-25,2000-03-31,,1.6234920634920635,367916.8095238095
1999-12-31,ACGL,USD,947484,2000-03-30,2000-03-30 00:00:00,1999,Q4,75268000.0,0.0,75268000.0,1.0,0,0.0,0.0,0.0,-105961000.0,-105961000.0,338099000.0,0.0,0.0,0.0,-30693000.0,-0.4077828559,-30693000.0,-0.4077828559,-233460000.0,-52231000.0,-0.693933677,-11057000.0,-19636000.0,-0.2608811181,-0.14,-0.14,139654467,139665069,https://www.sec.gov/Archives/edgar/data/947484/000095016200000518/0000950162-00-000518-index.htm,https://www.sec.gov/Archives/edgar/data/947484/000095016200000518/0000950162-00-000518.txt,0.5389587717233564,-0.1406041669973936,-0.1765357065162835,-0.1768078066561236,0.5888963079140175,2.4812238909622564,2.4812238909622564,2.4812238909622564,0.0,195516253.8,186059253.8,-2.489257661947444,2.5976012887282773,-7.930406984667802,-7.9182024056374525,0.5642376752454445,0.5642376752454445,2.471956924589467,-6.061944215293389,-7.546818114707552,-7.535203863599546,-0.1004315478552811,-0.1262912904686597,0.0,0.0,0.3081158570358062,19.326469384972043,0.0,1.251472081218274,0.0,0.0,0.0,0.0,0.0,-0.0015413320353695,0.0005048626242227,0.0,0.0,,-0.0317834925806907,-0.0227174125565881,-2.038624371392288,268776000.0,346514000.0,-234403000.0,268776000.0,167150000.0,7333000.0,0.0,240.5803263006856,0.0,0.0,0.3740954274353876,0.0,0.0,-0.0566672630831654,0.0002721001398401,2000-02-02,-0.03915,bmo,69858109.0,2025-04-25,1999-12-31,1.2988505747126438,1.441875,335055.1875
1999-09-30,ACGL,USD,947484,1999-11-15,1999-11-15 00:00:00,1999,Q3,92100000.0,0.0,92100000.0,1.0,0,0.0,0.0,0.0,-98600000.0,-98600000.0,20500000.0,0.0,0.0,0.0,-6500000.0,-0.0705754615,-6500000.0,-0.0705754615,0.0,5100000.0,0.0553745928,-2800000.0,-3700000.0,-0.0401737242,-0.0241,-0.0241,153792000,153792000,https://www.sec.gov/Archives/edgar/data/947484/000091205799006248/0000912057-99-006248-index.htm,https://www.sec.gov/Archives/edgar/data/947484/000091205799006248/0000912057-99-006248.txt,0.5988607990012484,-0.0240584685809404,0.0442155638784852,0.0440985226799833,0.0845297544735746,2.3499271743653765,2.3499271743653765,2.3499271743653765,0.0,267598080.0,254598080.0,-18.080951351351352,2.90551661237785,39.35265882352941,39.45710409908582,0.7404484781405645,0.7404484781405645,2.7643656894679696,-39.16893538461539,37.44089411764706,37.54026540843409,-0.0138267060810002,0.0253439785517145,0.0,0.0,2.0,0.0,0.0,-1.837837837837838,0.0,0.0,0.0,0.0,0.0,0.0026470588235294,0.0001954397394136,0.0,0.0,,-0.0689159989800163,-0.0042479908151549,-2.5799456408655845,146100000.0,361400000.0,-363500000.0,146100000.0,124100000.0,0.0,0.0,130.06514657980455,0.0,0.0,0.6919609316303531,0.0,0.0,-0.0102379634753735,0.0001170411985018,1999-11-16,-0.00463,bmo,580230000.0,2025-04-25,1999-09-30,9.799136069114471,1.61140625,216170.140625
1999-06-30,ACGL,USD,947484,1999-08-12,1999-08-12 00:00:00,1999,Q2,115400000.0,0.0,115400000.0,1.0,0,0.0,0.0,0.0,-91600000.0,-91600000.0,22900000.0,0.0,0.0,0.0,23800000.0,0.2062391681,23800000.0,0.2062391681,0.0,52200000.0,0.452339688,7900000.0,15883000.0,0.1376343154,0.1,0.1,153772434,153772434,https://www.sec.gov/Archives/edgar/data/947484/000100547799003622/0001005477-99-003622-index.htm,https://www.sec.gov/Archives/edgar/data/947484/000100547799003622/0001005477-99-003622.txt,0.7504596044828165,0.103288993916816,0.0734852125706744,0.0728349009550047,0.0715342777236653,2.416557963828549,2.416557963828549,2.416557963828549,0.0,230658651.0,219658651.0,3.630590112069509,1.99877513864818,20.41227,20.594522410714287,0.6207175753498385,0.6207175753498385,1.903454514731369,9.229355084033614,19.43881867256637,19.61237955357143,0.0688593292778773,0.0485566006366698,0.0,0.0,-0.4621848739495798,0.0,0.0,0.710691823899371,0.0,0.0,0.0,0.0,0.0,0.0088495575221238,0.0008665511265164,0.0,0.0,2.369828352133169,0.160175133157714,0.0184944108057755,-2.5354024115921843,126100000.0,371600000.0,-361100000.0,126100000.0,109450000.0,0.0,0.0,89.76603119584055,0.0,0.0,1.002606429192007,0.0,0.0,0.0427421959095801,0.0006503116156696,1999-07-28,0.1551,bmo,865496537.0,2025-04-25,1999-06-30,-0.3339780786589296,1.7017460317460316,171443.2857142857
1999-03-31,ACGL,USD,947484,1999-05-14,1999-05-14 00:00:00,1999,Q1,66100000.0,0.0,66100000.0,1.0,0,0.0,0.0,0.0,-104700000.0,-104700000.0,19500000.0,0.0,0.0,0.0,-38600000.0,-0.5839636914,-38600000.0,-0.5839636914,0.0,-35400000.0,-0.5355521936,-13600000.0,-25000000.0,-0.378214826,-0.16,-0.16,153779409,153921177,https://www.sec.gov/Archives/edgar/data/947484/000104746999020534/0001047469-99-020534-index.htm,https://www.sec.gov/Archives/edgar/data/947484/0001047469-99-020534.txt,0.4298364809036299,-0.1625705298425226,0.0916897788311827,0.0903892145924426,0.0260112847748036,2.358573246955319,2.358573246955319,2.358573246955319,0.0,258349407.12,254349407.12,-2.5834940712,3.908463042662632,18.322652987234044,18.58628828201439,0.7122950292803969,0.7122950292803969,3.847948670499244,-6.589362878756477,18.038965043971636,18.298518497841727,-0.0967681725253111,0.0538031039240729,0.0,0.0,0.1036269430051813,0.0,0.0,-0.573170731707317,0.0,0.0,0.0,0.0,0.0,0.0141843971631205,0.0030257186081694,0.0,0.0,,-0.2205066926616563,-0.0315377822631512,-2.263957198586971,107800000.0,362700000.0,-322200000.0,107800000.0,111748500.0,4688500.0,0.0,141.33131618759455,0.0,0.0,0.6368015414258189,0.0,0.0,-0.0689274882823269,0.0013005642387401,1999-04-26,-0.08,bmo,46011796.0,2025-04-25,1999-03-31,0.8749999999999999,2.1075409836065573,164257.77049180327
1998-12-31,ACGL,USD,947484,1999-03-30,1999-03-30 00:00:00,1998,Q4,89633000.0,0.0,89633000.0,1.0,0,0.0,0.0,0.0,-81907000.0,-81907000.0,209371000.0,0.0,0.0,0.0,7726000.0,0.0861959323,7726000.0,0.0861959323,-167078000.0,4462000.0,0.0497807727,2735000.0,4991000.0,0.0556826169,0.032,0.032,153783000,153918000,https://www.sec.gov/Archives/edgar/data/947484/000100547799001495/0001005477-99-001495-index.htm,https://www.sec.gov/Archives/edgar/data/947484/0001005477-99-001495.txt,0.5828537614690831,0.0324548227047202,0.1365950722771697,0.1362569334711899,0.7858215797584909,2.5880754049537336,2.5880754049537336,2.5880754049537336,0.0,372154860.0,360117860.0,18.641297335203365,4.151984871643257,17.716598114824336,17.76056409277465,0.9350577635288264,0.9350577635288264,4.017692814030546,46.61116489774786,17.143571360563648,17.18611530018135,0.0134110837622811,0.0563045179633016,0.0,0.0,-1.5579860212270256,25.652447477871387,0.0,4.2012,0.0,0.0,0.0,0.0,0.0,0.0024754831952775,0.0005801434739437,0.0,0.0,1.3747361162492109,0.0044685444874197,0.0065859097686816,-0.9702584160798008,231166000.0,398002000.0,-119285000.0,231166000.0,101348500.0,4688500.0,0.0,120.18709627034686,0.0,0.0,0.748832468650008,0.0,0.0,0.0125401379892563,0.0003381388059798,1999-02-03,-0.00514,bmo,564687900.0,2025-04-25,1998-12-31,8.72762645914397,2.3578125,162914.59375
1998-09-30,ACGL,USD,947484,1998-11-13,1998-11-13 00:00:00,1998,Q3,55200000.0,0.0,55200000.0,1.0,0,0.0,0.0,0.0,-65300000.0,-65300000.0,10600000.0,0.0,0.0,0.0,-10100000.0,-0.1829710145,-10100000.0,-0.1829710145,0.0,-7600000.0,-0.1376811594,-3500000.0,-6600000.0,-0.1195652174,-0.043,-0.0411,153594000,160605000,https://www.sec.gov/Archives/edgar/data/947484/000100547798003176/0001005477-98-003176-index.htm,https://www.sec.gov/Archives/edgar/data/947484/0001005477-98-003176.txt,0.3593890386343216,-0.0429704285323645,0.0852897899657538,0.0852897899657538,0.032553354948761,2.572366108051096,2.572366108051096,2.572366108051096,0.0,374769360.0,369769360.0,-14.19580909090909,6.7893,28.60834809160305,28.60834809160305,0.9485430523917996,0.9485430523917996,6.698720289855072,-36.61082772277228,28.22666870229008,28.22666870229008,-0.0176108313657231,0.0349548319531778,0.0,0.0,0.495049504950495,0.0,0.0,-1.9848484848484849,0.0,0.0,0.0,0.0,0.0,0.0,0.0,0.0,0.0,,-0.0619168660287081,-0.0092931568572233,-1.6136698048100837,88000000.0,395100000.0,-227100000.0,88000000.0,71900000.0,0.0,0.0,135.32608695652172,0.0,0.0,0.6650602409638554,0.0,0.0,-0.0167046317388003,0.0,1998-10-27,-0.00393,bmo,248400000.0,2025-04-25,1998-09-30,6.633587786259541,2.63140625,223960.5625
1998-06-30,ACGL,USD,947484,1998-08-14,1998-08-14 00:00:00,1998,Q2,55900000.0,0.0,55900000.0,1.0,0,0.0,0.0,0.0,-51700000.0,-51700000.0,12700000.0,0.0,0.0,0.0,4200000.0,0.0751341682,4200000.0,0.0751341682,0.0,11600000.0,0.2075134168,1000000.0,3200000.0,0.0572450805,0.0211,0.02,151578947,160000000,https://www.sec.gov/Archives/edgar/data/947484/000104746998031647/0001047469-98-031647-index.htm,https://www.sec.gov/Archives/edgar/data/947484/0001047469-98-031647.txt,0.3687847231185739,0.0211111111624228,0.1438194447940056,0.1431597225701799,0.0263888889530285,2.7411458399958404,2.7411458399958404,2.7411458399958404,0.0,419873683.19,415873683.19,32.80263149921875,7.511157123255814,19.26026069678899,19.349017658525344,1.010526313333333,1.010526313333333,7.439600772629696,99.01754361666669,19.07677445825688,19.164685861290323,0.0076213397698277,0.0516822103141443,0.0,0.0,-0.9523809523809524,0.0,0.0,7.032258064516129,0.0,0.0,0.0,0.0,0.0,0.0045871559633027,0.0017889087656529,0.0,0.0,1.1410715477842377,0.0592273307790549,0.004771846107963,-1.3557291699618417,64800000.0,415500000.0,-190300000.0,64800000.0,57400000.0,0.0,0.0,97.88908765652953,0.0,0.0,0.919407894736842,0.0,0.0,0.0077015643802647,0.0006597222238257,1998-07-27,,bmo,,2025-04-25,1998-06-30,,2.693492063492064,243472.50793650796
1998-03-31,ACGL,USD,947484,1998-05-14,1998-05-14 00:00:00,1998,Q1,46400000.0,0.0,46400000.0,1.0,0,0.0,0.0,0.0,-44800000.0,-44800000.0,9900000.0,0.0,0.0,0.0,1600000.0,0.0344827586,1600000.0,0.0344827586,4900000.0,6500000.0,0.1400862069,4900000.0,1600000.0,0.0344827586,0.01,0.01,153522000,159147000,https://www.sec.gov/Archives/edgar/data/947484/000100547798001600/0001005477-98-001600-index.htm,https://www.sec.gov/Archives/edgar/data/947484/0001005477-98-001600.txt,0.302236812964917,0.0104219590677557,0.0820729276585766,0.0814215552168418,0.0260548976693894,2.7233881788929275,2.7233881788929275,2.7233881788929275,0.0,409903740.0,405903740.0,64.047459375,8.834132327586207,32.532042857142855,32.7922992,0.9803964123415452,0.9803964123415452,8.747925431034483,253.6898375,32.21458253968254,32.4722992,0.0039033554560883,0.0304949645006898,0.0,0.0,-2.5,0.0,0.0,7.875,0.0,0.0,0.0,0.0,0.0,0.0079365079365079,0.0021551724137931,0.0,0.0,0.7991360352503946,0.0067904509283819,0.0025050884609362,-1.1470668698948685,58000000.0,418100000.0,-162600000.0,58000000.0,50753500.0,0.0,0.0,104.74137931034484,0.0,0.0,0.8592592592592593,0.0,0.0,0.0038268356852427,0.0006513724417347,1998-04-27,,bmo,,2025-04-25,1998-03-31,,2.539508196721312,599552.8524590164
1997-12-31,ACGL,USD,947484,1998-03-27,1998-03-27 00:00:00,1997,Q4,41472000.0,0.0,41472000.0,1.0,0,0.0,0.0,0.0,-44771000.0,-44771000.0,101379000.0,0.0,0.0,0.0,-3299000.0,-0.0795476466,-3299000.0,-0.0795476466,-84350000.0,1893000.0,0.0456452546,-1538000.0,-1761000.0,-0.0424623843,-0.0115,-0.0111,153522000,159147000,https://www.sec.gov/Archives/edgar/data/947484/000100547798000922/0001005477-98-000922-index.htm,https://www.sec.gov/Archives/edgar/data/947484/000100547798000922/,0.2701371790362293,-0.0114706686989486,0.1194486783653157,0.1167780513542033,0.6395239770195803,2.6122054168132256,2.6122054168132256,2.6122054168132256,0.0,379199340.00000006,370185340.00000006,-53.83295570698467,9.143502604166668,20.678336786999672,21.15123493975904,0.9455611660943918,0.9455611660943918,8.926151138117286,-112.21137920581997,20.186789180935765,20.648446006247216,-0.0046439954246755,0.0472785633012968,0.0,0.0,2.732343134283116,0.0,0.0,-10.187777777777775,0.0,0.0,0.0,0.0,0.0,0.0223579452502999,0.0098861882716049,0.0,0.0,,-0.0109298120866132,-0.0030296930564802,-0.3022677531558995,145688000.0,401031000.0,-34528000.0,145688000.0,47403500.0,0.0,0.0,103.09678819444444,0.0,0.0,0.8729660892079062,0.0,0.0,-0.0043911817290932,0.0026706270111124,1998-02-03,,bmo,,2025-04-25,1997-12-31,,2.52765625,56334.46875
1997-09-30,ACGL,USD,947484,1997-11-14,1997-11-14 00:00:00,1997,Q3,32300000.0,0.0,32300000.0,1.0,0,0.0,0.0,0.0,-27600000.0,-27600000.0,6200000.0,0.0,0.0,0.0,4700000.0,0.1455108359,4700000.0,0.1455108359,0.0,12300000.0,0.3808049536,1400000.0,3300000.0,0.1021671827,0.0211,0.0211,156315789,156315789,https://www.sec.gov/Archives/edgar/data/947484/000104746997004785/0001047469-97-004785-index.htm,https://www.sec.gov/Archives/edgar/data/947484/0001047469-97-004785.txt,0.2066329972591572,0.0211111111750841,0.0857239059836751,0.0844444447003367,0.0255892256667686,2.5346128022934398,2.5346128022934398,2.5346128022934398,0.0,400168419.84,396168419.84,30.315789381818185,12.389115165325078,29.86331491343284,30.315789381818185,1.010016203533569,1.010016203533569,12.265276156037151,84.29115315744681,29.564807450746272,30.01275907878788,0.0082465278027672,0.032986111211069,0.0,0.0,-0.851063829787234,0.0,0.0,4.0606060606060606,0.0,0.0,0.0,0.0,0.0,0.0149253731343283,0.0061919504643962,0.0,0.0,1.0972424913106902,0.0811898762262476,0.0059224694903086,-0.7774326622885165,51300000.0,396200000.0,-109700000.0,51300000.0,43400000.0,0.0,0.0,131.79566563467492,0.0,0.0,0.6828752642706131,0.0,0.0,0.008329126703685,0.0012794612833384,1997-10-29,,bmo,,2025-04-25,1997-09-30,,2.4434375,231385.921875
1997-06-30,ACGL,USD,947484,1997-08-14,1997-08-14 00:00:00,1997,Q2,22800000.0,0.0,22800000.0,1.0,0,0.0,0.0,0.0,-22600000.0,-22600000.0,5400000.0,0.0,0.0,0.0,200000.0,0.0087719298,200000.0,0.0087719298,0.0,3100000.0,0.1359649123,-100000.0,300000.0,0.0131578947,0.0022,0.0022,153207000,153207000,https://www.sec.gov/Archives/edgar/data/947484/000091205797027997/0000912057-97-027997-index.htm,https://www.sec.gov/Archives/edgar/data/947484/0000912057-97-027997.txt,0.148818265483953,0.0019581350721572,0.0731037093605383,0.0717982859791001,0.0261084676287636,2.4750827312067987,2.4750827312067987,2.4750827312067987,0.0,356972310.0,352972310.0,297.47692500000005,15.656680263157895,31.87252767857143,32.45202818181818,0.9413826740506328,0.9413826740506328,15.481241666666667,1764.86155,31.51538482142857,32.08839181818182,0.0008404013185224,0.0308147150124893,0.0,0.0,-20.0,0.0,0.0,37.333333333333336,0.0,0.0,0.0,0.0,0.0,0.0178571428571428,0.0087719298245614,0.0,0.0,0.3302230939917804,0.0047460140897293,0.0005849093390524,-0.6532012244871318,43500000.0,379200000.0,-90200000.0,43500000.0,37450000.0,0.0,0.0,155.92105263157893,0.0,0.0,0.5772151898734177,0.0,0.0,0.0007911392405063,0.0013054233814381,1997-07-30,,bmo,,2025-04-25,1997-06-30,,2.04734375,338838.578125
1997-03-31,ACGL,USD,947484,1997-05-14,1997-05-14 00:00:00,1997,Q1,24500000.0,0.0,24500000.0,1.0,0,0.0,0.0,0.0,-27900000.0,-27900000.0,6100000.0,0.0,0.0,0.0,-3400000.0,-0.1387755102,-3400000.0,-0.1387755102,0.0,0.0,0.0,-200000.0,200000.0,0.0081632653,0.0011,0.0011,153225000,153225000,https://www.sec.gov/Archives/edgar/data/947484/000100547797001393/0001005477-97-001393-index.htm,https://www.sec.gov/Archives/edgar/data/947484/0001005477-97-001393.txt,0.159895578397781,0.0013052700277369,0.0398107358459781,0.0391581008321096,0.0717898515255343,2.333170174579866,2.333170174579866,2.333170174579866,0.0,289595250.0,278595250.0,361.9940625,11.820214285714286,47.47463114754098,48.265875,0.8100566433566434,0.8100566433566434,11.37123469387755,-81.9397794117647,45.67135245901639,46.432541666666665,0.0006906190622947,0.020718571868841,0.0,0.0,3.235294117647059,0.0,0.0,30.5,0.0,0.0,0.0,0.0,0.0,0.0163934426229508,0.0040816326530612,0.0,0.0,0.2617668518281142,,0.0004386926957666,-0.3971284059389786,46400000.0,357500000.0,-52000000.0,46400000.0,30083500.0,0.0,0.0,130.0408163265306,0.0,0.0,0.692090395480226,0.0,0.0,0.0005594405594405,0.0006526350138684,1997-05-01,,bmo,,2025-04-25,1997-03-31,,1.896229508196721,309233.75409836066
1996-12-31,ACGL,USD,947484,1997-03-31,1997-03-31 00:00:00,1996,Q4,21971000.0,0.0,21971000.0,1.0,0,0.0,0.0,0.0,-20559000.0,-20559000.0,-20559000.0,0.0,0.0,0.0,1412000.0,0.0642665332,1412000.0,0.0642665332,0.0,0.0,0.0,-1412000.0,1412000.0,0.0642665332,0.0092,0.0092,153225000,153225000,https://www.sec.gov/Archives/edgar/data/947484/000089016397000059/0000890163-97-000059-index.htm,https://www.sec.gov/Archives/edgar/data/947484/0000890163-97-000059.txt,0.1433904388970468,0.0092152063958231,0.0423494860499265,0.0282590961005057,0.6940903899494207,2.298665361396639,2.298665361396639,2.298665361396639,0.0,329433750.0,327967750.0,58.32750531161472,14.994026216376133,50.76803051317614,76.08169745958429,0.9353253570992552,0.9353253570992552,14.927301897956395,232.2717776203966,50.54210972414856,75.74312933025404,0.0042861425096851,0.0131437656281422,0.0,0.0,-1.038243626062323,0.0,0.0,4.635,0.0,0.0,0.0,0.0,0.0,0.3327169055324395,0.0982658959537572,0.0,0.0,0.6903696141593187,,0.0032648455672553,0.291429270680372,131119000.0,352213000.0,50846000.0,131119000.0,12383500.0,0.0,0.0,101.4532793227436,0.0,0.0,0.8871078451164857,0.0,0.0,0.0040089377734495,0.0140903899494207,1997-02-10,,bmo,,2025-04-25,1996-12-31,,1.97859375,413918.828125
1996-09-30,ACGL,USD,947484,1996-11-14,1996-11-14 00:00:00,1996,Q3,15800000.0,0.0,15800000.0,1.0,0,0.0,0.0,0.0,-14900000.0,-14900000.0,-14900000.0,0.0,0.0,0.0,900000.0,0.0569620253,900000.0,0.0569620253,3200000.0,4100000.0,0.2594936709,3200000.0,900000.0,0.0569620253,0.0056,0.0056,162000000,162000000,https://www.sec.gov/Archives/edgar/data/947484/000089155496000818/0000891554-96-000818-index.htm,https://www.sec.gov/Archives/edgar/data/947484/0000891554-96-000818.txt,0.0975308641975308,0.0055555555555555,0.1074074074074074,0.1037037037037037,0.0,2.15,2.15,2.15,0.0,341820000.0,341820000.0,94.95,21.634177215189872,19.644827586206898,20.34642857142857,0.9813953488372092,0.9813953488372092,21.634177215189872,379.8,19.644827586206898,20.34642857142857,0.0026329647182727,0.0491486747410918,0.0,0.0,0.0,0.0,0.0,19.33333333333333,0.0,0.0,0.0,0.0,0.0,0.0344827586206896,0.0379746835443038,0.0,0.0,0.518411033833193,0.0,0.0022277227722772,-0.3438271604938271,0.0,348300000.0,-55700000.0,0.0,0.0,0.0,0.0,0.0,0.0,0.0,0.0,0.0,0.0,0.0025839793281653,0.0037037037037037,1996-11-14,,amc,,2025-04-25,1996-09-30,,1.97203125,398590.96875
1996-06-30,ACGL,USD,947484,1996-08-14,1996-08-14 00:00:00,1996,Q2,7400000.0,0.0,7400000.0,1.0,0,0.0,0.0,0.0,-6300000.0,-6300000.0,-6300000.0,0.0,0.0,0.0,1100000.0,0.1486486486,1100000.0,0.1486486486,0.0,4700000.0,0.6351351351,100000.0,1000000.0,0.1351351351,0.0067,0.0067,150000000,150000000,https://www.sec.gov/Archives/edgar/data/947484/000095011296002880/0000950112-96-002880-index.htm,https://www.sec.gov/Archives/edgar/data/947484/0000950112-96-002880.txt,0.0493333333333333,0.0066666666666666,0.0433333333333333,0.0433333333333333,0.0333333333333333,2.274,2.274,2.274,0.0,327000000.0,322000000.0,81.75,44.18918918918919,50.30769230769231,50.30769230769231,0.9586631486367636,0.9586631486367636,43.51351351351352,292.72727272727275,49.53846153846154,49.53846153846154,0.0030581039755351,0.0198776758409785,0.0,0.0,-4.545454545454546,0.0,0.0,6.5,0.0,0.0,0.0,0.0,0.0,0.0,0.0,0.0,0.0,0.5840376700179536,0.2153191489361702,0.0027270248159258,-0.1373333333333333,5000000.0,341100000.0,-20600000.0,5000000.0,0.0,0.0,0.0,0.0,0.0,0.0,0.0,0.0,0.0,0.0029316915860451,0.0,1996-11-22,,bmo,,2025-04-25,1996-06-30,,2.18968253968254,351188.5238095238
1996-03-31,ACGL,USD,947484,1996-05-14,1996-05-14 00:00:00,1996,Q1,5000000.0,0.0,5000000.0,1.0,0,0.0,0.0,0.0,-4300000.0,-4300000.0,-4300000.0,0.0,0.0,0.0,700000.0,0.14,700000.0,0.14,0.0,3900000.0,0.78,-100000.0,800000.0,0.16,0.0056,0.0056,144000000,144000000,https://www.sec.gov/Archives/edgar/data/947484/000089155496000270/0000891554-96-000270-index.htm,https://www.sec.gov/Archives/edgar/data/947484/0000891554-96-000270.txt,0.0347222222222222,0.0055555555555555,0.0041666666666666,0.0034722222222222,0.0,2.365972222222222,2.365972222222222,2.365972222222222,0.0,322560000.00000006,322560000.00000006,100.8,64.51200000000001,537.6,645.1200000000001,0.9467566774288232,0.9467566774288232,64.51200000000001,460.80000000000007,537.6000000000001,645.1200000000001,0.0024801587301587,0.0015500992063492,0.0,0.0,0.0,0.0,0.0,0.75,0.0,0.0,0.0,0.0,0.0,0.1666666666666666,0.02,0.0,0.0,0.5438258248536729,0.0,0.0021639166892074,-0.2013888888888889,0.0,340700000.0,-29000000.0,0.0,,,,0.0,0.0,0.0,0.0,0.0,0.0,0.0023481068388611,0.0006944444444444,1996-05-14,,amc,,2025-04-25,1996-03-31,,2.2987301587301587,282102.1111111111
1995-09-30,ACGL,USD,947484,1995-09-30,1995-09-29 20:00:00,1995,Q3,500000.0,0.0,500000.0,1.0,0,0.0,0.0,0.0,-700000.0,-700000.0,-700000.0,0.0,0.0,0.0,-200000.0,-0.4,-200000.0,-0.4,0.0,0.0,0.0,-100000.0,-100000.0,-0.2,-0.0007,-0.0007,142605000,142605000,,,0.0035061884225658,-0.0007012376845131,-0.0014024753690263,-0.0014024753690263,0.0,2.349146243119105,2.349146243119105,2.349146243119105,0.0,345104100.0,345104100.0,-862.76025,690.2082,-1725.5205,-1725.5205,1.0301614925373137,1.0301614925373137,690.2082,-1725.5205,-1725.5205,-1725.5205,-0.0002897676382285,-0.0005795352764571,0.0,0.0,0.0,0.0,0.0,2.0,0.0,0.0,0.0,0.0,0.0,0.0,0.0,0.0,0.0,,,-0.0002896032435563,-0.0701237684513165,400000.0,335000000.0,-9900000.0,400000.0,,,,72.0,0.0,0.0,1.25,0.0,0.0,-0.0002985074626865,0.0,1996-02-16,,bmo,,2025-04-25,1995-09-30,,2.3575,2033795.5833333333
