date,symbol,reportedCurrency,cik,fillingDate,acceptedDate,calendarYear,period,revenue,costOfRevenue,grossProfit,grossProfitRatio,researchAndDevelopmentExpenses,generalAndAdministrativeExpenses,sellingAndMarketingExpenses,sellingGeneralAndAdministrativeExpenses,otherExpenses,operatingExpenses,costAndExpenses,interestIncome,interestExpense,depreciationAndAmortization,ebitda,ebitdaratio,operatingIncome,operatingIncomeRatio,totalOtherIncomeExpensesNet,incomeBeforeTax,incomeBeforeTaxRatio,incomeTaxExpense,netIncome,netIncomeRatio,eps,epsdiluted,weightedAverageShsOut,weightedAverageShsOutDil,link,finalLink,revenuePerShare,netIncomePerShare,operatingCashFlowPerShare,freeCashFlowPerShare,cashPerShare,bookValuePerShare,tangibleBookValuePerShare,shareholdersEquityPerShare,interestDebtPerShare,marketCap,enterpriseValue,peRatio,priceToSalesRatio,pocfratio,pfcfRatio,pbRatio,ptbRatio,evToSales,enterpriseValueOverEBITDA,evToOperatingCashFlow,evToFreeCashFlow,earningsYield,freeCashFlowYield,debtToEquity,debtToAssets,netDebtToEBITDA,currentRatio,interestCoverage,incomeQuality,dividendYield,payoutRatio,salesGeneralAndAdministrativeToRevenue,researchAndDdevelopementToRevenue,intangiblesToTotalAssets,capexToOperatingCashFlow,capexToRevenue,capexToDepreciation,stockBasedCompensationToRevenue,grahamNumber,roic,returnOnTangibleAssets,grahamNetNet,workingCapital,tangibleAssetValue,netCurrentAssetValue,investedCapital,averageReceivables,averagePayables,averageInventory,daysSalesOutstanding,daysPayablesOutstanding,daysOfInventoryOnHand,receivablesTurnover,payablesTurnover,inventoryTurnover,roe,capexPerShare,report_date,epsEstimated,time,revenueEstimated,updatedFromDate,fiscalDateEnding,surprise(%),QuarterAvgPrice,QuarterAvgVolume
2025-02-28,ACN,USD,1467373,2025-03-20,2025-03-20 06:44:57,2025,Q2,16659301000.0,11684313000.0,4974988000.0,0.2986312571,0,1053493000.0,1676781000.0,2730274000.0,0.0,2730274000.0,14414587000.0,76113000.0,64669000.0,365102000.0,2718545000.0,0.1631848179,2244714000.0,0.1347423881,44060000.0,2288774000.0,0.1373871569,466333000.0,1788075000.0,0.1073319343,2.855278832505176,2.822021756265221,626824946,634211978,https://www.sec.gov/Archives/edgar/data/1467373/000146737325000100/0001467373-25-000100-index.htm,https://www.sec.gov/Archives/edgar/data/1467373/000146737325000100/acn-20250228.htm,26.57727824380493,2.8525906816733486,4.552148120792882,4.279644607507373,13.553225751803438,48.15052143760724,10.557497818537682,46.65744907989032,12.962150041807686,218448493681.0,218018385681.0,30.542412046614377,13.112704649552825,76.55726280262144,81.43199540182839,7.469332483292703,7.469332483292703,13.086886759594536,80.19671761217857,76.40652753942665,81.27166217138077,0.008185339115275,0.0122801853873956,0.275604027661442,0.1346310815096691,-0.1582125732698925,1.4773571242393984,34.71081971269078,0.0,0.0042526821052682,0.5195486766494694,0.0632375271927675,0.0,0.3935917995055801,0.0598626200322422,0.0102532513218891,-0.4511233714613205,0.0411850413171597,54.72319983981874,0.041045535489021,0.0492507872978292,-16.721315204325006,8177297000.0,6617703000.0,-4380156000.0,35847725000.0,14427965500.0,2597015500.0,0.0,77.15308463422325,20.141358760245467,0.0,1.1665120121467984,4.468417502082325,0.0,0.0611390193404901,0.2725035132855098,2025-03-20,2.81,bmo,16618232804.0,2025-05-12,2025-02-28,0.0035587188612098,295.1896428571428,3418818.3571428573
2024-11-30,ACN,USD,1467373,2024-12-19,2024-12-19 06:48:37,2025,Q1,17689545000.0,11866716000.0,5822829000.0,0.329167822,0,1063243000.0,1811109000.0,2874352000.0,0.0,2874352000.0,14741068000.0,76027000.0,30042000.0,378637000.0,3363924000.0,0.1901645294,2948477000.0,0.1666790751,6768000.0,2955245000.0,0.167061674,639055000.0,2278894000.0,0.1288271688,3.64,3.59,625676922,634656410,https://www.sec.gov/Archives/edgar/data/1467373/000146737324000352/0001467373-24-000352-index.htm,https://www.sec.gov/Archives/edgar/data/1467373/000146737324000352/acn-20241130.htm,28.272650593304128,3.642285530870195,1.6342076302440318,1.3909431040194256,13.283540926254588,48.11176813710255,10.377435656800523,46.65426192593372,13.068148612328072,226726546225.14,226566888225.14,24.87243222207132,12.816980098987283,221.74048957652232,260.52108023171826,7.767136056621856,7.767136056621856,12.807954541800822,67.3519640233073,221.58434269529363,260.33762454326825,0.0100512888232199,0.0038384609764037,0.279077042030291,0.1360724840470053,-0.0474618332637717,1.4661304425539163,98.14516343785368,0.0,0.0040822656870577,0.4061435064553244,0.0601057291185273,0.0,0.3943588126358508,0.1488577838718574,0.0086042348743283,0.4019813171982664,0.0265933917463676,61.83351212118534,0.0531172275673049,0.0628511842262721,-16.819326204906755,8011369000.0,6492922000.0,-4567310000.0,35797810000.0,14119742000.0,2661486000.0,0.0,74.15212375445496,19.561001544150884,0.0,1.2137211376173551,4.600991406133381,0.0,0.0780697278343515,0.2432645262246063,2024-12-19,3.42,bmo,17145074243.0,2025-04-25,2024-11-30,0.0497076023391812,353.15916666666664,3264266.6166666667
2024-08-31,ACN,USD,1467373,2024-10-10,2024-10-10 06:43:59,2024,Q4,16405819000.0,11068363000.0,5337456000.0,0.3253391982,0,1122569000.0,1755272000.0,2877841000.0,105947000.0,2983788000.0,14052151000.0,51317000.0,22835000.0,393763000.0,2749159000.0,0.1675721889,2353668000.0,0.1434654375,-21107000.0,2332561000.0,0.1421788818,613895000.0,1684301000.0,0.1026648532,2.66,2.66,633279667,633883494,https://www.sec.gov/Archives/edgar/data/1467373/000146737324000278/0001467373-24-000278-index.htm,https://www.sec.gov/Archives/edgar/data/1467373/000146737324000278/acn-20240831.htm,25.90611992600104,2.659648000351794,5.352186682475628,5.01483809679934,7.910983505491264,46.05903129367329,8.122853563842591,44.6700683349115,6.542739670812769,216549982130.65,215666062130.65,32.14241132236014,13.1995837654097,63.88977445791048,68.18764502452142,7.655014033921949,7.655014033921949,13.145705321425892,78.44801342179554,63.62898732284268,67.90931471667724,0.0077778856568264,0.0146654133551669,0.1456608775124832,0.0736702112871576,-0.3215237823639884,1.099159011741437,103.07282680096344,1.9721289651392413,0.0037270795040428,0.4791892898003385,0.0684250508920036,0.0,0.4295225288443472,0.0630300484063549,0.013021964950363,0.5425497062954112,0.0245515325995002,51.70251254297823,0.0448945845014358,0.0527859133682855,-18.168299646355138,1881654000.0,5144038000.0,-5906334000.0,30184379000.0,13432117500.0,2497568500.0,0.0,74.96341572462795,22.31067322240877,0.0,1.200585634072595,4.033943713971135,0.0,0.0595398238572464,0.337348585676287,2024-09-26,2.78,bmo,16366405560.0,2025-04-25,2024-08-31,0.0035971223021583,359.96828125,2411885.734375
2024-05-31,ACN,USD,1467373,2024-06-20,2024-06-20 06:44:37,2024,Q3,16466828000.0,10958214000.0,5508614000.0,0.334527937,0,1039800000.0,1750366000.0,2790166000.0,-18851000.0,2790166000.0,13748380000.0,53690000.0,11334000.0,345425000.0,3011129000.0,0.1828602934,2718448000.0,0.1650863178,23505000.0,2654370000.0,0.1611949794,673022000.0,1932183000.0,0.117337899,3.08,3.04,628353267,635607597,https://www.sec.gov/Archives/edgar/data/1467373/000146737324000196/0001467373-24-000196-index.htm,https://www.sec.gov/Archives/edgar/data/1467373/000146737324000196/acn-20240531.htm,26.206321928775772,3.074994754503282,5.000375051762084,4.802847631251355,8.820030532283363,45.54721603763063,9.59184954790726,44.15428463110068,7.341215908725434,177377843741.43002,176442169741.43002,22.950445654142232,10.771828292700333,56.45376538316335,58.775547690329496,6.393264036740053,6.393264036740053,10.715006541723156,58.59668242092253,56.15596990117448,58.465504729779305,0.0108930346611756,0.0170138780376611,0.1658543071382572,0.0849913353607066,-0.3107385967190379,1.1574969190322386,239.84895006176103,1.6261410021721543,0.0045674757506975,0.4193024159719861,0.0631451303189661,0.0,0.4172907571756794,0.0395025210041241,0.0075373957874582,0.3593167836722877,0.0287809528343892,55.271324904178734,0.053086408670771,0.0612445598697148,-16.041837497122458,2867665000.0,6027070000.0,-4446159000.0,29499344000.0,13139946000.0,2239888000.0,0.0,72.14169723519308,18.490211999875164,0.0,1.247544810410907,4.867440135386638,0.0,0.0696420467502573,0.19752742051073,2024-06-20,3.15,bmo,16543120212.0,2025-04-25,2024-05-31,-0.0063492063492063,328.84140625,2512899.5
2024-02-29,ACN,USD,1467373,2024-03-21,2024-03-21 06:46:17,2024,Q2,15799514000.0,10921045000.0,4878469000.0,0.3087733585,0,1085448000.0,1631185000.0,2716633000.0,-5652000.0,2832042000.0,13753087000.0,65269000.0,10305000.0,347487000.0,2634972000.0,0.1667755097,2046427000.0,0.1295246803,49312000.0,2095739000.0,0.132645789,386537000.0,1674859000.0,0.1060069949,2.66,2.63,629016555,636797814,https://www.sec.gov/Archives/edgar/data/1467373/000146737324000108/0001467373-24-000108-index.htm,https://www.sec.gov/Archives/edgar/data/1467373/000146737324000108/acn-20240229.htm,25.1178031395374,2.6626628292795886,3.340203025340088,3.16560825652673,8.148667883629868,44.4446553556925,12.01329112872077,43.11945811982643,5.037841969040068,235742824482.9,233780298482.9,35.188458324387305,14.920890888346312,112.2027604779626,118.39114938726009,8.691667667958823,8.691667667958823,14.79667656124739,88.72211867257033,111.26868821004616,117.40555964830608,0.0071046022447291,0.008446577342779,0.1164546001115738,0.061561814262878,-0.7447995652325717,1.2598415569049457,198.5858321203299,1.2544596291389305,0.0034434388481626,0.4846772176045864,0.0687013537251842,0.0,0.3976002832024209,0.052270705549577,0.0069510365951762,0.2076331750257123,0.0406259964705243,50.82600724995664,0.0464056185769967,0.054189218019668,-13.37806124991416,4192807000.0,7556559000.0,-3022226000.0,28686546000.0,13160931500.0,2401573000.0,0.0,74.51149193576461,18.364555772822104,0.0,1.2078673726945075,4.900744734222862,0.0,0.0617508416242199,0.1745947688133581,2024-03-21,2.66,bmo,15846398403.0,2025-04-25,2024-02-29,0.0413533834586465,306.33206349206347,3515163.4603174604
2023-11-30,ACN,USD,1467373,2023-12-19,2023-12-19 07:02:06,2024,Q1,16224303000.0,10776362000.0,5447941000.0,0.3357889088,0,1033499000.0,1709891000.0,2743390000.0,-35719000.0,2883054000.0,13659416000.0,101980000.0,14495000.0,343367000.0,3152548000.0,0.1943102271,2564887000.0,0.158089195,51766000.0,2616653000.0,0.1612798405,606672000.0,1973444000.0,0.1216350558,3.14,3.1,627996111,637398361,https://www.sec.gov/Archives/edgar/data/1467373/000146737323000403/0001467373-23-000403-index.htm,https://www.sec.gov/Archives/edgar/data/1467373/000146737323000403/acn-20231130.htm,25.835037376529232,3.1424462117409515,0.7938759353240644,0.6841093320082678,11.378156448487942,43.76689046088695,14.498005386533356,42.479165925917655,4.927923829133394,209210624418.54,205150005418.54,26.503238047106983,12.8948913502503,419.637357900275,486.9689454784017,7.842432701738678,7.842432701738678,12.644611322812448,65.07434793016316,411.4925161488794,477.51724885488966,0.0094328096648284,0.0020535190370663,0.1154646605952876,0.0597737447380094,-1.2880435127395364,1.334216345862829,176.94977578475337,0.2526299200788064,0.0038679918969176,0.4100572400331603,0.0637006717638347,0.0,0.3566905305845447,0.1382666968875802,0.0042487495456661,0.1322075182201764,0.0260719982855349,54.804115866792735,0.056228354415318,0.0595296472390491,-11.097934569852772,5775338000.0,9104691000.0,-990341000.0,28200178000.0,12734272500.0,2532936500.0,0.0,73.4529125842879,21.50289680320687,0.0,1.2252747622052993,4.185482580494815,0.0,0.0739761749847273,0.1097666033157966,2023-12-19,3.14,bmo,16040100000.0,2025-04-25,2023-11-30,0.0414012738853502,364.4795081967213,2303019.5409836066
2023-08-31,ACN,USD,1467373,2023-10-12,2023-10-12 06:54:36,2023,Q4,15985200000.0,10803571000.0,5181629000.0,0.3241516528,1298657000,1066404000.0,1730422000.0,2796826000.0,-40017000.0,3268709000.0,14072280000.0,103627000.0,17403000.0,375736000.0,2352266000.0,0.1471527413,1912920000.0,0.1196681931,46207000.0,1959127000.0,0.1225588044,550915000.0,1372963000.0,0.0858896354,2.18,2.15,629922331,639249070,https://www.sec.gov/Archives/edgar/data/1467373/000146737323000324/0001467373-23-000324-index.htm,https://www.sec.gov/Archives/edgar/data/1467373/000146737323000324/acn-20230831.htm,25.376461848278243,2.1795750562143508,5.412394246426548,5.126178008126529,14.36622668327026,42.0029449630672,13.990031097976743,40.78731255520452,5.026710189767824,203949953107.87,198053955107.87,37.13682617591843,12.75867384254623,59.8201064554313,63.16011646234826,7.938007672405139,7.938007672405139,12.389832789572228,84.19709127618646,58.090764415158965,61.33421792857997,0.0067318622979718,0.015832776378684,0.1225646570236944,0.0614501952910613,-2.5065183954535755,1.2983442535908911,109.91897948629548,2.4210758039272497,0.0034583925578396,0.5137348930743217,0.0667119585616695,0.0812412106198233,0.3443429598087083,0.0528816315420832,0.011278807897305,0.2811466424235241,0.0239607261717088,44.72390528280373,0.0404037098278533,0.0408627906288054,-10.424643129535282,5372893000.0,8812633000.0,-1404781000.0,27186339000.0,12404923000.0,2439823500.0,0.0,68.84159972975002,20.752913087718863,0.0,1.307349049895863,4.336740563581895,0.0,0.0534375745708755,0.2862162383000198,2023-09-28,2.66,bmo,16074900000.0,2025-04-25,2023-08-31,0.0187969924812029,322.387619047619,1943549.8412698407
2023-05-31,ACN,USD,1467373,2023-06-22,2023-06-22 06:50:30,2023,Q3,16564585000.0,11035515000.0,5529070000.0,0.3337886219,0,1084288000.0,1738621000.0,2822909000.0,201783000.0,3169782000.0,14205297000.0,81818000.0,11208000.0,358347000.0,3243988000.0,0.1958387729,2359288000.0,0.1424296473,272393000.0,2631681000.0,0.158873947,583346000.0,2009996000.0,0.1213429736,3.18,3.15,631535162,638743434,https://www.sec.gov/Archives/edgar/data/1467373/000146737323000221/0001467373-23-000221-index.htm,https://www.sec.gov/Archives/edgar/data/1467373/000146737323000221/acn-20230531.htm,26.229077962249708,3.1827143141714727,5.2085318410188535,4.984474641176036,13.522490138086722,41.26758186743686,15.298834619757878,40.11246328672353,4.9204243674400505,193199236759.04,187760003759.04,24.029803636305747,11.66339131098304,58.73440142782314,61.374572451996926,7.626557307470413,7.626557307470413,11.33502612706808,57.87937679148012,57.08082297771824,59.64666397035965,0.0104037471043785,0.0162933925247647,0.1222232876110468,0.0617657998405091,-1.6767118127440668,1.3678534269477285,210.5003568879372,1.6058755037628123,0.0036517069727346,0.3509992059685691,0.0654582049595567,0.0,0.3271642002442733,0.0430173428293737,0.0085423208610417,0.2354021550526618,0.028536483105372,53.59567612489822,0.0544309410617811,0.0595941105247025,-9.642254883663943,6287545000.0,9661752000.0,-686273000.0,26966031000.0,12540914000.0,2429685000.0,0.0,68.36509336032263,19.47916884712675,0.0,1.3164613046843832,4.620320338425287,0.0,0.079344773503972,0.2240571998428173,2023-06-22,3.04,bmo,16081500000.0,2025-04-25,2023-05-31,0.0493421052631578,315.07761904761907,1840981.380952381
2023-02-28,ACN,USD,1467373,2023-03-23,2023-03-23 06:49:24,2023,Q2,15814158000.0,10979392000.0,4834766000.0,0.3057238963,0,1082228000.0,1563567000.0,2645795000.0,-36300000.0,2890185000.0,13869577000.0,50259000.0,11634000.0,343114000.0,2491016000.0,0.1575180923,1944581000.0,0.1229645612,2325000.0,1946906000.0,0.1231115814,396223000.0,1523648000.0,0.0963470834,2.42,2.39,630845147,637735390,https://www.sec.gov/Archives/edgar/data/1467373/000146737323000124/0001467373-23-000124-index.htm,https://www.sec.gov/Archives/edgar/data/1467373/000146737323000124/acn-20230228.htm,25.068209013265182,2.4152488249227986,3.693633867330044,3.5231514589110406,9.896209917265164,38.76906736353161,13.094617655828618,37.66791123464092,5.1044777237542895,167520928785.85,164490642785.85,27.486815981422545,10.593098208949854,71.8939693370187,75.37285952562425,7.049767064221751,7.049767064221751,10.401479660557964,66.03355529866127,70.59347936036094,74.00943990602292,0.0090952695346367,0.013267375104165,0.1350230376542249,0.0672257123173285,-1.216485963960087,1.2881696480178442,167.1463812962008,1.5026352903849465,0.0042264689261906,0.4646886945016171,0.0684341208681486,0.0,0.3393572595334296,0.0461557410784293,0.0068007414621758,0.2019771783141399,0.03995596856943,45.24368478364867,0.0482665035989302,0.0483227022614508,-12.130804265345327,4711436000.0,8260676000.0,-2209053000.0,25374910000.0,12554760500.0,2444336500.0,0.0,71.13405089287713,20.25436745495561,0.0,1.2652168528337246,4.443486087637845,0.0,0.0641195316055019,0.170482408419003,2023-03-23,2.5,bmo,16546500000.0,2025-04-25,2023-02-28,0.0759999999999999,290.5862903225806,2697283.4516129037
2022-11-30,ACN,USD,1467373,2022-12-16,2022-12-16 06:50:53,2023,Q1,15747802000.0,10561660000.0,5186142000.0,0.3293248163,0,1043023000.0,1550019000.0,2593042000.0,0.0,2593042000.0,13154702000.0,44705000.0,7280000.0,323558000.0,2932456000.0,0.1862136697,2593100000.0,0.1646642497,8518000.0,2601618000.0,0.1652051505,605318000.0,1964950000.0,0.1247761434,3.12,3.08,630137262,638766821,https://www.sec.gov/Archives/edgar/data/1467373/000146737322000370/0001467373-22-000370-index.htm,https://www.sec.gov/Archives/edgar/data/1467373/000146737322000370/acn-20221130.htm,24.99106615282179,3.1182888530721424,0.786174742987981,0.6293358985649067,9.369066639960105,37.55681726372817,12.607500744813914,36.45969280896136,5.248581855805251,189627206253.66,187027550253.66,24.126212658548564,12.041503077931765,382.7774965858966,478.1707204153134,8.25377222942578,8.25377222942578,11.876422516212738,63.77846769181192,377.5298855741444,471.615335210254,0.0103621734392454,0.0020913032883557,0.1436388629169825,0.0700412350224788,-0.886511511170159,1.2559022507926063,356.1950549450549,0.2481580924710714,0.0037208110267478,0.3590763123743606,0.0662329257124264,0.0,0.3336779313017334,0.1994961626813188,0.0062757964571817,0.3054475549978674,0.0270176752285811,50.57733393165284,0.0634231738852464,0.0625894271185706,-12.835713324313774,4212214000.0,7944456000.0,-2777364000.0,24564944000.0,12193564000.0,2488631000.0,0.0,72.06921765970895,20.60281527714393,0.0,1.2487994586670177,4.368335044960722,0.0,0.0855270193693377,0.1568388444230742,2022-12-16,2.91,bmo,15581501358.0,2025-04-25,2022-11-30,0.0584192439862542,272.6124193548387,2416442.5
2022-08-31,ACN,USD,1467373,2022-10-12,2022-10-12 17:04:46,2022,Q4,15423656000.0,10477599000.0,4946057000.0,0.3206799348,1123296000,1099625000.0,1578243000.0,2677868000.0,-33444000.0,2677868000.0,13155467000.0,23087000.0,12871000.0,534905000.0,2597448000.0,0.1684067643,2268189000.0,0.1470591019,-23228000.0,2244961000.0,0.1455531036,552576000.0,1665128000.0,0.107959358,2.63,2.6,632095422,640914760,https://www.sec.gov/Archives/edgar/data/1467373/000146737322000295/0001467373-22-000295-index.htm,https://www.sec.gov/Archives/edgar/data/1467373/000146737322000295/acn-20220831.htm,24.40083484736898,2.6342984651453465,5.996104176815253,5.716002480397651,12.488313829300283,35.986794411556424,12.154789819059946,34.97272125473486,5.281840183933495,182334245430.12,177770168430.12,27.375409792838745,11.821726666499822,48.10790331418349,50.46533849298337,8.24814282820346,8.24814282820346,11.52581258490983,68.44031850882867,46.9036963122759,49.2021216454312,0.0091322833846819,0.0198155809484769,0.1504451916591155,0.070366429492256,-1.7571389302115,1.2332511161014903,176.2247688602284,2.2395081497413414,0.0033623963427921,0.3681879110795086,0.071294704705551,0.0728294251375938,0.3187266296387119,0.046713947616296,0.0114791849610753,0.3309952234508931,0.0233559410298051,45.52903670488034,0.0561419162062231,0.0517131915552545,-12.32395375583024,4087375000.0,7682987000.0,-2905431000.0,23829151000.0,11997924500.0,2471918500.0,0.0,68.71974776927078,21.985347024637992,0.0,1.3096672051559106,4.0936356337310045,0.0,0.0753243777044857,0.2801016964176019,2022-09-22,2.57,bmo,15389406931.0,2025-04-25,2022-08-31,0.0116731517509728,276.60761904761904,2168169.285714286
2022-05-31,ACN,USD,1467373,2022-06-23,2022-06-23 06:56:40,2022,Q3,16158803000.0,10844069000.0,5314734000.0,0.3289064171,0,1050697000.0,1660919000.0,2711616000.0,-8877000.0,2711616000.0,13555685000.0,8727000.0,12050000.0,524186000.0,2603118000.0,0.1610959673,2603118000.0,0.1610959673,-108494000.0,2494624000.0,0.1543817324,675308000.0,1786075000.0,0.1105326304,2.82,2.79,632749442,641004741,https://www.sec.gov/Archives/edgar/data/1467373/000146737322000201/0001467373-22-000201-index.htm,https://www.sec.gov/Archives/edgar/data/1467373/000146737322000201/acn-20220531.htm,25.537443302873747,2.8227207824230685,4.843394235660187,4.535822253637009,10.601178847029312,34.787423803054104,12.154866507175836,33.80341819408511,5.532455293733787,188850398459.32,185635438459.32,26.433716173637723,11.68715272160444,61.622074412721815,65.80063840920627,8.829284609218135,8.829284609218135,11.48819243970732,71.31272514704288,60.573029740483015,64.68045850921189,0.00945761838244,0.0151974209396133,0.1631021865629278,0.0756826774016677,-1.2350419765834664,1.268384803537997,216.02639004149376,1.6845094530032163,0.0032501122846834,0.343650182663102,0.065023195096815,0.0,0.3106774375933909,0.0635033959776875,0.0120439614246179,0.3712727924820579,0.0252034138914868,46.33461177889697,0.0627061559734696,0.0562110260882482,-12.97714222243439,4445148000.0,7690985000.0,-3075735000.0,23610000000.0,11904975000.0,2306786500.0,0.0,68.05681460439861,19.78885232102452,0.0,1.322424514328991,4.548015142059562,0.0,0.0835040044239368,0.3075719820231781,2022-06-23,2.85,bmo,16039931821.0,2025-04-25,2022-05-31,0.031578947368421,288.98875,1994073.828125
2022-02-28,ACN,USD,1467373,2022-03-17,2022-03-17 06:48:44,2022,Q2,15046693000.0,10522734000.0,4523959000.0,0.300661348,0,1047565000.0,1414814000.0,2462379000.0,-7183000.0,2462379000.0,12985113000.0,7269000.0,11216000.0,528260000.0,2061580000.0,0.1370121661,2061580000.0,0.1370121661,-11130000.0,2050450000.0,0.1362724686,392921000.0,1634942000.0,0.1086578958,2.54,2.54,633956712,644127093,https://www.sec.gov/Archives/edgar/data/1467373/000146737322000144/0001467373-22-000144-index.htm,https://www.sec.gov/Archives/edgar/data/1467373/000146737322000144/acn-20220228.htm,23.73457479853924,2.5789489551141465,3.400063378459821,3.1403295561290627,8.631736041939721,33.37290795968416,10.860462346520594,32.43127268916746,5.622402811629195,200343000126.24,198430028126.24,30.63457298886444,13.31475295775889,92.9453262554042,100.63275027400088,9.744298443938511,9.744298443938511,13.1876172476065,96.251432457746,92.05783926286932,99.67186003358393,0.0081607143697049,0.0099371228280775,0.1728180946101081,0.0801741294368676,-0.9279154822999836,1.2345546579364048,183.80706134094152,1.3004255129171194,0.0030776368508581,0.3771283629633344,0.0696209459447335,0.0,0.3220354820114529,0.0763908767043084,0.010943268397913,0.31170257070382,0.0363273843627965,43.38050746973672,0.0564633433691818,0.0544147739721475,-14.189539805676826,3645008000.0,6885063000.0,-3975728000.0,22822628000.0,11355638500.0,2219692000.0,0.0,69.32944268883534,19.06632724917307,0.0,1.2981497688354184,4.720363750386346,0.0,0.0795204363341422,0.2597338223307587,2022-03-17,2.37,bmo,14650981027.0,2025-04-25,2022-02-28,0.0717299578059071,300.4814516129032,2379116.1612903224
2021-11-30,ACN,USD,1467373,2021-12-16,2021-12-16 06:59:22,2022,Q1,14965153000.0,10048364000.0,4916789000.0,0.3285491969,0,1028070000.0,1454425000.0,2482495000.0,-23029000.0,2482495000.0,12530859000.0,6050000.0,11183000.0,500865000.0,2675629000.0,0.1787906211,2434294000.0,0.1626641572,-28162000.0,2406132000.0,0.1607823188,586402000.0,1791024000.0,0.1196796317,2.83,2.78,632280932,644922661,https://www.sec.gov/Archives/edgar/data/1467373/000146737321000297/0001467373-21-000297-index.htm,https://www.sec.gov/Archives/edgar/data/1467373/000146737321000297/acn-20211130.htm,23.66851860084245,2.8326395900232524,0.839612541091149,0.5522861473861432,8.926546277691639,33.11606746350529,10.434137210387991,32.19011988171106,5.517264278341387,225977205096.8,223817366096.8,31.54301744376401,15.100226846781986,425.6725364482143,647.1283078373425,11.102785616000707,11.102785616000707,14.955902294938111,83.65037383613348,421.6040546513183,640.9432018808706,0.0079256843593263,0.0015452886048856,0.1708467548516574,0.079617595002219,-0.8072266371757818,1.2225343646441338,217.6780828042565,0.2917306413588829,0.0027135834330605,0.3423784382565504,0.068697593669774,0.0,0.3283671755091953,0.3422130800137886,0.0121396019138594,0.3627145039082387,0.024436168477529,45.29478645111279,0.0630702863809867,0.0610575163301099,-13.841472685752288,3389645000.0,6597306000.0,-4114433000.0,22542127000.0,10424306500.0,2242110000.0,0.0,66.87777198134893,19.79572694619741,0.0,1.345738611404391,4.546435715374839,0.0,0.0879971743016908,0.2873263937050058,2021-12-16,2.63,bmo,12951700000.0,2025-04-25,2021-11-30,0.0570342205323193,337.2683870967742,2822064.0
2021-08-31,ACN,USD,1467373,2021-10-15,2021-10-15 06:54:29,2021,Q4,13419284000.0,8953068000.0,4466216000.0,0.3328207377,1118320000,992558000.0,1514969000.0,2507527000.0,-37629000.0,2507527000.0,11460595000.0,9722000.0,12977000.0,486281000.0,1958689000.0,0.1459607681,1958689000.0,0.1459607681,-40884000.0,1917805000.0,0.1429141078,480382000.0,1416248000.0,0.1055382687,2.24,2.2,633546144,645287973,https://www.sec.gov/Archives/edgar/data/1467373/000146737321000229/0001467373-21-000229-index.htm,https://www.sec.gov/Archives/edgar/data/1467373/000146737321000229/acn-20210831.htm,21.18122590925279,2.2354299105322943,3.845705672860981,3.47273362932819,12.89956237189252,31.721626262474736,14.160378190226975,30.8256220718155,5.555413813709519,213226290224.64,208564750224.64,37.63929238110839,15.889543005769909,87.51579778325026,96.91500584947212,10.918190043850688,10.918190043850688,15.542166797024343,106.48181014170191,85.60253281217781,94.7962559716236,0.0066419952178877,0.0103183195546951,0.1795561719237005,0.0812174993317443,-2.3799286155178283,1.2519369474577635,150.93542421206752,1.6950000104353415,0.0026166097970949,0.3939493648005152,0.0739650491039611,0.0833367860759188,0.2576871747472307,0.0969840323883449,0.0176086145877827,0.4859227483697697,0.0205450603772898,39.375647877555856,0.052016253218393,0.0441887299655893,-12.011914320798075,3957644000.0,8971253000.0,-3412218000.0,19905129000.0,9600826500.0,2100483500.0,0.0,65.24484316748942,22.85977611250133,0.0,1.3794193629826323,3.937046432873055,0.0,0.0725185660592456,0.3729720435327912,2021-09-23,2.19,bmo,13358008730.0,2025-04-25,2021-08-31,0.0045662100456622,364.458125,2095454.0
2021-05-31,ACN,USD,1467373,2021-06-24,2021-06-24 07:04:06,2021,Q3,13263795000.0,8859411000.0,4404384000.0,0.3320606207,0,879122000.0,1406606000.0,2285728000.0,-467000.0,2285728000.0,11145139000.0,4551000.0,28739000.0,478986000.0,2118656000.0,0.1597322637,2118656000.0,0.1597322637,-24655000.0,2094001000.0,0.1578734442,524429000.0,1549426000.0,0.1168161902,2.44,2.4,635203753,645454021,https://www.sec.gov/Archives/edgar/data/1467373/000146737321000161/0001467373-21-000161-index.htm,https://www.sec.gov/Archives/edgar/data/1467373/000146737321000161/acn-20210531.htm,20.881165983916976,2.439258257971911,3.78012565048557,3.5310528147965776,15.764725810743125,31.31902780177686,15.007534125825607,30.45140226052789,5.473212309562661,178416030142.63998,171854516142.63998,28.787439694222247,13.451356127159684,74.30440836375904,79.54568077344982,9.223877363575006,9.223877363575006,12.956662564721483,81.11487478035131,71.57175359416945,76.62027044110893,0.0086843429862286,0.0125713928182732,0.1782502005263445,0.0818486764260288,-3.0970171655993237,1.4163082780944836,73.72058874699886,1.5298119487350692,0.0031335188859041,0.3608239438346846,0.0662798241378127,0.0,0.2459620304236327,0.0658900943298003,0.0119281095644195,0.3303061049801038,0.0249580154096169,40.88121542583325,0.0568419107371047,0.0487796754049473,-8.047852717897905,6215299000.0,9532842000.0,-1086062000.0,21244327000.0,9099416500.0,1833652500.0,0.0,64.28097614596727,19.574879187792508,0.0,1.4001031937603243,4.597729525509754,0.0,0.080103314688196,0.2490728356889919,2021-06-24,2.23,bmo,12252653677.0,2025-04-25,2021-05-31,0.0762331838565022,325.2953125,1829310.484375
2021-02-28,ACN,USD,1467373,2021-03-18,2021-03-18 06:56:25,2021,Q2,12088125000.0,8492893000.0,3595232000.0,0.2974184996,0,802231000.0,1139486000.0,1941717000.0,109443000.0,1941717000.0,10434610000.0,8407000.0,8922000.0,457775000.0,1653515000.0,0.136788377,1653515000.0,0.136788377,108928000.0,1762443000.0,0.1457995347,300950000.0,1440859000.0,0.119196236,2.27,2.23,635993980,646321916,https://www.sec.gov/Archives/edgar/data/1467373/000146737321000106/0001467373-21-000106-index.htm,https://www.sec.gov/Archives/edgar/data/1467373/000146737321000106/acn-20210228.htm,19.006665754917996,2.265523016428552,3.98544810125404,3.839990749597976,14.418526414353796,29.62673797635632,13.965166777207545,28.78647845062936,5.476957502019123,164188205876.80002,158496017876.80002,28.4879030281242,13.582603247137172,64.77565218294242,67.22932861935354,8.968099395789618,8.968099395789618,13.111712352147254,95.85399459744848,62.52996597132388,64.89857669005669,0.0087756546964229,0.0148744606042685,0.1897741356837632,0.0868914632117857,-3.4424773890772085,1.38820388075285,185.33008294104465,1.7343367364742766,0.0034170663903897,0.389380223880338,0.0663652137945297,0.0,0.2491075430255157,0.0364971134890191,0.0076529652034538,0.202086177707389,0.0351495372524688,38.306261414631294,0.0514762441239693,0.0479890647498116,-8.535983312294874,5470052000.0,8881762000.0,-1582254000.0,20077253000.0,8636551500.0,1626918500.0,0.0,64.96336528617962,18.44313239316685,0.0,1.3853962091330685,4.879865203014258,0.0,0.078700943580649,0.1454573516560644,2021-03-18,1.9,bmo,11261042763.0,2025-04-25,2021-02-28,0.0684210526315789,286.3338095238095,1906044.634920635
2020-11-30,ACN,USD,1467373,2020-12-17,2020-12-17 07:08:14,2021,Q1,11762185000.0,7863889000.0,3898296000.0,0.3314261763,0,780451000.0,1227176000.0,2007627000.0,94367000.0,2007627000.0,9871516000.0,10685000.0,8854000.0,468200000.0,2091794000.0,0.1778405967,1890669000.0,0.1607413078,96198000.0,1986867000.0,0.1689198903,464810000.0,1500276000.0,0.1275507909,2.37,2.32,634271482,646879735,https://www.sec.gov/Archives/edgar/data/1467373/000146737320000431/0001467373-20-000431-index.htm,https://www.sec.gov/Archives/edgar/data/1467373/000146737320000431/acn-20201130.htm,18.544401464986567,2.365353074474189,2.5270645858865843,2.3802583638783243,13.68049998502061,29.05099239508296,14.532925193064251,28.23160351390353,5.419955173075242,157990683451.38,152825549451.38,26.32693641892892,13.4320862536493,98.56890931523634,104.64830363798823,8.823090756333691,8.823090756333691,12.992955768964697,73.05956013089222,95.3464305353169,101.22707335177812,0.0094959776565666,0.0095558166280393,0.1914873821524372,0.0896007404141771,-2.469236455630543,1.4529955654449662,213.5384007228371,1.0530781698714309,0.0035321829604701,0.3719662248812885,0.0663525526932283,0.0,0.2406271862899828,0.0580935773577607,0.0079164713018882,0.1988786843229389,0.0264679564213621,38.76207526437833,0.0553000207562052,0.0516269920266456,-7.495466665171618,5806995000.0,9217820000.0,-1216001000.0,19622336000.0,8197301500.0,1431658000.0,0.0,65.40400359286986,17.32091844124453,0.0,1.3760625505471582,5.196029315956608,0.0,0.0837838726840045,0.1468062220082598,2020-12-17,2.05,bmo,11012633995.0,2025-04-25,2020-11-30,0.1317073170731707,258.47901639344263,2140730.4918032787
2020-08-31,ACN,USD,1467373,2020-10-22,2020-10-22 16:28:48,2020,Q4,10835271000.0,7394731000.0,3440540000.0,0.3175315135,870611000,741888000.0,1153949000.0,1895837000.0,244866000.0,1895837000.0,9290568000.0,7855000.0,14069000.0,486890000.0,1757030000.0,0.1621583807,1544703000.0,0.1425624703,238652000.0,1783355000.0,0.1645879462,477931000.0,1287929000.0,0.1188644936,2.03,1.99,635887742,647867307,https://www.sec.gov/Archives/edgar/data/1467373/000146737320000376/0001467373-20-000376-index.htm,https://www.sec.gov/Archives/edgar/data/1467373/000146737320000376/acn-20200831.htm,17.03959721871789,2.0254030938687286,4.963350905418145,4.666572106999351,13.38229759428198,27.519280282021853,15.394781741208655,26.735121432801577,5.503458816477704,152568545938.06,147638728938.06,29.615092512487102,14.08073189291343,48.34032583472692,51.41461323186907,8.974337393718645,8.974337393718645,13.625753240325968,84.02743774327132,46.77834621028765,49.753296786854285,0.0084416417032831,0.0194497232817878,0.2050237121935449,0.0940033781756497,-2.805767118375896,1.4017476677362215,109.7947970715758,2.417707963083259,0.0033375227958633,0.3953641854481108,0.0684697226308414,0.0803497208330091,0.2079318381903002,0.0597940391631027,0.0174170078441046,0.3875988416274723,0.0239685744823548,34.90503470076245,0.0449060776576189,0.0438536877247135,-8.153344777009398,5087166000.0,9789353000.0,-1829664000.0,17525900000.0,8096246500.0,1377925500.0,0.0,65.17790648706433,16.429084438636107,0.0,1.3808360048793842,5.478089806900496,0.0,0.0757581408021488,0.2967787984187938,2020-09-24,1.73,bmo,9419607452.0,2025-04-25,2020-08-31,-0.0173410404624277,239.7146875,1854284.5625
2020-05-31,ACN,USD,1467373,2020-06-25,2020-06-25 07:11:26,2020,Q3,10991305000.0,7462617000.0,3528688000.0,0.3210435885,0,697751000.0,1118204000.0,1815955000.0,-39670000.0,1815955000.0,9278572000.0,12671000.0,4961000.0,444660000.0,1939043000.0,0.1764160853,1712733000.0,0.1558261735,-31960000.0,1680773000.0,0.1529184205,428134000.0,1228202000.0,0.1117430551,1.93,1.9,636146240,645607914,https://www.sec.gov/Archives/edgar/data/1467373/000146737320000251/0001467373-20-000251-index.htm,https://www.sec.gov/Archives/edgar/data/1467373/000146737320000251/acn531202010-q.htm,17.277953258043308,1.9306912825579223,4.309490220361909,4.07372524908738,10.13279116449702,25.91172275104542,12.759715439016036,25.17440958229982,5.528889080598826,129379422291.2,126449382291.2,26.33512693579721,11.771070158748213,47.19351700557293,49.924820051514864,8.078838923118058,8.078838923118058,11.50449216823662,65.21226310669748,46.12473118076241,48.79417873968014,0.0094930243020843,0.0200301172636806,0.2193136065913828,0.1001850997219724,-1.5110753087992377,1.3650534680398614,345.239467849224,2.188552328324441,0.0039334925986496,0.4143561075458271,0.0634820887965532,0.0,0.2386548726101958,0.0547083202928652,0.0136454224498364,0.3372936625736518,0.0264632816576375,33.06947679193005,0.0532381521261392,0.0460160702302549,-9.225137053392,4317955000.0,8117045000.0,-2427438000.0,17352525000.0,8431775000.0,1466056000.0,0.0,68.33620666517761,16.956240686075674,0.0,1.317017791768382,5.307780283745752,0.0,0.0766926142297849,0.2357649712745295,2020-06-25,1.85,bmo,10702060131.0,2025-04-25,2020-05-31,0.0270270270270269,229.06421875,1825563.6875
2020-02-29,ACN,USD,1467373,2020-03-19,2020-03-19 06:58:06,2020,Q2,11141505000.0,7782334000.0,3359171000.0,0.30150065,0,707573000.0,1162653000.0,1870226000.0,7792000.0,1870226000.0,9652560000.0,21386000.0,8567000.0,442116000.0,1488945000.0,0.1336394859,1488945000.0,0.1336394859,20611000.0,1509556000.0,0.1354894155,257474000.0,1234740000.0,0.110823448,1.94,1.91,637485626,648833880,https://www.sec.gov/Archives/edgar/data/1467373/000146737320000158/0001467373-20-000158-index.htm,https://www.sec.gov/Archives/edgar/data/1467373/000146737320000158/acn229202010-q.htm,17.477264656003396,1.936890730772336,2.401059627970341,2.1416498573726277,8.533681040205916,24.97437644186192,13.041854844896534,24.274412424163422,5.362906802231177,115123529199.34,113097282199.34,23.30926535127638,10.332852626224197,75.2126260823668,84.32284081280567,7.439520959124666,7.439520959124666,10.150987878149316,75.95799858244595,73.88883624529853,82.8387054286951,0.0107253487500544,0.0118591829966921,0.2203747705351011,0.1017868618228044,-1.3608608780042244,1.378232129956632,173.80004669079025,1.2224766429035798,0.0044407776894571,0.4140450621183407,0.0635078474586691,0.0,0.2270457383020186,0.1080397036274345,0.0148426985402779,0.3740421065964588,0.0334160420876712,32.52506570991682,0.0535313672555634,0.0476795831919216,-9.02618508609322,4227718000.0,8313995000.0,-2177331000.0,16441620000.0,8547667500.0,1553623500.0,0.0,68.8071683313879,17.649223227890246,0.0,1.3080032528957382,5.099374563849201,0.0,0.0797914568199517,0.2594097705977138,2020-03-19,1.72,bmo,10033187748.0,2025-04-25,2020-02-29,0.1104651162790697,189.1319047619048,2494876.9206349207
2019-11-30,ACN,USD,1467373,2019-12-19,2019-12-19 06:54:55,2020,Q1,11358958000.0,7711199000.0,3647759000.0,0.321135002,0,689373000.0,1191123000.0,1880496000.0,11439000.0,1880496000.0,9591695000.0,27419000.0,5474000.0,399458000.0,1917725000.0,0.1688293064,1767263000.0,0.155583197,33384000.0,1800647000.0,0.158522199,425479000.0,1356968000.0,0.1194623662,2.13,2.09,635722309,649389444,https://www.sec.gov/Archives/edgar/data/1467373/000146737319000395/0001467373-19-000395-index.htm,https://www.sec.gov/Archives/edgar/data/1467373/000146737319000395/acn1130201910-q.htm,17.867798312549073,2.1345294648138577,1.2378219056647892,1.0882864895653677,9.145250870848392,24.54091633899228,13.261990149853306,23.858118214945325,5.32865521949144,127881899678.44,125453433678.44,23.560227595352288,11.258242144960832,162.51126198317218,184.84103398208856,8.431511579735082,8.431511579735082,11.044449119227307,65.41784337088998,159.4251874461534,181.3309190435471,0.0106111029270921,0.0054100541338505,0.2229867625652249,0.1019595539583232,-1.2663265066680571,1.393475798006466,322.8467299963464,0.5722289931121143,0.003975394495064,0.3746447963400758,0.0606898097519156,0.0,0.2161625291612673,0.1208052753106768,0.0083689894794927,0.2379799628496613,0.0242037165732983,33.85013688093879,0.0594941785693092,0.0521901796534498,-8.372562083549596,4406696000.0,8430943000.0,-1963400000.0,16117902000.0,8336228500.0,1613876500.0,0.0,67.96087634094606,18.453690535025743,0.0,1.3242913400422929,4.87707322441421,0.0,0.0894676372035383,0.1495354160994214,2019-12-19,2.0,bmo,10869816267.0,2025-04-25,2019-11-30,0.0449999999999999,192.62870967741932,3130455.935483871
2019-08-31,ACN,USD,1467373,2019-10-29,2019-10-29 06:53:24,2019,Q4,11055650000.0,7621034000.0,3434616000.0,0.31066613,799734000,689883000.0,1173240000.0,1863123000.0,-30644000.0,1863123000.0,9484157000.0,27394000.0,7491000.0,240168000.0,1808411000.0,0.163573467,1571493000.0,0.1421438812,-10741000.0,1560752000.0,0.1411723417,415204000.0,1130427000.0,0.1022488049,1.77,1.74,637049388,650523417,https://www.sec.gov/Archives/edgar/data/1467373/000146737319000339/0001467373-19-000339-index.htm,https://www.sec.gov/Archives/edgar/data/1467373/000146737319000339/acn831201910k.htm,17.354462947855467,1.7744730962680086,3.321960651502894,2.943245901054064,9.622748432810676,23.27557529966578,12.214691900779284,22.618353100121023,0.0473260010415393,126244077219.96,120139882219.96,27.919555446738265,11.418964712157132,59.65452959545007,67.3304258842353,8.76146902132055,8.76146902132055,10.866831187669652,66.4339479354859,56.77009422784515,64.07484306339276,0.0089542973016501,0.0148521264624012,0.0015724885432779,0.0007605938661048,-3.3754467319652446,1.3967407576422703,209.784140969163,1.8473717382423085,0.0,0.0,0.062400944313541,0.0723371307883299,0.2365343197085721,0.1140033823933149,0.0218223261409324,1.0045468172279404,0.0213737772089384,30.050829086836096,0.0615675921968607,0.0497031883895351,-4.3336039591329145,4388705000.0,7781362000.0,488412000.0,12826200000.0,8114609000.0,1604818000.0,0.0,65.89901000845721,19.445877029285004,0.0,1.3657261313705586,4.628230440029126,0.0,0.0784527984161019,0.3787147504488302,2019-09-26,1.71,bmo,10865035344.0,2025-04-25,2019-08-31,0.0175438596491228,194.90453125,1778961.265625
2019-05-31,ACN,USD,1467373,2019-06-27,2019-06-27 16:18:02,2019,Q3,11099688000.0,7571390000.0,3528298000.0,0.3178736195,0,626191000.0,1184164000.0,1810355000.0,-29690000.0,1810355000.0,9381745000.0,21402000.0,5348000.0,221309000.0,1930964000.0,0.1739656106,1717943000.0,0.15477399,-13636000.0,1704307000.0,0.153545487,435658000.0,1249516000.0,0.1125721732,1.96,1.93,637831341,649297717,https://www.sec.gov/Archives/edgar/data/1467373/000146737319000217/0001467373-19-000217-index.htm,https://www.sec.gov/Archives/edgar/data/1467373/000146737319000217/acn531201910-q.htm,17.40223047459187,1.959006903048999,3.329315860632819,3.1094129004237816,7.482379264270114,22.17350746331545,11.56580356875251,21.537549375454727,0.0459996210816489,113578626891.87,108833460891.87,22.724524314188457,10.232596347921673,53.48546291614199,57.268045673744666,8.267885862768468,8.267885862768468,9.805091899147977,56.36224232656331,51.25091045614826,54.87546186943252,0.0110013303928174,0.0174617448218328,0.0017464827938832,0.0008520987798138,-2.4574078025276496,1.340189293258227,321.23092744951384,1.6738609339541513,0.0082014990451225,0.7455006578547213,0.0564151893278441,0.0,0.2402983198112256,0.0660504948807228,0.0126364813137089,0.6337790148615736,0.0237550821248308,30.8111128941925,0.0726239381594446,0.0584147100521663,-4.923395180106084,3589673000.0,7377032000.0,128258000.0,11697147000.0,8142779000.0,1517562500.0,0.0,65.95439709656704,18.579091818014923,0.0,1.3645792238571544,4.844154971704964,0.0,0.0909577440264202,0.2199029602090374,2019-06-27,1.89,bmo,10869642652.0,2025-04-25,2019-05-31,0.0211640211640211,193.5140625,1873922.671875
2019-02-28,ACN,USD,1467373,2019-03-28,2019-03-28 16:27:34,2019,Q2,10454129000.0,7399780000.0,3054349000.0,0.2921667601,0,647687000.0,1020036000.0,1667723000.0,-23834000.0,1667723000.0,9067503000.0,19081000.0,5619000.0,219598000.0,1601471000.0,0.1531902849,1386626000.0,0.132639075,-10372000.0,1376254000.0,0.1316469311,235534000.0,1124449000.0,0.1075602759,1.76,1.73,638639729,649170699,https://www.sec.gov/Archives/edgar/data/1467373/000146737319000130/0001467373-19-000130-index.htm,https://www.sec.gov/Archives/edgar/data/1467373/000146737319000130/acn228201910-q.htm,16.36936840175817,1.7606937823312274,2.128978104962211,1.910080041387466,6.99611971681768,21.496540814171617,11.295579764972624,20.8835003435873,0.0465630286524188,103063679466.02,98622908466.02,22.91426277804062,9.8586577098886,75.80162502557276,84.48860597631027,7.727631735335737,7.727631735335737,9.433871388617838,61.58270019626955,72.53551168758136,80.84819110664974,0.0109102353595936,0.0118359154875911,0.0018083482285752,0.0008805336564074,-2.772932510173459,1.3536778226623631,246.77451503826305,1.1919226453467986,0.0,0.0,0.0619551375346525,0.0,0.2378491977863037,0.1028183723752436,0.0133724196439512,0.6366041585078188,0.0331698604446147,28.763042384038403,0.0669159742475914,0.0538646101795365,-4.822914407193105,3614251000.0,7213806000.0,171637000.0,11411755000.0,8087234000.0,1413834000.0,0.0,70.17581187299295,17.904816089126975,0.0,1.2824931781749196,5.026580532969235,0.0,0.0843102810047781,0.2188980635747451,2019-03-28,1.57,bmo,9487273138.0,2025-04-25,2019-02-28,0.1019108280254776,179.60444444444445,1820433.0952380951
2018-11-30,ACN,USD,1467373,2018-12-20,2018-12-20 16:24:56,2019,Q1,10605546000.0,7308121000.0,3297425000.0,0.310915157,0,598397000.0,1070016000.0,1668413000.0,-33654000.0,1668413000.0,8976534000.0,19631000.0,4505000.0,211685000.0,1826674000.0,0.1722376198,1629012000.0,0.1536000127,-18528000.0,1610484000.0,0.1518530022,319160000.0,1274720000.0,0.1201937175,2.0,1.96,638877445,652151450,https://www.sec.gov/Archives/edgar/data/1467373/000146737318000424/0001467373-18-000424-index.htm,https://www.sec.gov/Archives/edgar/data/1467373/000146737318000424/acn1130201810-q.htm,16.60028239062345,1.9952496523022505,1.60830219949305,1.4866967169266714,6.835279652109177,20.435168125241923,10.69994418100016,19.845521389474,0.0455924688341439,105108117251.4,100768950251.4,20.613961742853338,9.910674778215096,102.29420817297772,110.66144031050192,8.29003162835827,8.29003162835827,9.50153346667866,55.16526224788879,98.07120747614618,106.09301607720224,0.0121277027249103,0.0090365713404246,0.0019420521851498,0.0009219883225047,-2.375446850395856,1.3305780519214432,361.6008879023307,0.7957011563325703,0.008875032912718,0.731798355717334,0.0564230262166606,0.0,0.2328884539038789,0.0756110901326315,0.0073255068621643,0.3670123060207383,0.0232440649448882,29.848405605197065,0.0789958070719362,0.0622215371197361,-5.113101543285818,3364073000.0,6835953000.0,-110436000.0,10826956000.0,7759712500.0,1352170000.0,0.0,68.08467286832757,16.693541335727748,0.0,1.3218834167574778,5.391306625118587,0.0,0.1005390391688335,0.1216054825663786,2018-12-20,1.86,bmo,10064446714.0,2025-04-25,2018-11-30,0.0537634408602149,157.12377049180327,2015875.3442622952
2018-08-31,ACN,USD,1467373,2018-10-24,2018-10-24 17:05:52,2018,Q4,10642249000.0,7419118000.0,3223131000.0,0.3028618293,790779000,680219000.0,1090241000.0,1770460000.0,-13659000.0,1770460000.0,9189578000.0,22755000.0,5153000.0,235090000.0,1696857000.0,0.159445339,1452671000.0,0.1365003769,-13070000.0,1456614000.0,0.1368708813,408243000.0,1029524000.0,0.0967393264,1.61,1.58,640575241,653960751,https://www.sec.gov/Archives/edgar/data/1467373/000146737318000318/0001467373-18-000318-index.htm,https://www.sec.gov/Archives/edgar/data/1467373/000146737318000318/acn831201810k.htm,16.613581541781755,1.6071866880037595,3.2927513662676824,3.012717127479487,7.906256245704633,16.74212069648193,7.266072277058239,16.180383406357723,0.0470920480050211,108302055995.87,103265708995.87,26.29906053571116,10.176613608257991,51.34611794015897,56.11877678720143,10.449072543829072,10.449072543829072,9.70337275475043,60.857048646921925,48.95838056369192,53.50909749240882,0.0095060429881336,0.017819347770033,0.0024132750679152,0.0010230649550332,-2.96804444923762,1.3382478549759544,281.9078206869785,2.011935660181367,0.0,0.0,0.0639168468995604,0.0743056284437622,0.2482760600878159,0.0850456677831746,0.0168557416764069,0.7630396869284104,0.0211498528177643,24.18905079563146,0.0731005589683321,0.0560164418434752,-4.742092428139913,3433808000.0,4654466000.0,-138936000.0,10767950000.0,7471533500.0,1368895500.0,0.0,63.39572772634807,16.36207700160585,0.0,1.4196540244555764,5.500524168855028,0.0,0.0993293327877663,0.2800342387881956,2018-09-27,1.56,bmo,10371037974.0,2025-04-25,2018-08-31,0.0128205128205128,158.20619047619047,2537306.8253968256
2018-05-31,ACN,USD,1467373,2018-06-28,2018-06-28 16:19:09,2018,Q3,10838854000.0,7519726000.0,3319128000.0,0.3062249939,0,592264000.0,1107138000.0,1699402000.0,-14016000.0,1699402000.0,9219128000.0,12687000.0,5839000.0,238389000.0,1856786000.0,0.171308332,1619726000.0,0.1494370161,-7168000.0,1612558000.0,0.1487756916,554417000.0,1043020000.0,0.0962297306,1.63,1.6,639217344,654600026,https://www.sec.gov/Archives/edgar/data/1467373/000146737318000228/0001467373-18-000228-index.htm,https://www.sec.gov/Archives/edgar/data/1467373/000146737318000228/acn2018053110-q.htm,16.95644541209445,1.6317141732624827,3.109330525299389,2.837817241704881,6.151438218797768,15.883073410473669,6.553645703330603,15.327063778795088,0.0541865772653377,99551709154.56,95651662154.56,23.86140945393185,9.184708010142034,50.08795260999287,54.88020782706775,10.161111237461247,10.161111237461247,8.824887036448688,51.51463989633701,48.12570232848882,52.73021571027718,0.0104771681858384,0.0182215053403421,0.0029393737576328,0.0012385814109652,-2.100428913186549,1.2913328133197175,277.3978420962493,1.8783300146199795,0.0085896064192367,0.8198404632701195,0.0546426771686379,0.0,0.2564872518541625,0.0873221040302122,0.016012393930207,0.7280369480135409,0.0226869002940716,23.7215347743997,0.0775796849786171,0.0603346012997663,-5.602048792343156,2783276000.0,4189204000.0,-761185000.0,9975754000.0,7479000000.0,1378226500.0,0.0,61.83337371275599,16.624144283980563,0.0,1.4555246559582975,5.413812492395548,0.0,0.1064596713898946,0.2715132835945077,2018-06-28,1.72,bmo,10276759776.0,2025-04-25,2018-05-31,0.0406976744186046,166.45825396825396,1920742.4444444445
2018-02-28,ACN,USD,1467373,2018-03-22,2018-03-22 16:32:16,2018,Q2,10067832000.0,7219438000.0,2848394000.0,0.2829202951,0,566241000.0,999389000.0,1565630000.0,-43586000.0,1565630000.0,8785068000.0,9459000.0,3840000.0,220664000.0,1469301000.0,0.1459401587,1282764000.0,0.127412138,-51247000.0,1244797000.0,0.1236410182,325257000.0,863703000.0,0.0857883803,1.4,1.37,617854667,656118796,https://www.sec.gov/Archives/edgar/data/1467373/000146737318000142/0001467373-18-000142-index.htm,https://www.sec.gov/Archives/edgar/data/1467373/000146737318000142/acn-20180228x10q.htm,16.294822290304072,1.3979064108938746,1.4955895768931693,1.280496923073335,5.824180332686554,16.894630011753232,7.159295278091668,15.671463723037638,0.0528878419882519,99480779933.67,95914537933.67,28.79484612582971,9.881052835771396,107.65654059616452,125.74024747639228,10.274088167227754,10.274088167227754,9.526831390677756,65.27902583178668,103.79720940772052,121.23264156558524,0.0086821092534244,0.0079529030685878,0.002978202228369,0.0012465752897627,-2.427169109665072,1.311385931037781,334.053125,1.0049122387280598,0.0003656284161046,0.0421128559238534,0.0562425952280491,0.0,0.2600193429475728,0.1438179679392072,0.0132000613438921,0.6022550121451619,0.0291060677214319,22.201641631798644,0.0688253768519688,0.0504559627062972,-5.604198584130788,2917036000.0,4423404000.0,-409605000.0,10128253000.0,7484628000.0,1342197000.0,0.0,67.1462426071472,17.047277087219253,0.0,1.3403579486429849,5.279435509819637,0.0,0.0892007559471869,0.2150926538198343,2018-03-22,1.49,bmo,9344563291.0,2025-04-25,2018-02-28,0.0604026845637584,155.53484375,2149465.46875
2017-11-30,ACN,USD,1467373,2017-12-21,2017-12-21 06:41:51,2018,Q1,10054493000.0,7002233000.0,3052260000.0,0.3035717465,0,564591000.0,1001789000.0,1566380000.0,1515000.0,1566380000.0,8568613000.0,11436000.0,4707000.0,232633000.0,1731464000.0,0.172207987,1485880000.0,0.1477826878,-4052000.0,1494124000.0,0.1486026197,305582000.0,1123660000.0,0.1117570026,1.82,1.79,615835525,656671417,https://www.sec.gov/Archives/edgar/data/1467373/000146737317000506/0001467373-17-000506-index.htm,https://www.sec.gov/Archives/edgar/data/1467373/000146737317000506/acn-20171130x10q.htm,16.326588174659136,1.82461055652806,1.6332899924862243,1.4167516562153506,5.9795072718482745,16.065063800923145,6.694569950312626,14.78013143200857,0.0485714103615571,91149816055.25,87493310055.25,20.279670019234025,9.06558053750199,90.62077198838182,104.47137954677784,10.014119338577894,10.014119338577894,8.701911678216893,50.53140582492619,86.98548877180023,100.28047447781395,0.0123276167591923,0.0095719995690517,0.0027691320602979,0.001097102469893,-2.111800187586921,1.2474712121817382,315.6745272997663,0.846278886232039,0.0093649558160664,0.7596728547781357,0.0561531048855471,0.0,0.2511815343094477,0.1325780095800715,0.0132629263355198,0.5732290775599335,0.0211737180581855,24.632897441198185,0.0901307404121624,0.06531589266584,-6.178365156833069,2440815000.0,4122754000.0,-776875000.0,9370458000.0,7171606000.0,1420997500.0,0.0,66.75781165693785,16.926557570991996,0.0,1.3481568338773833,5.317088227924035,0.0,0.123450225386805,0.2165383362708736,2017-12-21,1.67,bmo,9221385474.0,2025-04-25,2017-11-30,0.0718562874251497,158.4188524590164,2498142.7377049183
2017-08-31,ACN,USD,1467373,2017-10-26,2017-10-26 16:27:21,2017,Q4,9640906000.0,6754233000.0,2886673000.0,0.2994192662,704317000,582342000.0,1007769000.0,1590111000.0,-15874000.0,1590111000.0,8344344000.0,12366000.0,4908000.0,232069000.0,1528978000.0,0.1585927713,1296562000.0,0.1344854934,-4561000.0,1292001000.0,0.1340124051,308827000.0,932453000.0,0.0967183997,1.51,1.48,617515125,658384196,https://www.sec.gov/Archives/edgar/data/1467373/000146737317000430/0001467373-17-000430-index.htm,https://www.sec.gov/Archives/edgar/data/1467373/000146737317000430/acn831201710k.htm,15.61242082936835,1.5100083580948729,3.144671152791602,2.835130556518757,6.687886389827294,15.724635084849137,6.473470589080713,14.492725178188955,0.0485461793344737,80746277745.0,76644487745.0,21.64888679241741,8.37538274359277,41.58145435459003,46.1213328251661,9.022457708422516,9.022457708422516,7.9499258415132354,50.12792057505079,39.46917873743101,43.77843817971413,0.0115479378869292,0.0216819406280113,0.0028012810134044,0.0011048973794055,-2.682700470510367,1.2313665969787706,264.17318663406684,1.9751152898673072,0.0008525965768652,0.0738310670886361,0.0604032442594088,0.0730550634971443,0.2517744246446324,0.098433375457417,0.0198265598689583,0.8236602045081419,0.0190125284905796,22.189931576941373,0.0766712051975663,0.0549239813782709,-5.968884162958761,2273010000.0,3997466000.0,-882401000.0,9126342000.0,6813491000.0,1408101500.0,0.0,64.27540419956382,20.321456189029902,0.0,1.4002245667808768,4.428816476674765,0.0,0.1041907812043094,0.3095405962728443,2017-09-28,1.47,bmo,9575858108.0,2025-04-25,2017-08-31,0.0068027210884353,144.92460317460316,1846464.396825397
2017-05-31,ACN,USD,1467373,2017-06-22,2017-06-22 16:22:07,2017,Q3,9356787000.0,6447156000.0,2909631000.0,0.3109647575,0,1057968000.0,986228000.0,2044196000.0,-4213000.0,2044196000.0,8491352000.0,8549000.0,3613000.0,194480000.0,1569708000.0,0.1677614335,865435000.0,0.0924927542,8965000.0,874400000.0,0.0934508822,169599000.0,669468000.0,0.0715489195,1.08,1.05,619436804,658770425,https://www.sec.gov/Archives/edgar/data/1467373/000146737317000277/0001467373-17-000277-index.htm,https://www.sec.gov/Archives/edgar/data/1467373/000146737317000277/acn-20170531x10q.htm,15.10531330973353,1.080768846276044,2.8938739003309206,2.674624738635969,5.464394395267479,14.330210834550282,5.848719315037664,13.185131957383662,0.0505087844279914,77101298993.88,73746764993.88,28.792003125571348,8.240146857450107,43.01154932347488,46.53736959880152,9.440178558872663,9.440178558872663,7.881633406198089,46.98119968419604,41.14019687570709,44.51261527394718,0.0086829665483734,0.0214881074848234,0.0033883670553848,0.0013093553282065,-2.137043322707153,1.224091890991417,239.5336285635206,2.543373235849552,0.0101483504196486,1.1687653480076718,0.1130695825393909,0.0,0.2485734963089749,0.0757632050483885,0.0145147046737304,0.6983288770053476,0.0224023481564772,17.906054749875143,0.0582078345975968,0.0421530396596264,-6.163326469054945,2051410000.0,3622912000.0,-1053197000.0,8346164000.0,6652809000.0,1251969000.0,0.0,64.84653866760031,18.023826319698173,0.0,1.3878921195984708,4.993390326982863,0.0,0.0819687546373636,0.2192491616949515,2017-06-22,1.5,bmo,9357000000.0,2025-04-25,2017-05-31,0.0133333333333333,130.29269841269843,1890838.9047619049
2017-02-28,ACN,USD,1467373,2017-03-23,2017-03-23 16:20:20,2017,Q2,8762182000.0,6258026000.0,2504156000.0,0.2857913702,0,494014000.0,871489000.0,1365503000.0,-12546000.0,1365503000.0,7623529000.0,8728000.0,3976000.0,187807000.0,1326460000.0,0.1513846665,1138653000.0,0.1299508501,-20143000.0,1118510000.0,0.1276519935,231302000.0,838752000.0,0.0957241016,1.35,1.33,621999948,661079375,https://www.sec.gov/Archives/edgar/data/1467373/000146737317000154/0001467373-17-000154-index.htm,https://www.sec.gov/Archives/edgar/data/1467373/000146737317000154/acn-20170228x10q.htm,14.0871105024594,1.3484759969787008,0.2487186703108856,0.0808585276601984,5.211196577141836,13.850723022890028,6.138391188418556,12.804253482027622,0.0505884286665567,76194993630.0,72983621630.0,22.710823232016136,8.695892601865609,492.5243442596459,1514.9917212788805,9.567133310188222,9.567133310188222,8.329388915911585,55.02135128839166,471.7660396372404,1451.139730981827,0.0110079673222751,0.0006600696135526,0.0034516768381685,0.0013691075644911,-2.421009302956742,1.2886740726702377,286.38153923541245,0.1743706098231756,0.0,0.0,0.0563802486640884,0.0,0.2389125072533067,0.6748996464192679,0.0119158675316262,0.5559377445995091,0.0288201043986532,19.71015324126799,0.0770048465808617,0.0548860293908342,-5.3044059900789575,2411229000.0,3818079000.0,-699622000.0,8176732000.0,6516450500.0,1188074000.0,0.0,67.42046330468827,17.44192178172478,0.0,1.334906281988448,5.159981860158311,0.0,0.1053146908464016,0.1678601426506871,2017-03-23,1.3,bmo,8564360902.0,2025-04-25,2017-02-28,0.023076923076923,121.824126984127,2210574.26984127
2016-11-30,ACN,USD,1467373,2016-12-21,2016-12-21 16:17:46,2017,Q1,9005603000.0,6275571000.0,2730032000.0,0.3031481623,0,509246000.0,888827000.0,1398073000.0,-6087000.0,1398073000.0,7673644000.0,8297000.0,3048000.0,187433000.0,1521602000.0,0.1689617008,1331959000.0,0.1479033664,-838000.0,1331121000.0,0.1478103132,271372000.0,1004476000.0,0.1115390052,1.62,1.58,621569764,663752830,https://www.sec.gov/Archives/edgar/data/1467373/000146737316001180/0001467373-16-001180-index.htm,https://www.sec.gov/Archives/edgar/data/1467373/000146737316001180/acn-20161130x10q.htm,14.488483065916958,1.6160309882769652,1.743781732600494,1.6077503409577043,6.563332446782273,12.925582075128094,5.589234227937767,11.932840735798726,0.0488810778125301,74234076914.52,70184353914.52,18.47582145181169,8.243098981214251,68.48907622279916,74.28392142579672,10.00851370132746,10.00851370132746,7.793409715542647,46.12530340688301,64.75276267575254,70.2314792370881,0.0135311980932509,0.0134618633589358,0.0036854061287892,0.001337084049343,-2.661486380801287,1.2397278453998557,436.9944225721785,1.0227723734582437,0.0105763691371021,0.7816284311422075,0.0565476848135544,0.0,0.2230536964834371,0.0780094143089377,0.0093889326455985,0.4511105301627782,0.0166336446321251,20.82994021024904,0.0940382701931296,0.0632394653408285,-5.59593661315868,2198324000.0,3474099000.0,-1041184000.0,7687276000.0,6345703500.0,1222084500.0,0.0,64.6498318879924,16.68395114962447,0.0,1.3921149888823758,5.394405629270003,0.0,0.1354271815116784,0.1360313916427891,2016-12-21,1.49,bmo,8492999999.0,2025-04-25,2016-11-30,0.0604026845637584,119.39483870967742,2527708.7741935486
2016-08-31,ACN,USD,1467373,2016-10-28,2016-10-28 17:05:52,2016,Q4,8965580000.0,6310040000.0,2655540000.0,0.2961927728,643407000,519798000.0,940544000.0,1460342000.0,-36531000.0,1460342000.0,7770382000.0,8952000.0,3952000.0,193415000.0,1388613000.0,0.1548826735,1195198000.0,0.133309613,263715000.0,1458913000.0,0.1627237725,328132000.0,1069226000.0,0.1192589883,1.72,1.68,622555642,665365231,https://www.sec.gov/Archives/edgar/data/1467373/000146737316001080/0001467373-16-001080-index.htm,https://www.sec.gov/Archives/edgar/data/1467373/000146737316001080/acn831201610k.htm,14.401250900558058,1.717478612136648,3.301614926172334,3.0445037714395977,7.884410113497935,13.15444828945908,6.537227719799542,12.135882305601209,0.0500870892436631,71593898830.0,66715519830.0,16.73965532777916,7.98541743311643,34.83143933242485,37.77298654671139,9.476031252126004,9.476031252126004,7.441294353516448,48.04471788035976,32.45803929476866,35.19915068432441,0.0149345966272752,0.0264739458386051,0.0036041106185331,0.0013212671509986,-3.513130728287867,1.3488370888184198,302.4286437246964,1.817716250980517,0.0009212935889498,0.0616885485388496,0.0579770633913254,0.0717641245742049,0.199892629454582,0.0778743616327217,0.0178533904108825,0.8275780058423597,0.0193553568201945,21.655718915190683,0.0789560360585301,0.0648431697035237,-4.568820131261456,3097298000.0,4069788000.0,-443406000.0,8173428000.0,6331438500.0,1207125500.0,0.0,62.46287579833096,18.26832951930574,0.0,1.4408558499704054,4.92655882437905,0.0,0.1415207043779554,0.2571111547327363,2016-09-29,1.3,bmo,8897557251.0,2025-04-25,2016-08-31,0.0076923076923076,118.69428571428573,2450566.761904762
2016-05-31,ACN,USD,1467373,2016-06-23,2016-06-23 16:18:49,2016,Q3,8969044000.0,6279492000.0,2689552000.0,0.2998705325,0,449839000.0,933770000.0,1383609000.0,-16207000.0,1383609000.0,7663101000.0,7679000.0,3711000.0,181010000.0,1486953000.0,0.1657872344,1305943000.0,0.1456055963,-12239000.0,1293704000.0,0.1442410139,343421000.0,897247000.0,0.1000381981,1.44,1.41,623725913,666403323,https://www.sec.gov/Archives/edgar/data/1467373/000146737316000915/0001467373-16-000915-index.htm,https://www.sec.gov/Archives/edgar/data/1467373/000146737316000915/acn-20160531x10q.htm,14.379784153684826,1.4385276950967405,2.550839987307053,2.400685892298337,5.612636780091578,12.355680338713135,5.872783098559511,11.427014416827667,0.0522408951125299,74204671869.61,70735666869.61,20.675653379061178,8.273420430272168,46.639538580229726,49.55667060887423,10.411293419285636,10.411293419285636,7.886645095019046,47.57088278486946,44.4591800063544,47.239938605428186,0.012091516307445,0.0201789181499397,0.0040510289624789,0.0015045036365134,-2.3329621043839315,1.418431852538122,351.91134465103744,1.6742644033408995,0.0096686904196638,0.7996259669856796,0.0501546207154296,0.0,0.2106998643690466,0.0588645684385851,0.0104420270432389,0.5174023534611347,0.0253013587624277,19.231659470641564,0.0869537985855292,0.0592340146516625,-5.055719883166053,3414878000.0,3663007000.0,91522000.0,8342038000.0,6223516000.0,1118386500.0,0.0,64.62706839212741,16.244737631642817,0.0,1.3926053314676332,5.540255684074006,0.0,0.1258883241608878,0.1501540950087158,2016-06-23,1.41,bmo,8969000000.0,2025-04-25,2016-05-31,0.0,113.87890625,2262727.4375
2016-02-29,ACN,USD,1467373,2016-03-24,2016-03-24 16:18:21,2016,Q2,8397053000.0,6027237000.0,2369816000.0,0.2822199646,0,451440000.0,830332000.0,1281772000.0,-21213000.0,1281772000.0,7309009000.0,6727000.0,4543000.0,172745000.0,1260789000.0,0.150146605,1088044000.0,0.1295745067,534548000.0,1622592000.0,0.193233507,222734000.0,1326520000.0,0.1579744703,2.12,2.08,626523793,668125087,https://www.sec.gov/Archives/edgar/data/1467373/000146737316000774/0001467373-16-000774-index.htm,https://www.sec.gov/Archives/edgar/data/1467373/000146737316000774/acn-20160229x10q.htm,13.402608318819269,2.1172699501932564,0.5065186726276492,0.2701860677779559,4.848146285802748,11.768932133755374,5.331452751388166,10.872150548957684,0.0529796320121556,62815275486.18,59809266486.18,11.838358163876157,7.4806334420159075,197.9393957578794,371.07760894020487,9.221726607677628,9.221726607677628,7.122649635077925,47.43796661152659,188.4670564184833,353.3197845330167,0.0211177932395098,0.0026948540572307,0.0042060225839189,0.0015787056685396,-2.3842284474245887,1.410081552278112,239.4990094651112,0.2266987080118126,0.0,0.0,0.0537617185457802,0.0,0.2222439573594078,0.4665822162560738,0.0176333292168097,0.8571478190396249,0.0272157386645052,22.75815781547174,0.0887531839805332,0.0939824906847858,-5.158411438015412,3105621000.0,3340282000.0,-95462000.0,7995258000.0,6016099500.0,1099082000.0,0.0,64.37852184569991,16.47535512540821,0.0,1.3979817712452098,5.4627047074209925,0.0,0.1947425158122226,0.2363326048496932,2016-03-24,1.18,bmo,7394373134.0,2025-04-25,2016-02-29,0.1355932203389832,115.9690625,2160501.421875
2015-11-30,ACN,USD,1467373,2015-12-17,2015-12-17 16:15:04,2016,Q1,8465984000.0,5903465000.0,2562519000.0,0.3026841298,0,465466000.0,875793000.0,1341259000.0,4029000.0,1341259000.0,7244724000.0,7126000.0,4052000.0,181882000.0,1403142000.0,0.1657387966,1221260000.0,0.1442549384,7103000.0,1228363000.0,0.145093943,359682000.0,818899000.0,0.0967281535,1.31,1.28,626463124,671300744,https://www.sec.gov/Archives/edgar/data/1467373/000146737315000591/0001467373-15-000591-index.htm,https://www.sec.gov/Archives/edgar/data/1467373/000146737315000591/acn-20151130x10q.htm,13.51393829208054,1.3071782976965776,0.9758036452278076,0.8245146126111008,4.909979346206497,10.224723139490012,3.7685570140597777,9.418630999899046,0.050612715713495,67169376155.28,64123838155.28,20.50600139799902,7.934030604744823,109.87866311461546,130.0401452685624,11.383820005386053,11.383820005386053,7.574292386482186,45.70017728446586,104.89663613953756,124.14397313462192,0.0121915528604418,0.0076899329659681,0.0046869505162763,0.0015369118658432,-2.170513034318694,1.2538419465185653,301.3968410661401,0.7037163239440024,0.0107292346788209,0.8800548052934489,0.0549807323047149,0.0,0.224773707719988,0.1550404462584143,0.0111950365131802,0.5210905972003826,0.0152590649828773,16.64380292584317,0.0906886889312046,0.0587052778539463,-6.374370808137145,2150650000.0,2360862000.0,-965415000.0,6999212000.0,5875534500.0,1123142500.0,0.0,64.05729682456285,16.690856979756806,0.0,1.4049921626647437,5.3921736978008274,0.0,0.1387864433494197,0.1512890326167067,2015-12-17,1.32,bmo,8730562500.0,2025-04-25,2015-11-30,0.0227272727272727,102.7095081967213,3388547.5081967213
2015-08-31,ACN,USD,1467373,2015-10-30,2015-10-30 13:09:18,2015,Q4,8364511000.0,5860106000.0,2504405000.0,0.2994084173,625541000,486683000.0,924114000.0,1410797000.0,-16426000.0,1410797000.0,7270903000.0,8111000.0,3832000.0,173763000.0,1267371000.0,0.151517644,1093608000.0,0.1307438056,-12147000.0,1081461000.0,0.1292915988,293336000.0,737628000.0,0.0881854301,1.18,1.15,624715181,675749438,https://www.sec.gov/Archives/edgar/data/1467373/000146737315000457/0001467373-15-000457-index.htm,https://www.sec.gov/Archives/edgar/data/1467373/000146737315000457/acn831201510k.htm,13.389319252032072,1.1807428768086876,2.4084351489451,2.171467960532881,6.984325229644131,10.640962797412794,5.206902439593508,9.818434362650777,0.0500500083093066,58891900112.87,54558569112.87,19.95989174518524,7.040686552133173,39.1415978301473,43.41302828933566,9.601327107568403,9.601327107568403,6.522625065932724,43.04861726587558,36.26151586740139,40.218649759699055,0.0125251180312791,0.023034559886845,0.004472812198134,0.0015071983761482,-3.419149562361771,1.2601656387947435,285.3883089770355,1.9090702616970656,0.0013021145497603,0.1039602618121871,0.0581842740119536,0.0747851249164475,0.1864970517749424,0.0983905207146683,0.0176982252758111,0.8519477679367875,0.0177700764575478,16.150651528345687,0.0820485040851712,0.0498131167355386,-4.638584251084495,2209068000.0,3252831000.0,-855002000.0,6405692000.0,5636779500.0,1096054500.0,0.0,61.60409855399796,17.684280796285936,0.0,1.460941757326619,5.089265491582889,0.0,0.1202577552792145,0.2369671884122182,2015-09-24,1.12,bmo,8146782608.0,2025-04-25,2015-08-31,0.0267857142857141,105.53046875,2458956.28125
2015-05-31,ACN,USD,1467373,2015-06-25,2015-06-25 16:06:38,2015,Q3,8275066000.0,5750161000.0,2524905000.0,0.3051220377,0,516673000.0,874713000.0,1391386000.0,-3839000.0,1391386000.0,7141547000.0,6441000.0,4030000.0,153405000.0,1351306000.0,0.1632985163,1133519000.0,0.1369800555,-1428000.0,1132091000.0,0.1368074889,281861000.0,793697000.0,0.0959142803,1.27,1.24,625969418,677825768,https://www.sec.gov/Archives/edgar/data/1467373/000146737315000294/0001467373-15-000294-index.htm,https://www.sec.gov/Archives/edgar/data/1467373/000146737315000294/acn-20150531x10q.htm,13.219601089202092,1.2679485246034814,2.257880272355414,2.076475244035005,6.4357329354387085,10.329947141283506,5.395325878364237,9.443295199446949,0.0499193716201643,60211998317.42,56213027317.42,18.96567528837201,7.2763163843551215,42.60190461722529,46.32369216840923,10.1860630180907,10.1860630180907,6.793060903371647,41.599036278548304,39.77250539664234,43.24711097577338,0.0131817083335427,0.0215872257410854,0.0046044687267285,0.0015725015479185,-2.9593378553784264,1.4032582099228212,281.27022332506203,1.6623313691589334,0.0112059891525771,0.8501166062111863,0.0624373267838588,0.0,0.178460380130786,0.0803430680277692,0.0137224283165838,0.7402235911476158,0.0236343734297708,16.413600301259706,0.0903690679254695,0.0558163069043492,-4.237943058745404,3181079000.0,3377309000.0,227025000.0,7022363000.0,5487156500.0,1012592000.0,0.0,60.34177250066646,16.287900460526235,0.0,1.4915040820023304,5.525574043021395,0.0,0.1342697117715582,0.181405028320409,2015-06-25,1.23,bmo,7829423076.0,2025-04-25,2015-05-31,0.0569105691056911,99.2071875,2587109.625
2015-02-28,ACN,USD,1467373,2015-03-26,2015-03-26 16:16:10,2015,Q2,7931590000.0,5690951000.0,2240639000.0,0.2824955652,0,420962000.0,798644000.0,1219606000.0,-21508000.0,1219606000.0,6910557000.0,9340000.0,3905000.0,152236000.0,1173269000.0,0.1479235563,1021033000.0,0.1287299268,-16073000.0,1004960000.0,0.1267034731,261768000.0,690726000.0,0.0870854394,1.1,1.08,628254759,679165137,https://www.sec.gov/Archives/edgar/data/1467373/000146737315000156/0001467373-15-000156-index.htm,https://www.sec.gov/Archives/edgar/data/1467373/000146737315000156/acn-20150228x10q.htm,12.624798915371208,1.0994361604191207,0.479561826924418,0.3497291454659717,6.468743677276307,10.4251386975964,5.938215264677367,9.535703334003712,0.0495483711887011,56561775952.77,52527599952.77,20.471857130312888,7.131202691108593,187.7338748527816,257.4277870951989,9.441359157951016,9.441359157951016,6.622581342803902,44.77029560379589,174.3440638088268,239.06717194584903,0.0122118867090872,0.0038845845325555,0.0045442625763852,0.0016022067419922,-3.438406708095074,1.4688855837200656,261.46811779769524,0.4053959138419143,0.0,0.0,0.053074099896742,0.0,0.1659017871514483,0.2707318935101747,0.0102839405465991,0.5357996794450721,0.0261233876183716,15.358635481700162,0.0795005952584245,0.0487366004089289,-3.67409791479192,3513822000.0,3730712000.0,565886000.0,7058670000.0,5540453000.0,965904500.0,0.0,61.57101161305615,15.570070801874763,0.0,1.4617268360897857,5.780320535804067,0.0,0.1152968084167007,0.1298326814584463,2015-03-26,1.07,bmo,7858555555.0,2025-04-25,2015-02-28,0.0093457943925233,95.57809523809524,2189063.619047619
2014-11-30,ACN,USD,1467373,2014-12-18,2014-12-18 16:03:44,2015,Q1,8343257000.0,5803967000.0,2539290000.0,0.304352365,0,444007000.0,907574000.0,1351581000.0,-2979000.0,1351581000.0,7155548000.0,10099000.0,2811000.0,166519000.0,1354228000.0,0.1623140699,1187709000.0,0.1423555573,4309000.0,1192018000.0,0.1428720223,299776000.0,831530000.0,0.099664915,1.32,1.29,628439218,682333149,https://www.sec.gov/Archives/edgar/data/1467373/000146737314000566/0001467373-14-000566-index.htm,https://www.sec.gov/Archives/edgar/data/1467373/000146737314000566/acn-20141130x10q.htm,13.27615584933148,1.3231669446829462,1.3889967000754555,1.3064779798640764,7.120507237344312,9.5735018243244,5.136558807187619,8.722404399656675,0.0471024072848362,54045772748.0,49600215748.0,16.248894431950742,6.477778731735101,61.91519389162562,65.82583198910653,9.859666676700414,9.859666676700414,5.944946409777381,36.626192744500926,56.82233445755528,60.41130142915953,0.0153856621474761,0.0151916044170241,0.0048873474619451,0.0015195660722813,-3.28272417938486,1.4225969882528862,422.521878335112,0.9783220247421665,0.0125585400205998,0.8162495640566185,0.0532174665121786,0.0,0.1581590346427598,0.0594088669950738,0.0062155582645961,0.3114239215945327,0.0154513998549966,16.114494610291484,0.0936533162193871,0.0560266611255164,-4.611133291811842,3438842000.0,3228015000.0,-37424000.0,6967687000.0,5659031000.0,1005749000.0,0.0,60.99842303790954,14.688970492078951,0.0,1.475447979107041,6.127046143127092,0.0,0.1516975003744412,0.0825187202113792,2014-12-18,1.2,bmo,7760930232.0,2025-04-25,2014-11-30,0.075,89.2727868852459,2701827.655737705
2014-08-31,ACN,USD,1467373,2014-10-24,2014-10-24 16:14:10,2014,Q4,8267319000.0,5798699000.0,2468620000.0,0.2985998242,639513000,471137000.0,918118000.0,1389255000.0,5877000.0,1389255000.0,7187954000.0,8141000.0,5325000.0,164079000.0,1243444000.0,0.1504047443,1079365000.0,0.1305580443,8693000.0,1088058000.0,0.1316095339,327890000.0,701016000.0,0.0847936314,1.11,1.08,631249362,688345020,https://www.sec.gov/Archives/edgar/data/1467373/000146737314000467/0001467373-14-000467-index.htm,https://www.sec.gov/Archives/edgar/data/1467373/000146737314000467/acn831201410k.htm,13.09675620709776,1.110521518436006,2.6126157098595213,2.4518915870207247,7.800256596536568,9.956979568400737,5.531194501231036,9.080460662707171,0.0507850018230988,51169073283.72,46274501283.72,18.24818309557842,6.189318844926633,31.02637701139696,33.06018929592862,8.926859882000022,8.926859882000022,5.597280240876153,37.2147851320365,28.05855237757184,29.89782057478089,0.0136999940591661,0.0302478606837,0.0046637886893572,0.001490927278353,-3.936302720508523,1.459221221074226,202.69765258215963,2.1695362077856477,0.0014857802793975,0.1084511623129857,0.0569878820449531,0.0773543394176516,0.1558116884058472,0.0615184706393113,0.0122720557897911,0.6183423838516812,0.018302426699635,15.062903328146264,0.0771633667046248,0.0463124075176865,-3.91874851510741,3746363000.0,3491563000.0,259327000.0,7333581000.0,5616697500.0,1010930500.0,0.0,61.65240025212527,16.51758782444131,0.0,1.4597971795412383,5.448737488583274,0.0,0.1222979273504087,0.1607241228387966,2014-09-24,1.1,bmo,8420092592.0,2025-04-25,2014-08-31,-0.0181818181818181,83.02578125,2837338.515625
2014-05-31,ACN,USD,1467373,2014-06-26,2014-06-26 16:09:16,2014,Q3,8240180000.0,5703823000.0,2536357000.0,0.3078035917,0,458341000.0,899250000.0,1357591000.0,-6051000.0,1357591000.0,7061414000.0,7513000.0,4290000.0,162197000.0,1340963000.0,0.1627346733,1178766000.0,0.1430510013,-2828000.0,1175938000.0,0.1427078049,294125000.0,817336000.0,0.0991890954,1.29,1.26,633128417,691038145,https://www.sec.gov/Archives/edgar/data/1467373/000146737314000303/0001467373-14-000303-index.htm,https://www.sec.gov/Archives/edgar/data/1467373/000146737314000303/acn-20140531x10q.htm,13.015021563942849,1.290948215328645,2.153212465900105,2.0185051968690897,6.399248385023919,9.706242580484268,5.986916553139014,8.850702084345079,0.0489047706099093,51568309564.65,47546123564.65,15.773289554311203,6.258153288477922,37.82720065479072,40.35164245617865,9.202659769112206,9.202659769112206,5.770034582333153,35.4567005686585,34.87678327292666,37.20432557233213,0.0158495790709471,0.0247821386969808,0.0047599493970962,0.001568780001675,-2.9994757498901907,1.4619810119734753,274.77062937062936,1.545974033043287,0.0121136799959837,0.7642903285796784,0.055622692708169,0.0,0.1384988716876409,0.0625610668544518,0.0103501379824227,0.5258235355771068,0.0226090934906761,16.033728710262405,0.0941721959283597,0.0558000973949745,-4.150807607803205,3518525000.0,3790487000.0,277607000.0,6659935000.0,5444372500.0,946974000.0,0.0,60.83671594552546,15.11038648990335,0.0,1.4793697950525138,5.956167968313539,0.0,0.1458582836735681,0.1347072690310155,2014-06-26,1.21,bmo,7913015873.0,2025-04-25,2014-05-31,0.0413223140495868,80.1834375,2526676.96875
2014-02-28,ACN,USD,1467373,2014-03-27,2014-03-27 07:07:06,2014,Q2,7567483000.0,5337341000.0,2230142000.0,0.294700629,0,441605000.0,837255000.0,1278860000.0,-4766000.0,1278860000.0,6616201000.0,7960000.0,4348000.0,149140000.0,1100422000.0,0.1454145322,951282000.0,0.1257065262,-1154000.0,950128000.0,0.1255540316,227797000.0,671300000.0,0.0887084913,1.06,1.03,635929351,693846206,https://www.sec.gov/Archives/edgar/data/1467373/000146737314000163/0001467373-14-000163-index.htm,https://www.sec.gov/Archives/edgar/data/1467373/000146737314000163/acn-20140228x10q.htm,11.899880054443344,1.0556204064875754,0.4597680537000406,0.3399953149827173,5.791492394883972,9.099575276562444,5.4637232807957,8.290724420423865,0.0484912356246944,53004711405.85,49350926405.85,19.739576718996723,7.004272279944336,181.2870627465969,245.15043686480465,10.053403752592551,10.053403752592551,6.521445295067065,44.84727350584594,168.79036324594705,228.25142986707556,0.0126649118954718,0.0040791279542017,0.0050241687000871,0.0016194082988118,-3.320348920686791,1.4590227318690987,218.78610855565776,0.4047728811306728,0.0,0.0,0.0583555985523852,0.0,0.141353271209043,0.2605068746152267,0.0100650374767938,0.5107080595413706,0.0273248053546998,14.032704741502863,0.0797449430434526,0.0477961510178949,-4.557941845964584,3345522000.0,3474542000.0,63358000.0,6441628000.0,5275632000.0,959524000.0,0.0,63.25505587524941,15.788451590408034,0.0,1.422811169078667,5.700368999749016,0.0,0.1273254727761903,0.1197727387173233,2014-03-27,1.04,bmo,7640466019.0,2025-04-25,2014-02-28,-0.0096153846153846,80.28333333333335,2774554.285714286
2013-11-30,ACN,USD,1467373,2013-12-19,2013-12-19 16:22:52,2014,Q1,7799696000.0,5350349000.0,2449347000.0,0.3140310853,0,448053000.0,928210000.0,1376263000.0,-10620000.0,1376263000.0,6726612000.0,6756000.0,3658000.0,145327000.0,1218411000.0,0.1562126267,1091099000.0,0.1398899393,-7522000.0,1083577000.0,0.1389255427,271931000.0,751846000.0,0.0963942697,1.18,1.15,636695545,697974850,https://www.sec.gov/Archives/edgar/data/1467373/000146737313000578/0001467373-13-000578-index.htm,https://www.sec.gov/Archives/edgar/data/1467373/000146737313000578/acn-20131130x10q.htm,12.25027575777996,1.1808563856057763,0.2846462511371899,0.1920446922555426,7.11453383893239,8.506830372120792,5.473795171599638,7.739697628950741,0.0464916084814132,49324803871.15,44823548871.15,16.401232390393112,6.323939275473045,272.16237589815324,403.3956840468947,10.009434956505205,10.009434956505205,5.74683280875947,36.7885293806031,247.32553602903445,366.58282931081015,0.0152427570105302,0.0024789556248295,0.0052645880104248,0.001570785746471,-3.69436503774178,1.442308043577366,298.27747402952434,0.2232906956973853,0.0127772226250781,0.8382487903107817,0.0574449311870616,0.0,0.1169246336478134,0.3253215474003079,0.0075591407665119,0.4056988721985591,0.0162706341375356,14.34008736987325,0.094078733476658,0.0515499062106911,-4.154968604342913,3462716000.0,3485141000.0,191782000.0,6173083000.0,5039577000.0,972292000.0,0.0,60.37827628153712,16.53087863987938,0.0,1.4906023414835512,5.444356707264333,0.0,0.152571384854716,0.0926015588816472,2013-12-19,1.09,bmo,7523893805.0,2025-04-25,2013-11-30,0.0366972477064218,82.13180327868852,3072191.8360655736
2013-08-31,ACN,USD,1467373,2013-10-29,2013-10-29 16:51:03,2013,Q4,7524994000.0,5175394000.0,2349600000.0,0.3122394516,715094000,472612000.0,893001000.0,1365613000.0,-23358000.0,1365613000.0,6541007000.0,7016000.0,2257000.0,153707000.0,1120868000.0,0.1489526769,983503000.0,0.1306981773,-18599000.0,964904000.0,0.1282265474,237577000.0,671000000.0,0.0891695063,1.04,1.01,642359475,706256084,https://www.sec.gov/Archives/edgar/data/1467373/000146737313000482/0001467373-13-000482-index.htm,https://www.sec.gov/Archives/edgar/data/1467373/000146737313000482/acn831201310k.htm,11.714615091495304,1.0445864443736896,1.98566386835035,1.8265177765144665,8.771428178902475,8.449830992218182,5.11130002402471,7.721822737961482,0.0433666834290877,46410472068.75,40804187068.75,17.291532067343518,6.167509511469378,36.38581592363055,39.55614389796647,9.356599141393083,9.356599141393083,5.422487654973546,36.40409670786391,31.990487780378047,34.777846968245456,0.0144579438667638,0.0252805228583317,0.0051610967814513,0.0015177521568829,-5.001735262314563,1.4513163231421675,435.7567567567568,1.7536953804822315,0.0016983451468289,0.1174679582712369,0.0628056314729287,0.0950291787608069,0.1271435803619234,0.0801475488236078,0.0135852600015362,0.6650900739719076,0.0189449984943509,13.471729864922676,0.0851529476509211,0.0455764614082162,-3.377983176787421,3683188000.0,3283292000.0,404958000.0,6607400000.0,4848429500.0,942254500.0,0.0,57.96571532150059,16.726569996409935,0.0,1.552641928091885,5.380660830003816,0.0,0.1352771851700722,0.1591460918358836,2013-09-26,1.01,amc,7525000000.0,2025-04-25,2013-08-31,0.0,75.614375,3214579.59375
2013-05-31,ACN,USD,1467373,2013-06-28,2013-06-28 06:51:07,2013,Q3,7707935000.0,5269916000.0,2438019000.0,0.316299891,0,458631000.0,886641000.0,1345272000.0,951000.0,1345272000.0,6615188000.0,7251000.0,3588000.0,142131000.0,1292304000.0,0.1676589125,1141971000.0,0.1481552452,4614000.0,1146585000.0,0.1487538491,272522000.0,810258000.0,0.1051199835,1.25,1.21,650625931,714984161,https://www.sec.gov/Archives/edgar/data/1467373/000146737313000331/0001467373-13-000331-index.htm,https://www.sec.gov/Archives/edgar/data/1467373/000146737313000331/acn-20130531x10q.htm,11.84695326875928,1.2453515321079325,2.308867397417026,2.169653763769216,9.13054754960266,8.9299545609411,6.666050019454266,8.184221910454411,0.0055146895151954,53422895194.41,47484810194.41,16.483297663957035,6.930895913679863,35.56289117853108,37.84474802899195,10.03271916357911,10.03271916357911,6.160509941302047,36.74430334844588,31.609989152248453,33.63821205257315,0.0151668680076474,0.0264237457528829,0.0,0.0,-4.594959854647204,1.5829533948870746,318.27508361204013,1.7186507151086363,0.0105124029305466,0.693116266670616,0.059501150437828,0.0,0.0891416468336077,0.0602952052610522,0.011751007241239,0.637271249762543,0.0226666415842894,15.14348867151006,0.0978896153470789,0.0538348684784459,-1.745109126306864,4448297000.0,4337105000.0,1365221000.0,6720167000.0,4913093500.0,902853000.0,0.0,56.63328115766414,15.75721890064282,0.0,1.5891715641451998,5.7116678119086375,0.0,0.1521649273117995,0.139213633647811,2013-06-27,1.13,amc,7640385964.0,2025-04-25,2013-05-31,0.0088495575221239,74.0275,3362916.296875
2013-02-28,ACN,USD,1467373,2013-03-28,2013-03-28 09:09:54,2013,Q2,7493320000.0,5262957000.0,2230363000.0,0.2976468374,0,455551000.0,834047000.0,1289598000.0,10599000.0,1289598000.0,6552555000.0,9859000.0,3641000.0,157266000.0,1342256000.0,0.1791270091,1164532000.0,0.1554093513,16817000.0,1181349000.0,0.1576536168,-5749000.0,1101802000.0,0.1470378951,1.7,1.65,649520337,715464436,https://www.sec.gov/Archives/edgar/data/1467373/000146737313000192/0001467373-13-000192-index.htm,https://www.sec.gov/Archives/edgar/data/1467373/000146737313000192/acn-20130228x10q.htm,11.53669804183514,1.696331796305248,0.976449795135514,0.8375149614445406,8.677926892995808,9.145011574903158,6.929164097905683,8.394423837725038,0.0056503234632359,48298332259.32,42662275259.32,10.958940957476932,6.445518443002568,76.15342885056384,88.78647358340243,8.858261321738576,8.858261321738576,5.6933742665894425,31.784007863865018,67.26688876378061,78.42575091376017,0.0228124232961975,0.0112629768887108,5.318808462187582e-06,1.7727537528891302e-06,-4.19894342062915,1.631524189753436,319.8385059049712,0.5342642309228051,0.0,0.0,0.0607942807727415,0.0,0.0879798126138153,0.1422856908600116,0.0120428595068674,0.5738112497297573,0.0246131220874058,17.899549757491204,0.1301194438381012,0.0738498334929902,-1.61725882957226,4651475000.0,4500633000.0,1598090000.0,6901609000.0,4238704000.0,886640500.0,0.0,59.76405385062963,15.10069719361188,0.0,1.505921941388717,5.959989717433254,0.0,0.2020784069398345,0.1389348336909734,2013-03-28,0.97,bmo,7268210000.0,2025-04-25,2013-02-28,0.0309278350515464,79.444375,3179015.21875
2012-11-30,ACN,USD,1467373,2012-12-20,2012-12-20 07:05:08,2013,Q1,7668036000.0,5301843000.0,2366193000.0,0.3085787547,0,448852000.0,868202000.0,1317054000.0,0.0,1317054000.0,6618897000.0,8767000.0,4549000.0,139924000.0,1190929000.0,0.1553108254,1048674000.0,0.1367591388,-2683000.0,1046456000.0,0.1364698862,280425000.0,698817000.0,0.0911337662,1.09,1.06,639659238,716368102,https://www.sec.gov/Archives/edgar/data/1467373/000146737312000263/0001467373-12-000263-index.htm,https://www.sec.gov/Archives/edgar/data/1467373/000146737312000263/acn-20121130x10q.htm,11.987688982614207,1.0924832449617494,-0.1701140131114623,-0.3054157407478886,8.881668023373408,7.807238140755188,5.63947456035959,7.045365301204327,0.007161625640432,43445655444.96,37766795444.96,15.542572463520491,5.665812659846667,-399.2616408120204,-222.3853945238071,9.640380178496896,9.640380178496896,4.925224065844239,31.71204617988142,-347.07343146588244,-193.3169984181161,0.0160848534299433,-0.004496698185334,7.10064476073379e-06,1.950265784658965e-06,-4.768428680467098,1.5059527846245857,230.5284677951198,-0.1420503869947822,0.0128927736102317,0.8015474723711644,0.0585354581016573,0.0,0.0845092826556769,-0.7953590957129072,0.0112867232235216,0.6185286298276207,0.0148890798113102,13.15983395752066,0.0910549535457349,0.0465214603974732,-4.85676953515678,4036167000.0,3607342000.0,599478000.0,6222240000.0,3991108500.0,897040000.0,0.0,41.097295317862354,15.111909198367435,0.0,2.1899251350704527,5.955567812022246,0.0,0.1550641021800532,0.1353017276364263,2012-12-19,1.04,amc,7523320754.0,2025-04-25,2012-11-30,0.0192307692307692,73.4125,2621351.55
2012-08-31,ACN,USD,1467373,2012-10-30,2012-10-30 08:19:09,2012,Q4,7288259000.0,5039369000.0,2248890000.0,0.3085634031,0,468920000.0,839187000.0,1308107000.0,0.0,1308107000.0,6347476000.0,11488000.0,3186000.0,178909000.0,1128249000.0,0.1548036369,940350000.0,0.1290225828,5804000.0,946154000.0,0.1298189321,309999000.0,578282000.0,0.0793443263,0.91,0.88,636064228,717827179,https://www.sec.gov/Archives/edgar/data/1467373/000146737312000170/0001467373-12-000170-index.htm,https://www.sec.gov/Archives/edgar/data/1467373/000146737312000170/acn831201210k.htm,11.458369578362769,0.9091566142908448,2.6855636975076047,2.5043587264901177,10.44357897768777,7.270378990720415,5.359592396382964,6.517947115240067,0.0050608096765976,39181556444.8,32541063444.800003,16.93877573778883,5.375982994676781,22.93745631770686,24.597115161026863,9.450828445043491,9.450828445043491,4.4648610106748405,28.84209376192667,19.0500145737801,20.42839431714956,0.0147590359462799,0.040655174131333,7.959799634958764e-06,1.9801487091680584e-06,-5.885662650709197,1.5523014894801648,295.15065913371,2.6851804984634247,0.0,0.0,0.0643390966210174,0.0,0.0729284569271152,0.0674737192737814,0.0158142019925471,0.6442269533673544,0.017246505646959,11.546916534595496,0.0738939105627169,0.0374291781402135,-3.203555018975222,4478726000.0,3409045000.0,546944000.0,6473603000.0,3851510500.0,856260500.0,0.0,55.33063383175598,16.14214597105312,0.0,1.626585378972221,5.575466865520381,0.0,0.1394851167425219,0.1812049710174866,2012-09-27,0.88,amc,7288000000.0,2025-04-25,2012-08-31,0.0,68.35967741935484,3186022.709677419
2012-05-31,ACN,USD,1467373,2012-06-29,2012-06-29 09:19:53,2012,Q3,7640790000.0,5269885000.0,2370905000.0,0.310295794,0,455233000.0,854476000.0,1309709000.0,5270320000.0,1309709000.0,6579594000.0,11304000.0,3497000.0,135001000.0,1204951000.0,0.1576997928,1060761000.0,0.1388287075,5692000.0,1066453000.0,0.1395736567,303622000.0,689219000.0,0.0902025838,1.07,1.03,645761617,728876260,https://www.sec.gov/Archives/edgar/data/1467373/000146737312000009/0001467373-12-000009-index.htm,https://www.sec.gov/Archives/edgar/data/1467373/000146737312000009/acn-2012531x10q.htm,11.832214549227382,1.0672963239931927,1.882412902840585,1.7423271535198723,8.71977654255657,7.104932964759967,5.237869379282108,6.35838967802882,0.0138239866926002,36872988330.700005,31249759330.700005,13.37491723628484,4.825808369383271,30.33340874036476,32.77226087227409,8.98026118111429,8.98026118111429,4.08985973056451,25.9344648294412,25.70748305818574,27.774403739574524,0.018691704448217,0.0305136103943935,0.001322453655671,0.0003495127258355,-4.666769852052076,1.509011575954749,303.3345724907063,1.5935246470056932,0.0129081211354849,0.6905802074522032,0.0595793105163209,0.0,0.0776058571381215,0.0744181837626173,0.0118393516900739,0.670083925304257,0.0197456022217597,12.356837517027545,0.095462715972252,0.0480954362443552,-4.491119359916989,3864959000.0,3382415000.0,510204000.0,5823132000.0,3289150500.0,850555000.0,0.0,37.95522452521271,13.810673287937025,0.0,2.371215060003538,6.5166989417243535,0.0,0.1678563878651847,0.1400857493207125,2012-06-28,0.99,amc,7344262135.0,2025-04-25,2012-05-31,0.0404040404040404,61.45063492063492,2783316.047619048
2012-02-29,ACN,USD,1467373,2012-03-23,2012-03-23 16:17:30,2012,Q2,7259828000.0,5143462000.0,2116366000.0,0.2915173748,0,454314000.0,772338000.0,1226652000.0,5143877000.0,1226652000.0,6370114000.0,9246000.0,4220000.0,147010000.0,1049770000.0,0.1445998445,889299000.0,0.1224958773,9241000.0,898540000.0,0.1237687725,184350000.0,643923000.0,0.0886967295,1.0,0.97,646452990,729036633,https://www.sec.gov/Archives/edgar/data/1467373/000119312512129729/0001193125-12-129729-index.htm,https://www.sec.gov/Archives/edgar/data/1467373/000119312512129729/d304608d10q.htm,11.230248931171314,0.9960863511513808,1.326953410796352,1.1948803887503097,8.61911552145501,7.723910442428304,5.817392847080806,6.912417560324069,0.0155834997375447,38489811024.6,32926919024.6,14.943483547178776,5.301752469149407,44.86969890244144,49.829255346864585,8.613484281063691,8.613484281063691,4.535495747915791,31.36584111243415,38.384728401877794,42.62748535745449,0.0167297002208831,0.020068531890331,0.0013100437658454,0.0003703165770248,-5.299153147832382,1.5328878217412365,210.7343601895735,1.2010991472857362,0.0,0.0,0.062579168542285,0.0,0.0779647340198338,0.0995310166668026,0.0117604714602053,0.5807700156451943,0.0221711864248023,12.446714733985168,0.0854203810693613,0.0441780803591092,-4.217019322627002,4016829000.0,3760671000.0,739729000.0,6025174000.0,3340773500.0,895274500.0,0.0,41.60417987864175,15.615793409186264,0.0,2.1632441803330225,5.76339591858688,0.0,0.1441010098794845,0.1320730220460423,2012-03-22,0.86,amc,6436701030.0,2025-04-25,2012-02-29,0.127906976744186,60.30238095238096,3869566.238095238
2011-11-30,ACN,USD,1467373,2011-12-20,2011-12-20 16:18:41,2012,Q1,7589108000.0,5337568000.0,2251540000.0,0.2966804531,0,432517000.0,837477000.0,1269994000.0,0.0,1269994000.0,6607562000.0,10512000.0,4158000.0,132625000.0,1129810000.0,0.1488725684,981138000.0,0.1292823873,11889000.0,993027000.0,0.1308489746,281270000.0,642086000.0,0.0846062541,1.0,0.96,644285298,730114347,https://www.sec.gov/Archives/edgar/data/1467373/000119312511347254/0001193125-11-347254-index.htm,https://www.sec.gov/Archives/edgar/data/1467373/000119312511347254/d257833d10q.htm,11.779110936658377,0.9965864532268126,0.7376514743938795,0.6121247857498061,7.91038382502405,6.548626847605019,4.64683271416198,5.845795351363116,0.0163592123438458,37323447313.14,32237923313.14,14.53210602362456,4.918028220594568,78.53302272268957,94.63756630772625,9.909686623992396,9.909686623992396,4.247919954906426,28.533933416362043,67.83246849740561,81.74267986485218,0.0172032876441707,0.0105666284438081,0.0016944742403806,0.0004173739253782,-4.50122055920907,1.4511600798666688,235.96392496392497,0.667725080329382,0.0127237978854329,0.7396143195771283,0.0569918098411565,0.0,0.0801327853365853,0.1701707283201966,0.0106567201310088,0.6098020735155514,0.0132503055695083,11.449079013128394,0.0910869943886619,0.0456495577456034,-5.402808368909886,3417594000.0,2993886000.0,-78942000.0,5388790000.0,3973674000.0,923681500.0,0.0,39.438105242407936,15.143632830532557,0.0,2.282056895147759,5.943091793571633,0.0,0.1704791894561327,0.1255266886440733,2011-12-15,0.94,amc,7430895833.0,2025-04-25,2011-11-30,0.0212765957446808,58.630645161290325,3748773.564516129
2011-08-31,ACN,USD,1467373,2011-10-21,2011-10-21 16:06:17,2011,Q4,7174073000.0,4958686000.0,2215387000.0,0.3088046358,0,471610000.0,820841000.0,1292451000.0,0.0,1292451000.0,6251137000.0,11936000.0,3930000.0,141340000.0,1080668000.0,0.150635211,922529000.0,0.1285920843,12869000.0,935398000.0,0.1303859049,252533000.0,611933000.0,0.0852978496,0.95,0.84,644285298,730114347,https://www.sec.gov/Archives/edgar/data/1467373/000119312511277309/0001193125-11-277309-index.htm,https://www.sec.gov/Archives/edgar/data/1467373/000119312511277309/d222389d10k.htm,11.134932028202202,0.9497857577994896,2.143888746627895,1.9312888309923844,8.856335877464023,6.753020771242245,4.996049126050367,6.020548679352295,0.0129585449581374,34527249119.82,28830590119.82,14.105812695107144,4.812781960794099,24.99663291030902,27.74830938801785,8.901182077272955,8.901182077272955,4.0187199265772735,26.67848971175236,20.87243253326634,23.170109257985004,0.0177231901063536,0.0360382315915727,0.0011392255277264,0.0002809011976599,-5.271423786028642,1.4508384083199468,234.74020356234092,2.0227658468364904,0.0,0.0,0.0657381099969292,0.0,0.071956919583689,0.0991655541687541,0.0190930591311239,0.9691170227819442,0.0148338328868412,11.342848243285944,0.0860187823602881,0.0419146000631938,-3.4274986669026863,3564594000.0,3218881000.0,90545000.0,5481816000.0,3947244500.0,905950500.0,0.0,57.98118864973914,17.228858612947057,0.0,1.55222757752837,5.223793521200948,0.0,0.157757342126776,0.2125999156355109,2011-09-27,0.88,amc,6937494505.0,2025-04-25,2011-08-31,0.0340909090909091,56.61746031746032,3804832.158730159
2011-05-31,ACN,USD,1467373,2011-06-24,2011-06-24 16:10:45,2011,Q3,7204355000.0,4894727000.0,2309628000.0,0.3205877556,0,527442000.0,832374000.0,1359816000.0,4895123000.0,1359816000.0,6254543000.0,9861000.0,2827000.0,130773000.0,1091449000.0,0.1514985033,949416000.0,0.1317836225,8433000.0,957849000.0,0.1329541645,258780000.0,628013000.0,0.0871713012,0.96,0.93,651339239,745503329,https://www.sec.gov/Archives/edgar/data/1467373/000119312511173233/0001193125-11-173233-index.htm,https://www.sec.gov/Archives/edgar/data/1467373/000119312511173233/d10q.htm,11.060833692532992,0.9641872658619296,2.0771971332130965,1.904198190031048,8.077739962477526,6.412068780643508,4.902273360503005,5.701795282135612,0.011434901436976,37380358926.21,32128295926.21,14.880408099119764,5.188578148385248,27.62857654787281,30.13866954629563,10.065250883315564,10.065250883315564,4.459565905096293,29.43636938254559,23.746670948298544,25.90408764980299,0.0168006144948933,0.0331799649770177,0.0012442770927806,0.0003100516379227,-4.812009539612021,1.51197138185834,335.83869826671383,1.935374047483153,0.0086406874968107,0.5143078248380208,0.0732115505135435,0.0,0.0659816858180529,0.0832847977767265,0.0156406784507426,0.8616533994020172,0.0174241830115256,11.121868731499337,0.0919481573109586,0.0451139966869196,-4.62380441661062,3774594000.0,3193043000.0,419723000.0,5498754000.0,3172400000.0,854508000.0,0.0,40.88398336839314,15.861679313269155,0.0,2.201351056941721,5.674052426763546,0.0,0.1691023998849696,0.1729989431820489,2011-06-23,0.9,amc,6971612903.0,2025-04-25,2011-05-31,0.0333333333333333,55.5584375,8270168.1875
2011-02-28,ACN,USD,1467373,2011-03-25,2011-03-25 16:24:48,2011,Q2,6496293000.0,4579069000.0,1917224000.0,0.295125851,0,435499000.0,709779000.0,1145278000.0,4579438000.0,1145278000.0,5724347000.0,9893000.0,3507000.0,121084000.0,898738000.0,0.1383462846,771577000.0,0.1187718904,2570000.0,774147000.0,0.1191675006,208397000.0,503017000.0,0.0774313905,0.78,0.75,646292241,743505338,https://www.sec.gov/Archives/edgar/data/1467373/000119312511078142/0001193125-11-078142-index.htm,https://www.sec.gov/Archives/edgar/data/1467373/000119312511078142/d10q.htm,10.051633901636148,0.7783119896684633,0.9300807929705596,0.8085026662110276,7.245539560794449,6.263066060853421,4.767118966541949,5.559260613187526,0.0124680438489126,33271124566.68,28598131566.68,16.53578535451088,5.121555411167568,55.350030222191165,63.67325941082695,9.26022426037746,9.26022426037746,4.402223170457367,31.82032090184236,47.5760127476776,54.730228497710165,0.0151187255180354,0.0157051799963292,0.0012666623433336,0.0003275591702784,-5.199505306329542,1.5534423257574017,220.0105503279156,1.062490499337163,0.0,0.0,0.067038078485684,0.0,0.0695869983408994,0.1307178125582262,0.0120953596150912,0.6489296686597734,0.0204873764160575,9.866807069718597,0.0774868641323661,0.0389125614012504,-4.423832700785897,3662181000.0,3080952000.0,433375000.0,5323788000.0,3636759000.0,835359500.0,0.0,42.56108368264794,16.635008120646358,0.0,2.1146078110011284,5.41027688999427,0.0,0.1400027888280993,0.1215781267595319,2011-03-24,0.71,amc,6149546666.0,2025-04-25,2011-02-28,0.0563380281690141,56.21253968253968,4419214.873015873
2010-11-30,ACN,USD,1467373,2010-12-20,2010-12-20 16:24:46,2011,Q1,6478193000.0,4533713000.0,1944480000.0,0.3001577755,0,385726000.0,731471000.0,1117197000.0,0.0,1117197000.0,5650910000.0,9393000.0,4736000.0,120059000.0,969423000.0,0.1496440443,826935000.0,0.1276490219,17693000.0,844628000.0,0.1303801847,239072000.0,534714000.0,0.0825406097,0.84,0.81,637298491,742961409,https://www.sec.gov/Archives/edgar/data/1467373/000119312510284423/0001193125-10-284423-index.htm,https://www.sec.gov/Archives/edgar/data/1467373/000119312510284423/d10q.htm,10.165084480013308,0.839032270672676,0.1669531648082939,0.048511020246555,6.53322745746153,5.19554031079606,3.7908092269435487,4.56520145753805,0.0079523175899062,27607770630.12,23447650630.12,12.90772760303639,4.261646824989623,259.47396714367613,892.9929690166904,9.489175976773186,9.489175976773186,3.6194739227621033,24.18722335876083,220.37472748916807,758.4309299430715,0.0193682426286397,0.0011198296455806,0.0001141130323957,2.5798682930612268e-05,-4.291336186576964,1.4688892297960665,174.60620777027026,0.1757046416846666,0.0116144836283945,0.5996663637009692,0.0595422211101151,0.0,0.0695657599880145,0.709433359336084,0.0116518603258655,0.6287158813583321,0.0131357617780143,9.28347484848309,0.0923136457863613,0.044657594126966,-3.519679995601935,3022859000.0,2415877000.0,-88054000.0,4591789000.0,3931920000.0,854841000.0,0.0,58.36926284845172,16.364480945309065,0.0,1.5419074288067234,5.499716141366452,0.0,0.1837886626640031,0.1184421445617388,2010-12-16,0.75,amc,5998148148.0,2025-04-25,2010-11-30,0.08,51.50258064516129,3414123.806451613
2010-08-31,ACN,USD,1467373,2010-10-26,2010-10-25 19:06:01,2010,Q4,5833073000.0,3988261000.0,1844812000.0,0.3162676003,0,432793000.0,698325000.0,1131118000.0,0.0,1131118000.0,5119379000.0,8556000.0,3616000.0,124958000.0,845168000.0,0.1448924092,713634000.0,0.1223427171,2960000.0,716594000.0,0.1228501683,206331000.0,445482000.0,0.0763717512,0.7,0.6,637298491,742961409,https://www.sec.gov/Archives/edgar/data/1467373/000119312510235847/0001193125-10-235847-index.htm,https://www.sec.gov/Archives/edgar/data/1467373/000119312510235847/d10k.htm,9.15281156691143,0.6990162479452662,1.9639227421299512,1.8044966624595384,7.596564354645554,5.138444616213598,3.81844462895488,4.44963551624038,0.0081657183776385,23325124770.6,18488420770.6,13.089824488194813,3.998771277266717,18.636170972950733,20.282664280527968,8.225392813954423,8.225392813954423,3.1695850147255147,21.87543869455541,14.77176966423113,16.076845687011254,0.0190988045886684,0.0493031874988944,0.0005599937370977,0.0001237217528941,-5.7227722772277225,1.4561817369013113,197.3545353982301,2.452862543433484,0.0,0.0,0.0741963969934886,0.0,0.0655408974018665,0.0811773682591552,0.0174182630664831,0.813089197970518,0.0170052732067642,8.365600353467935,0.0810740499096534,0.0371420121979129,-3.094989675724809,2996021000.0,2433489000.0,3095000.0,4496824000.0,3589387500.0,784211000.0,0.0,56.50850760825383,19.97851193790978,0.0,1.5926805327071545,4.50484001409647,0.0,0.1570951700187534,0.159426079670413,2010-09-30,0.63,amc,5567863636.0,2025-04-25,2010-08-31,0.0476190476190476,45.52359375,3990771.421875
2010-05-31,ACN,USD,1467373,2010-06-25,2010-06-25 08:59:50,2010,Q3,5975495000.0,4043845000.0,1931650000.0,0.3232619222,0,410057000.0,714487000.0,1124544000.0,4047121000.0,1124544000.0,5168389000.0,7401000.0,2061000.0,116314000.0,921655000.0,0.1542391049,803830000.0,0.1345210731,-550000.0,803280000.0,0.1344290306,239761000.0,490597000.0,0.0821014828,0.76,0.73,641355607,766597090,https://www.sec.gov/Archives/edgar/data/1467373/000119312510146681/0001193125-10-146681-index.htm,https://www.sec.gov/Archives/edgar/data/1467373/000119312510146681/d10q.htm,9.316976315138067,0.7649375707414685,1.4982686508266545,1.408225000518316,6.736052437754707,5.397005907831722,4.141412300773727,4.672337728545032,0.0044156470592764,23544164332.97,19232824332.97,11.997711121842368,3.940119493526478,24.501613899313472,26.068277431865216,7.856880673613358,7.856880673613358,3.218616086695747,20.86770465409508,20.014948474508365,21.29472906405528,0.0208373078382312,0.0383608008858162,0.0002572890213339,6.469391888909718e-05,-4.677824131589369,1.5171226754804468,390.0194080543425,1.7052184575852811,0.0115827428038342,0.5558656086360088,0.0686231015171128,0.0,0.0675704907793125,0.0600984678272868,0.0096644713115817,0.4965008511443162,0.0179421119087205,8.96749965790528,0.0926077263609261,0.0441487041115239,-2.33691026263999,3014336000.0,2656118000.0,387132000.0,4445152000.0,3553126000.0,683363000.0,0.0,52.96155381269669,15.202971429419277,0.0,1.6993459126651216,5.919895358471894,0.0,0.1637162412443311,0.0900436503083382,2010-06-24,0.69,amc,5647602739.0,2025-04-25,2010-05-31,0.0579710144927536,39.5025,3995343.265625
2010-02-28,ACN,USD,1467373,2010-03-26,2010-03-26 16:04:45,2010,Q2,5537823000.0,3847492000.0,1690331000.0,0.3052338437,0,413335000.0,623386000.0,1036721000.0,3850129000.0,1036721000.0,4884213000.0,7029000.0,4519000.0,118518000.0,762427000.0,0.1376763035,650973000.0,0.1175503442,-11583000.0,639390000.0,0.1154587281,177511000.0,399760000.0,0.0721872115,0.63,0.6,638695204,768453497,https://www.sec.gov/Archives/edgar/data/1467373/000119312510068566/0001193125-10-068566-index.htm,https://www.sec.gov/Archives/edgar/data/1467373/000119312510068566/d10q.htm,8.670525417003132,0.6259010518575931,1.033327001465945,0.964364529657561,6.453898470169192,5.387394454272433,4.113260884921253,4.633659344027265,0.0077094676289443,25605290728.36,21490944728.36,16.012914453897338,4.623710567918115,38.79701192664637,41.57141699750785,8.651909219799588,8.651909219799588,3.880756883771836,28.18754415617495,32.56297488618612,34.8915790275922,0.0156123984000397,0.0240549895150302,0.0001368476254064,3.40619850752997e-05,-5.396380243616766,1.5104357401571538,144.05244523124583,1.4289045399336189,2.144088133285425e-05,0.0013733239943966,0.0746385357567405,0.0,0.0684421343223027,0.0667382848900195,0.0079536669915235,0.3716397509239103,0.0218156123805329,8.07804281933252,0.0773294628436352,0.0360914582976904,-2.559412517523773,2965233000.0,2627120000.0,325267000.0,4425743000.0,3692358000.0,686700500.0,0.0,58.34263391950231,15.991425063391944,0.0,1.5426111910575833,5.628016242656868,0.0,0.1350770536604881,0.0689624718083839,2010-03-25,0.61,amc,5630300000.0,2025-04-25,2010-02-28,-0.0163934426229508,40.29222222222222,5715668.53968254
2009-11-30,ACN,USD,1467373,2009-12-18,2009-12-18 17:16:42,2010,Q1,5747687000.0,3963733000.0,1783954000.0,0.3103777224,0,412121000.0,621860000.0,1033981000.0,0.0,1037546000.0,5001279000.0,6945000.0,4481000.0,114898000.0,874484000.0,0.152145376,746408000.0,0.1298623255,8697000.0,755105000.0,0.1313754559,230307000.0,444817000.0,0.0773906095,0.7,0.67,631527053,773696423,https://www.sec.gov/Archives/edgar/data/1467373/000119312509256007/0001193125-09-256007-index.htm,https://www.sec.gov/Archives/edgar/data/1467373/000119312509256007/d10q.htm,9.10125223091591,0.7043514571338562,0.3469542578724652,0.2918228112707627,6.341959510640314,5.247403075225029,3.919165439140736,4.4483715886039805,0.0111950865230788,25917870255.12,21920396255.12,14.566591573118831,4.509269599252708,118.28648609663595,140.63328298870283,9.225847972129383,9.225847972129383,3.813776960213735,25.06666360404536,100.0424271493444,118.94253885161751,0.0171625598716826,0.0071106922824259,0.0009215927143984,0.0002124775099244,-4.571237438306476,1.4455345158923123,166.57174737781745,0.4925868390821394,0.0212765167265649,1.2397053170180097,0.07170206032444,0.0,0.0688412359674772,0.1589011961973611,0.0060575671570146,0.30302529199812,0.0171555966774112,8.396271954378703,0.0863239201741909,0.0392047383038305,-3.198140903712006,2752142000.0,2475059000.0,58369000.0,4276012000.0,3578299500.0,703574000.0,0.0,59.42099143533738,15.66180416289392,0.0,1.514616263142278,5.746464396051432,0.0,0.1583391681887125,0.0551314466017024,2009-12-17,0.65,amc,5576417910.0,2025-04-25,2009-11-30,0.0307692307692307,41.62491803278688,3982219.327868852
2009-08-31,ACN,USD,1467373,2009-10-19,2009-10-19 17:16:48,2009,Q4,5505449000.0,3845095000.0,1660354000.0,0.3015837582,0,432602000.0,552165000.0,984767000.0,0.0,984767000.0,4829862000.0,7922000.0,4222000.0,127582000.0,554286000.0,0.1006795268,419586000.0,0.0762128575,2896000.0,422482000.0,0.0767388818,116506000.0,254692000.0,0.0462618035,0.4,0.33,631527053,773696423,https://www.sec.gov/Archives/edgar/data/1467373/000119312509209671/0001193125-09-209671-index.htm,https://www.sec.gov/Archives/edgar/data/1467373/000119312509209671/d10k.htm,8.71767721405911,0.4032954705425738,1.6575916978175755,1.5383236480290576,7.204071430333484,5.361933402400103,4.055335377691255,4.489468798734106,0.0081975902305486,20840392749.0,16299685749.0,20.45646579888649,3.7854120070860704,19.908400870641778,21.45192270968499,7.350535548727947,7.350535548727947,2.9606460343198164,29.406634389105985,15.57075636072884,16.777975496478103,0.0122210748649264,0.0466158681220926,0.0003368344125554,7.792270948439318e-05,-8.191992942271678,1.4410279022510006,99.3808621506395,4.110117318172538,0.0181592547010976,1.4858966909050932,0.0785770606539085,0.0,0.0673278320172418,0.0719526104924083,0.0136811729615513,0.5903732501450047,0.019978025407192,6.382640888583087,0.0505002463971194,0.0222816301042239,-2.8480541592887234,2751555000.0,2561054000.0,120986000.0,4277851000.0,3553148000.0,731973500.0,0.0,54.956580289818326,16.791291242479055,0.0,1.6376564830885971,5.359921324711205,0.0,0.0898314452383077,0.1192680497885179,2009-10-01,0.63,amc,5505449000.0,2025-04-25,2009-08-31,0.0,39.895,4444198.75
2009-05-31,ACN,USD,1467373,2009-05-31,2009-05-30 20:00:00,2009,Q3,5537348000.0,3866721000.0,1670627000.0,0.3017016449,0,410532000.0,524879000.0,935411000.0,0.0,935411000.0,4802132000.0,8649000.0,3285000.0,116377000.0,867433000.0,0.1566513428,732040000.0,0.1322004685,15731000.0,747771000.0,0.1350413591,211242000.0,443969000.0,0.0801771895,0.71,0.68,623649189,784047232,,,8.878946846509889,0.7118890039958026,1.6269066293935324,1.556923374753238,6.432972367739262,5.784577393237018,4.495795151270532,4.729295013963371,0.0079227233629898,19520219615.7,15519416615.7,10.99188209970741,3.5251928568874487,19.238965183679785,20.10375109498297,6.6183225845682925,6.6183225845682925,2.802680383407364,17.89119922311003,15.295807210095614,15.983349312854928,0.0227440576356486,0.049741960854736,0.0005614661318272,0.0001400107409206,-4.612232875622671,1.4597477234246086,222.84322678843228,2.285337489779692,0.0,0.0,0.0741387393387592,0.0,0.0679549233052274,0.0430161469477705,0.0078819319284249,0.3750311487665088,0.0693216319436668,8.703533485578472,0.088720138170666,0.0402732567991265,-2.24455635426153,2716390000.0,2803799000.0,404709000.0,4237560000.0,3685284500.0,731517000.0,0.0,60.860540099701154,17.376769619530346,0.0,1.4787906885571975,5.179328607708876,0.0,0.1505275103147363,0.0699832546402942,2009-06-25,0.64,amc,5191263750.0,2025-04-25,2009-05-31,0.0625,35.06625,5589343.859375
2009-02-28,ACN,USD,1467373,2009-02-28,2009-02-27 19:00:00,2009,Q2,5657563000.0,4035238000.0,1622325000.0,0.2867533247,0,0.0,0.0,957867000.0,0.0,957867000.0,4993105000.0,11155000.0,3214000.0,135069000.0,772964000.0,0.1366249037,677467000.0,0.1197453745,21495000.0,698962000.0,0.1235447135,196554000.0,411436000.0,0.0727231849,0.66,0.63,620461500,787147545,,,9.118314351494815,0.6631128603466936,1.0163998894371369,0.9316033307465492,4.821330574096862,4.68531891181,3.441246555990984,3.8453731617513736,0.0076781556953977,18111271185.0,15134821185.0,11.00491399938265,3.2012495813126605,28.71901138848498,31.333078185334863,7.590940793560183,7.590940793560183,2.675148502102407,19.58024071625587,23.99925977226201,26.183724525279228,0.0227171243695338,0.0319151535027937,0.0006496483935243,0.0001468170211887,-3.8506967982984976,1.378405887392233,210.78624766645925,1.5327705888643677,0.0,0.0,0.0,0.0,0.0731147818313273,0.0834283430880205,0.0092995871190475,0.3895268344327714,0.0234086655331986,7.574504532889307,0.0955237955397593,0.0420456473175507,-3.125585552044728,2066330000.0,2135161000.0,-123351000.0,3546872000.0,3885282500.0,810280500.0,0.0,57.68300238106054,15.979711729518804,0.0,1.5602516562062714,5.632141650825021,0.0,0.1724443460890747,0.0847965586905875,2009-03-26,0.62,bmo,5566311983.0,2025-04-25,2009-02-28,0.0161290322580645,29.78396825396825,4685897.650793651
2008-11-30,ACN,USD,1467373,2008-11-30,2008-11-29 19:00:00,2009,Q1,6470608000.0,4582800000.0,1887808000.0,0.2917512543,0,0.0,0.0,1069931000.0,0.0,1069931000.0,5652731000.0,22196000.0,3400000.0,119563000.0,931484000.0,0.1439561785,814772000.0,0.1259189245,-6251000.0,808521000.0,0.1249528638,215288000.0,479866000.0,0.0741608826,0.77,0.74,622243687,797586038,,,10.39883270041115,0.7711866106887477,0.7523290469317369,0.6368180317111035,4.493541772164255,4.187137699317471,2.922605786115432,3.3302177961670507,0.0093966401301553,18082401544.22,15301887544.219995,9.420547373756424,2.794544429861923,38.626715422615845,45.633129956947016,8.726155999000099,8.726155999000099,2.364829942444357,16.42742928941345,32.687121461938084,38.61616617595695,0.0265377360870181,0.0219139033623917,0.0011808665833094,0.0002238371468127,-2.9850367800198394,1.2998499562517647,239.63882352941172,0.9755473402991668,0.0209289678184903,0.7886493312716467,0.0,0.0,0.0719761289162925,0.1535378910221903,0.0111080751607886,0.6011558759817001,0.0180372539952968,7.601640345302579,0.1217787927588591,0.0472997695069435,-3.892649777899635,1806369000.0,1818573000.0,-496023000.0,3327813000.0,4329951000.0,960661000.0,0.0,57.6461485535826,17.755204241948153,0.0,1.561249142539752,5.068936339654572,0.0,0.2315724249556149,0.1155110152206333,2008-12-18,0.68,bmo,5899672000.0,2025-04-25,2008-11-30,0.0882352941176469,31.024262295081968,4785329.180327869
2008-08-31,ACN,USD,1467373,2008-08-31,2008-08-30 20:00:00,2008,Q4,6561045000.0,4656268000.0,1904777000.0,0.2903161006,0,0.0,0.0,1115422000.0,0.0,1115422000.0,5771690000.0,0.0,0.0,136957000.0,926312000.0,0.1411836072,784972000.0,0.1196413071,21902000.0,806874000.0,0.1229794949,256611000.0,434820000.0,0.0662729794,0.7,0.55,622243687,796948530,,,10.544172865188104,0.69879375087979,1.6563928594746835,1.517003739404752,5.822545211294366,5.130907820684728,3.781023494738967,4.082815226697511,0.0133034696421114,26109345106.52,22514863106.52,15.011582440159144,3.9794491741056497,25.33215460329103,27.659786795558222,10.2772223748025,10.2772223748025,3.431597117001941,24.305917559655928,21.84466867167307,23.851854985899617,0.0166538072182981,0.0361535686226108,0.0032584060025837,0.0006676600644028,-3.880422579001459,1.337513314343509,0.0,2.370360149027184,0.0,0.0,0.0,0.0,0.0677465263005075,0.08415221019133,0.0132195404847855,0.6332936615141979,0.0179652783969626,8.012086478832723,0.0963299645222389,0.0376188469021422,-3.529584623973854,2311250000.0,2352718000.0,-46722000.0,3951371000.0,4486881500.0,1012804500.0,0.0,61.93914993724323,19.661761307553604,0.0,1.453038992159047,4.577412907836697,0.0,0.171154880169541,0.1393891200699317,2008-09-25,0.66,bmo,6461635227.0,2025-04-25,2008-08-31,0.0151515151515151,30.5696875,4532302.0
2008-05-31,ACN,USD,1467373,2008-05-31,2008-05-30 20:00:00,2008,Q3,6593201000.0,4670520000.0,1922681000.0,0.2916157114,0,0.0,0.0,1056172000.0,0.0,1056172000.0,5726692000.0,23756000.0,4450000.0,118251000.0,1000522000.0,0.1517505685,862154000.0,0.1307641008,15667000.0,877821000.0,0.1331403365,270250000.0,469089000.0,0.0711473835,0.77,0.74,606513399,817311345,,,10.870660089077438,0.7734190221904726,1.780743841406874,1.671404130018239,5.531036916135797,5.256507119639084,3.910040576036804,4.0630825371097865,0.0184200382356268,24757876947.18,21438175947.18,13.194658661352111,3.755061759406394,22.923005011068984,24.42257935521229,10.046559386174,10.046559386174,3.251558074322321,21.426991057847804,19.849335858394788,21.147837289038787,0.0189470608081938,0.0409457160710004,0.0027277368062673,0.0005640489687142,-3.3179690201714704,1.3158326895641257,193.7424719101124,2.302430881986147,0.0,0.0,0.0,0.0,0.0685258242041786,0.0614011453226485,0.0100582402993629,0.5608070967687376,0.0216782409636836,8.408654456328867,0.1110075937273113,0.0422573960059473,-3.3483827452919965,2067467000.0,2371492000.0,-115713000.0,3703171000.0,4302866000.0,985805000.0,0.0,60.85862087322986,19.431322422342696,0.0,1.4788373234331489,4.631697114783882,0.0,0.1903527716029694,0.1093397113886349,2008-06-26,0.69,bmo,6115432811.0,2025-04-25,2008-05-31,0.0724637681159421,39.651875,3770128.140625
2008-02-29,ACN,USD,1467373,2008-02-29,2008-02-28 19:00:00,2008,Q2,6057623000.0,4404573000.0,1653050000.0,0.2728875666,0,0.0,0.0,1009182000.0,0.0,1009182000.0,5413755000.0,0.0,0.0,111045000.0,754913000.0,0.1246219846,638057000.0,0.1053312496,11521000.0,649578000.0,0.1072331507,115782000.0,406557000.0,0.0671149393,0.67,0.64,608472725,827974896,,,9.955455275337115,0.668159776594752,1.189854483617158,1.0607804975974888,4.368059390007991,4.5804830446590685,3.2965520352617284,3.43506111962537,0.0150113548639341,21448663556.25,18873658556.25,13.189210588090967,3.540772272597684,29.62547142137918,33.23024893447423,10.261826142949207,10.261826142949207,3.115687218608685,25.00110417524933,26.068805205913307,29.240813558553956,0.0189548872792837,0.0300930637616308,0.004370040107342,0.0008373429661082,-3.410995704140742,1.2595359227355436,0.0,1.7807933450906024,0.0,0.0,0.0,0.0,0.0716184920969455,0.1084787995480625,0.0129651515124001,0.7072628213787203,0.0204393703602881,7.186189364416975,0.1074351893762022,0.0401455424897035,-3.866807669974032,1566128000.0,2005862000.0,-520747000.0,3187436000.0,4172946000.0,955108500.0,0.0,61.61868442456719,19.68193511607141,0.0,1.460595935153027,4.572721100300241,0.0,0.1945117578192093,0.1290739860196691,2008-03-27,0.56,bmo,5192248285.0,2025-04-25,2008-02-29,0.1428571428571427,38.47328125,3025752.4375
2007-11-30,ACN,USD,1467373,2007-11-30,2007-11-29 19:00:00,2008,Q1,6101957000.0,4396880000.0,1705077000.0,0.2794311727,0,0.0,0.0,970355000.0,0.0,970355000.0,5367235000.0,0.0,0.0,125168000.0,859890000.0,0.1409203637,726399000.0,0.1190436117,47090000.0,773489000.0,0.126760808,267931000.0,381285000.0,0.0624856911,0.62,0.6,611842254,839271348,,,9.973088586327025,0.6231753323790546,-0.0514364606142419,-0.1965392210391536,4.285086528201761,4.329287463693215,3.2010048132439053,3.209021585488602,0.01384343749492,21145268298.24,18681365298.24,13.864476899327276,3.465325681292084,-671.8969304515268,-175.84276470249728,10.76963774761831,10.76963774761831,3.06153670015046,21.725296605658865,-593.605709962823,-155.3530972569043,0.0180316936452272,-0.0056868987569199,0.0043139122396436,0.0007880902535473,-2.865369989184664,1.260831115104413,0.0,-0.0825393078668187,0.0157805990112584,0.8751590017965564,0.0,0.0,0.0642317748313561,-2.8210098185631214,0.0145494306170954,0.7092867186501343,0.0180540439731056,6.707840158787287,0.1001068869671871,0.0379117622464134,-3.804846730968012,1567902000.0,1958510000.0,-519580000.0,3092919000.0,3948931000.0,966030000.0,0.0,61.92562812225651,19.38397454558687,0.0,1.4533562715313555,4.643010636871178,0.0,0.1941948085351288,0.1451027604249117,2007-12-19,0.56,bmo,5666102928.0,2025-04-25,2007-11-30,0.0714285714285712,34.442950819672134,3718673.803278688
2007-08-31,ACN,USD,1467373,2007-08-31,2007-08-30 20:00:00,2007,Q4,5573351000.0,3979030000.0,1594321000.0,0.2860614736,0,0.0,0.0,945082000.0,0.0,945082000.0,4924112000.0,0.0,0.0,115571000.0,764810000.0,0.1372262397,642106000.0,0.1152100415,42184000.0,684290000.0,0.122778917,253043000.0,316794000.0,0.0568408485,0.52,0.38,611842254,839271348,,,9.109130602804036,0.5177707128412874,1.2700021858902213,1.042296434793142,5.795078677256573,4.582092821591887,3.529978496712324,3.3723267500907186,0.0430830002793497,25214019287.34,21925983287.34,19.89780368894297,4.524032182315451,32.448763047689894,39.53769640225114,12.220049554477905,12.220049554477905,3.93407543995345,28.668536351956696,28.21727976688489,34.38178025710303,0.0125642007483932,0.0252923182429784,0.0127754525204862,0.0024527405467601,-4.299154038257868,1.1448538882511976,0.0,2.452827389407628,0.0,0.0,0.0,0.0,0.0598974873552664,0.1792955584068279,0.0249975284169254,1.2054927274143168,0.015857964086597,6.267939898394432,0.1062568148250524,0.0313550818464296,-2.653411871093166,1008562000.0,2159790000.0,27534000.0,2460359000.0,3828552000.0,924358500.0,0.0,59.73785968262182,22.280905145223837,0.0,1.5065822658889412,4.039333205423771,0.0,0.1535351557577743,0.2277057510970793,2007-09-27,0.48,bmo,5341128041.0,2025-04-25,2007-08-31,0.0416666666666667,37.25390625,3881760.125
2007-05-31,ACN,USD,1467373,2007-05-31,2007-05-30 20:00:00,2007,Q3,5543684000.0,3933842000.0,1609842000.0,0.2903920931,0,0.0,0.0,921475000.0,0.0,921475000.0,4855317000.0,0.0,0.0,79482000.0,767849000.0,0.1385087967,681529000.0,0.1229379236,27856000.0,709385000.0,0.127962741,235968000.0,345400000.0,0.0623051386,0.57,0.54,607421151,859179215,,,9.126590325136702,0.5686334751948735,1.6092920017531624,1.4742835321518133,5.561288069140681,4.269800278983041,3.399911242142439,3.0918613830093644,0.0464784605434327,24867821921.94,21802419921.94,17.999292068572668,4.485793548467048,25.43975857420528,27.769420947302716,13.24121457222392,13.24121457222392,3.932839592217016,28.394150310725152,22.30385519442097,24.34634518385592,0.0138894351537585,0.0360108337115733,0.0150325175633179,0.0028094293013365,-3.992193777682852,1.2058051565462604,0.0,2.830104226983208,0.0,0.0,0.0,0.0,0.0525811681462145,0.0838930843217209,0.0147928705893048,1.031768199089102,0.0228952443898317,6.289519645285517,0.1335159669885361,0.0362791232132085,-1.825878960872734,1372203000.0,2065178000.0,584240000.0,2648777000.0,3847088000.0,848114500.0,0.0,64.2531753252891,19.758836272529503,0.0,1.400708985110302,4.554924124004511,0.0,0.1839129911579064,0.1350084696013491,2007-06-28,0.55,bmo,5644478254.0,2025-04-25,2007-05-31,-0.0181818181818181,40.74269841269841,3193384.936507937
2007-02-28,ACN,USD,1467373,2007-02-28,2007-02-27 19:00:00,2007,Q2,5169353000.0,3764287000.0,1405066000.0,0.271806936,0,0.0,0.0,839358000.0,0.0,839358000.0,4603645000.0,0.0,0.0,104465000.0,670173000.0,0.129643497,559392000.0,0.1082131555,24686000.0,584078000.0,0.1129886081,171542000.0,296722000.0,0.0574002201,0.49,0.47,604326019,867330893,,,8.553914340067493,0.4909965658784584,1.1751570802381752,1.0495626202716914,5.199091055518495,4.459884094449357,3.624998644978085,3.183908915892632,0.0484142649499259,21622784959.82,18692103959.82,18.21805002647259,4.18288032560748,30.446993514048597,34.090390900866815,11.237758662442396,11.237758662442396,3.6159465139679954,27.891460801643756,26.320308373140257,29.46989168758809,0.0137226541609407,0.0293337792138538,0.0152059202159533,0.0030622671808752,-4.373021592931974,1.2438951125677349,0.0,2.393412015287036,0.0,0.0,0.0,0.0,0.0528076242477386,0.1068746145332578,0.0146826885298798,0.7265591346383956,0.0245301491308486,5.9307662013347375,0.112762507609164,0.0327876279473527,-1.5138922886588473,1481795000.0,2190681000.0,698202000.0,2700807000.0,3772006000.0,830942500.0,0.0,65.05195911364537,19.90615221421746,0.0,1.383509447313809,4.521215302258153,0.0,0.1542118756688126,0.1255944599664837,2007-03-27,0.42,bmo,4553953833.0,2025-04-25,2007-02-28,0.119047619047619,39.7652380952381,3013893.492063492
2006-11-30,ACN,USD,1467373,2006-11-30,2006-11-29 19:00:00,2007,Q1,5166359000.0,3734115000.0,1432244000.0,0.2772250244,0,0.0,0.0,816573000.0,0.0,816573000.0,4550688000.0,0.0,0.0,144981000.0,760652000.0,0.1472317352,609592000.0,0.1179925747,31573000.0,641165000.0,0.1241038418,235308000.0,284232000.0,0.0550159213,0.47,0.46,598612668,875778847,,,8.630554073072172,0.4748178834063699,0.2770205324154616,0.1648545132359277,4.571204630771362,4.100327525978785,3.2193739007207243,2.880034272846361,0.0527503036404167,20173246911.6,17767293911.600002,17.743645078316305,3.904731922733206,121.65163248426084,204.4226714725792,11.70124964057946,11.70124964057946,3.439035868703666,23.35797961696019,107.14290657548788,180.04229572777757,0.0140895514363907,0.0048918253185735,0.0183158596888096,0.0034268543968342,-3.1630140984313457,1.2163056998300903,0.0,0.5834248079034029,0.0145271111430002,1.0310556165386022,0.0,0.0,0.0572299986119812,0.4049014641676918,0.0129963868170988,0.4631227540160434,0.0238134825706072,5.5469419498802255,0.1162586904222449,0.032718395740503,-1.9511439741198395,1280955000.0,1927158000.0,442856000.0,2524186000.0,3455652500.0,842694500.0,0.0,66.32998984391135,19.987916815631017,0.0,1.356852310874602,4.502720360013602,0.0,0.1648653586809936,0.1121660191795339,2006-12-20,0.42,bmo,4674324809.0,2025-04-25,2006-11-30,0.0952380952380953,37.128524590163934,2833347.672131148
2006-08-31,ACN,USD,1467373,2006-08-31,2006-08-30 20:00:00,2006,Q4,4388911000.0,3037721000.0,1351190000.0,0.3078645249,0,0.0,0.0,844059000.0,0.0,844059000.0,3881780000.0,0.0,0.0,91577000.0,598708000.0,0.1364137938,501067000.0,0.1141665894,25066000.0,526133000.0,0.1198778011,23758000.0,346445000.0,0.0789364378,0.58,0.4,598612668,875332780,,,7.331804411462939,0.5787465226178607,1.3537368039795643,1.1916820978469504,5.713108296598895,4.614224101251396,3.7327726582625536,3.164408475231266,0.0866286378022324,17754851732.88,14739720732.88,12.81217201350864,4.045388875026174,21.909724189228545,24.88918819338451,9.372999798274256,9.372999798274256,3.358400462638682,24.61921459689865,18.18901226224265,20.66250334037984,0.0195126946263607,0.0401780882618661,0.0273759340743458,0.0054600730382294,-5.036062654916921,1.2456658518548416,0.0,2.3390841259074318,0.0,0.0,0.0,0.0,0.0555565616691227,0.1197091677320315,0.0221029772533551,1.0593052840778798,0.0368642699749436,6.41921210325754,0.1275984909658452,0.0386233027018084,-1.649891161341076,1418156000.0,2234485000.0,455500000.0,2673496000.0,3217282000.0,829899000.0,0.0,63.64515252188983,25.363695349243727,0.0,1.41409041276232,3.548378844673497,0.0,0.1828924827966667,0.1620547061326139,2006-09-28,0.38,bmo,4273413342.0,2025-04-25,2006-08-31,0.0263157894736842,33.57888888888888,2152973.031746032
2006-05-31,ACN,USD,1467373,2006-05-31,2006-05-30 20:00:00,2006,Q3,4805327000.0,3351442000.0,1453885000.0,0.3025569332,0,0.0,0.0,815760000.0,0.0,815760000.0,4167202000.0,0.0,0.0,75115000.0,713240000.0,0.1484269437,690124000.0,0.143616449,21763000.0,711887000.0,0.1481453812,213088000.0,342264000.0,0.071225954,0.58,0.56,589933994,886889939,,,8.145533311986087,0.5801733812274599,1.365525648959297,1.2649499903204424,5.061778148692343,3.7330701780172375,2.937252332673679,2.513238794643863,0.0854214208920464,16606641931.099998,13863318931.099998,12.129994632140685,3.45588176020071,20.61477206338369,22.253844195744783,11.200686564282076,11.200686564282076,2.884989706444535,19.43710242148505,17.209328712712736,18.57763543096898,0.0206100668286841,0.0449360564945095,0.0339885812180258,0.0055922809588232,-3.8462831585441086,1.2101367336861286,0.0,2.3536509828670265,0.0,0.0,0.0,0.0,0.0520997770434053,0.0736534379383542,0.0123473386930795,0.789895493576516,0.0,5.727789330074257,0.1458673556773349,0.0400698175572026,-2.2454075599515293,1202187000.0,1732785000.0,114256000.0,2411156000.0,3264423000.0,780824000.0,0.0,62.38448496845272,21.582945490329237,0.0,1.4426663944651017,4.169959102214602,0.0,0.2308468986169986,0.1005756586388544,2006-06-29,0.46,bmo,4387472478.0,2025-04-25,2006-05-31,0.0869565217391303,28.756666666666668,1898865.0793650795
2006-02-28,ACN,USD,1467373,2006-02-28,2006-02-27 19:00:00,2006,Q2,4491112000.0,3622456000.0,868656000.0,0.1934166861,0,0.0,0.0,738759000.0,0.0,738759000.0,4361215000.0,0.0,0.0,74647000.0,204544000.0,0.045544177,137312000.0,0.0305741652,24620000.0,161932000.0,0.0360561037,57820000.0,69680000.0,0.0155150885,0.12,0.11,585674656,892439424,,,7.668271034080737,0.1189739034908828,1.1673272746157553,1.044602141705104,4.006992578487125,2.9854066282151024,2.295137729162725,1.9825085277379664,0.0896197222507097,19128134264.96,17146588264.96,68.62849549712973,4.259108716273386,27.97844332965711,31.265492091265564,16.474077938653263,16.474077938653263,3.817893712060621,83.82836096370463,25.08006486272697,28.026597490605543,0.0036428016990472,0.0319841439591274,0.0452052139987339,0.0064603382397178,-9.68762711201502,1.1734214150692754,0.0,9.81162456946039,0.0,0.0,0.0,0.0,0.0497588081311051,0.1051334407919564,0.0160042768917809,0.962892011735234,0.0,2.303693232746355,0.0303406239467477,0.0090254636462795,-2.784643715230184,908620000.0,1344204000.0,-228179000.0,2036302000.0,3242210000.0,766156500.0,0.0,64.08619736047552,18.83096164591095,0.0,1.404358562480515,4.779362928581135,0.0,0.0600117991051627,0.1227251329106513,2006-03-28,0.35,bmo,4234477028.0,2025-04-25,2006-02-28,0.0571428571428572,28.383650793650794,2591030.253968254
2005-11-30,ACN,USD,1467373,2005-11-30,2005-11-29 19:00:00,2006,Q1,4543016000.0,3222708000.0,1320308000.0,0.2906236738,0,0.0,0.0,802368000.0,0.0,802368000.0,4025076000.0,0.0,0.0,79271000.0,597211000.0,0.131456944,512556000.0,0.1128228472,11159000.0,523715000.0,0.115279145,195869000.0,214940000.0,0.047312182,0.37,0.36,586267569,913640289,,,7.749048796523145,0.3666244072934554,0.6283496128369331,0.4953796105341109,3.3545161015038167,3.0334681535147308,2.3923035729100683,1.9879404245197128,0.0916236934129303,16673449662.36,15041168662.36,19.39314420577836,3.670127875922075,45.261426790089615,57.41051790431265,14.306263733668535,14.306263733668535,3.3108333015688256,25.185685900561108,40.83046808157859,51.79019940556082,0.0128911535616545,0.0174184110595678,0.0460897581651958,0.0066126812405978,-2.733173032646753,1.1882122359145808,0.0,1.713878291616265,0.0160718390870813,1.2467339722713315,0.0,0.0,0.046274242353364,0.2116178630276805,0.0171595257423702,0.9834113357974544,0.0,4.04952074907271,0.0995183688960629,0.0277439092864262,-3.2634975072277963,926298000.0,1402530000.0,-496897000.0,1996644000.0,3196526000.0,790846500.0,0.0,65.1064204924658,21.625862473422973,0.0,1.3823521446769589,4.161683729867661,0.0,0.1844242426842505,0.1329700023028222,2006-01-05,0.34,bmo,4275779764.0,2025-04-25,2005-11-30,0.0588235294117645,31.48725806451613,3218454.983870968
2005-08-31,ACN,USD,1467373,2005-08-31,2005-08-30 20:00:00,2005,Q4,4309054000.0,3015860000.0,1293194000.0,0.3001108828,0,0.0,0.0,778395000.0,0.0,778395000.0,3794255000.0,0.0,0.0,75084000.0,589883000.0,0.1368938519,509188000.0,0.1181670037,33281000.0,542469000.0,0.1258905087,179738000.0,229135000.0,0.0531752445,0.39,0.25,586267569,913640289,,,7.349978453268323,0.3908369012989016,0.9674046970863572,0.74351545787108,5.027482596432006,4.567663540672501,3.922074359190761,2.8944360727550325,0.1282486086144055,14304928683.599998,11896126683.599998,15.607533423091189,3.319737623060653,25.22212273052659,32.81707157759022,8.429966800674636,8.429966800674636,2.7607281513761484,20.16692578629999,20.974978195846656,27.291016229906464,0.0160179057909385,0.0304719449947163,0.0443086685595145,0.0083939985835099,-4.083525038016013,1.35572636146703,0.0,2.475213302201759,0.0,0.0,0.0,0.0,0.0422544519853635,0.2314328635054076,0.0304612102795648,1.748162058494486,0.0,5.045114426638421,0.083917348019382,0.0267092472849552,-1.7092353440413484,1754134000.0,2299385000.0,405788000.0,2826332000.0,3216133000.0,805097500.0,0.0,64.8855108337004,24.092142871353445,0.0,1.3870585103455113,3.735657740391941,0.0,0.1350304140339463,0.2238892392152771,2005-10-06,0.36,bmo,4069662111.0,2025-04-25,2005-08-31,0.0555555555555556,27.199682539682534,2278471.4603174604
2005-05-31,ACN,USD,1467373,2005-05-31,2005-05-30 20:00:00,2005,Q3,4497610000.0,3088093000.0,1409517000.0,0.3133924462,0,0.0,0.0,803668000.0,0.0,803668000.0,3891761000.0,0.0,0.0,85083000.0,690932000.0,0.1536220348,671948000.0,0.1494011264,16455000.0,688403000.0,0.1530597362,202392000.0,305280000.0,0.0678760497,0.52,0.51,587277097,952292398,,,7.658412056208621,0.5198227575355284,1.0113045494774335,0.8915995578148691,5.441090783759953,4.861519399589322,4.46084312394018,3.015843813844489,0.1217721589439065,13671810818.16,10970293818.16,11.196123901139938,3.0397946505277247,23.01977185016063,26.110376340982704,7.719232638351883,7.719232638351883,2.439138524274003,15.877530376592777,18.471120188982955,20.95102865107254,0.0223291562515261,0.0382989500779583,0.0403774752475247,0.0078758801638038,-3.9099607486699126,1.4081236777907098,0.0,1.945479559748428,0.0,0.0,0.0,0.0,0.0259146126574427,0.1183669071047084,0.0156305237670674,0.8262520127405004,0.0,5.939136769868574,0.1160620603205158,0.0345151173229076,-0.9116671716554272,2048205000.0,2619751000.0,841725000.0,2952599000.0,3300669000.0,768936500.0,0.0,66.54840459710823,23.39923700484409,0.0,1.3523990626803215,3.846279260360852,0.0,0.1723639517236395,0.1197049916625643,2005-07-07,0.43,bmo,4393014418.0,2025-04-25,2005-05-31,0.0232558139534883,24.87953125,2523318.828125
2005-02-28,ACN,USD,1467373,2005-02-28,2005-02-27 19:00:00,2005,Q2,4216384000.0,3041812000.0,1174572000.0,0.2785732988,0,0.0,0.0,738397000.0,0.0,738397000.0,3780209000.0,0.0,0.0,68971000.0,505146000.0,0.1198055016,471952000.0,0.111932879,19010000.0,490962000.0,0.1164414816,150350000.0,209786000.0,0.0497549559,0.35,0.35,591694862,979750161,,,7.125943236600219,0.3545509915210316,1.3298915548129264,1.2262638170415616,5.858862773089282,5.217398693585411,4.806839103497235,3.1893144950107746,0.1391612557217034,15117803724.1,12139941724.1,18.01574428715453,3.5854902504373416,19.21209282631626,20.835646983078224,8.011125914352226,8.011125914352226,2.879230573899341,24.03254054095252,15.427749398391136,16.731500472867,0.0138767511358525,0.0479946699429182,0.0436335945982753,0.0088132739951956,-5.89505212354448,1.4826815410179977,0.0,3.7509176017465418,0.0,0.0,0.0,0.0,0.0260013043144594,0.0779219458882436,0.0145423187261881,0.8890113235997739,0.0,5.04404885689716,0.0738459106548345,0.0230536269962141,-0.561620982945091,2391479000.0,2844182000.0,1090317000.0,3291849000.0,3295022000.0,734053500.0,0.0,69.92049348446442,21.746758182293977,0.0,1.2871762700015417,4.138547881278104,0.0,0.1111684006314447,0.103627737771365,2005-04-07,0.32,bmo,4216384000.0,2025-04-25,2005-02-28,0.0,22.900625,3222470.359375
2004-11-30,ACN,USD,1467373,2004-11-30,2004-11-29 19:00:00,2005,Q1,4071372000.0,2841456000.0,1229916000.0,0.302088829,0,0.0,0.0,764758000.0,0.0,764758000.0,3606214000.0,0.0,0.0,52935000.0,518093000.0,0.1272526804,458150000.0,0.1125296337,26018000.0,484168000.0,0.1189201085,164617000.0,196273000.0,0.0482080733,0.33,0.32,590029649,980298997,,,6.90028375167296,0.3326493852175893,-0.1031863400478032,-0.1962274272084927,4.85608817261317,4.854928908835223,4.4649332528711625,2.973906485841697,0.0677898137284962,15305369095.06,13071845095.06,19.495000706999942,3.7592656959521262,-251.38986408455563,-132.1935489295215,8.722533853534493,8.722533853534493,3.2106732312989337,25.230692356507426,-214.704352529606,-112.90244511193644,0.0128238005095446,-0.0075646656595409,0.022794870669684,0.0044879946311923,-4.311048402506886,1.4503704340839216,0.0,-0.3101954930122839,0.0,0.0,0.0,0.0,0.0258194898892206,-0.9016802719971092,0.0134836610361322,1.0370643241711532,0.0,4.717895049142302,0.0722702389890202,0.0226065961830485,-1.1807266824315128,2146783000.0,2634443000.0,865819000.0,3033418000.0,3013220000.0,628521500.0,0.0,73.26579590369046,23.220517931651944,0.0,1.2284040443416058,3.875882539093617,0.0,0.1118560340754764,0.0930410871606894,2005-01-06,0.31,bmo,3940037419.0,2025-04-25,2004-11-30,0.032258064516129,25.225573770491803,2757513.1639344264
2004-08-31,ACN,USD,1467373,2004-08-31,2004-08-30 20:00:00,2004,Q4,3806549000.0,2697464000.0,1109085000.0,0.2913623337,0,0.0,0.0,732270000.0,0.0,732270000.0,3429734000.0,0.0,0.0,59122000.0,469034000.0,0.1232176441,370900000.0,0.0974373376,11387000.0,382287000.0,0.1004287611,82676000.0,182990000.0,0.0480724141,0.31,0.19,590029649,980298997,,,6.451453764148045,0.3101369572022981,0.6666020947703257,0.4935684172711802,4.810344708626667,4.0892334886716855,3.725722942441491,2.494461087666461,0.1167331169149433,15399773838.900002,12915691838.900002,21.039092080031697,4.045599791018059,39.153792351931656,52.88020685014766,10.46318185881835,10.46318185881835,3.393018673580716,27.53679229842613,32.83803526155881,44.35029132236797,0.0118826420384022,0.0189106673283977,0.0467969283995309,0.0085950131054108,-5.296166162794169,1.3972437001412676,0.0,2.1493797475271874,0.0,0.0,0.0,0.0,0.026765137360978,0.2595756581874578,0.0268208815911735,1.726852948141132,0.0,4.172116113046142,0.0795005566836049,0.0234632585041009,-1.2345282160558002,1745405000.0,2198287000.0,538479000.0,2603833000.0,2675494500.0,526960000.0,0.0,64.12298646359208,17.480785656453616,0.0,1.4035528437388116,5.148510013723181,0.0,0.1243302446110424,0.1730336774991454,2004-10-13,0.28,bmo,3534652642.0,2025-04-25,2004-08-31,0.0714285714285712,25.7534375,3117203.15625
2004-05-31,ACN,USD,1467373,2004-05-31,2004-05-30 20:00:00,2004,Q3,4050241000.0,2743366000.0,1306875000.0,0.3226659846,0,0.0,0.0,731782000.0,0.0,731782000.0,3475148000.0,0.0,0.0,55139000.0,630232000.0,0.1556035801,573157000.0,0.1415118261,-7405000.0,565752000.0,0.1396835398,196883000.0,210409000.0,0.0519497482,0.38,0.37,558330780,1000536090,,,7.254196159488108,0.3768536637009337,0.6737045734788256,0.532836466583483,6.878334739130807,5.696866649551365,5.319219549386118,3.317665918400558,1.0504507740017486,14159268580.8,11231120580.8,16.82350633860719,3.4959076708768686,37.64261220470557,47.59434008450448,7.643928178345943,7.643928178345943,2.7729511850776287,17.82061301362038,29.858090072577426,37.75179271459736,0.014860160240573,0.0210109016791594,0.3166234334131416,0.0676319037704187,-4.646143007654324,1.6161999289374276,0.0,1.7877087006734502,0.0,0.0,0.0,0.0,0.0243143162627734,0.2090947760202047,0.0194188444588852,1.426413246522425,0.0,5.30388324875387,0.0839501693129575,0.0248678773243497,0.5881370179877957,2636054000.0,2969884000.0,1422782000.0,3455428000.0,2572187500.0,521829000.0,0.0,58.63891062284936,17.38703840464597,0.0,1.5348170531143943,5.176269696163505,0.0,0.1135899975976527,0.1408681068953425,2004-07-07,0.37,bmo,4050241000.0,2025-04-25,2004-05-31,0.0,25.87703125,2368715.625
2004-02-29,ACN,USD,1467373,2004-02-29,2004-02-28 19:00:00,2004,Q2,3682304000.0,2592642000.0,1089662000.0,0.2959185336,0,0.0,0.0,674795000.0,0.0,674795000.0,3267437000.0,0.0,0.0,80110000.0,494977000.0,0.1344204607,307429000.0,0.0834882182,29952000.0,337381000.0,0.0916222561,117408000.0,123089000.0,0.0334271695,0.23,0.22,544052062,998003396,,,6.768293435858718,0.2262448919824147,1.5818283949450411,1.4816504821922722,5.476521840661639,3.8695690119450368,3.483802621815998,2.1411498666464017,0.0948420263500444,12556721590.96,9754705590.96,25.503338216575,3.4100176386740477,14.590710391693207,15.577223020810202,10.779254810476806,10.779254810476806,2.649076662589509,19.707391638318548,11.334812451077564,12.10118607727377,0.0098026383007978,0.0641962947223688,0.0442949033262168,0.0068624844510511,-5.660901415621332,1.4541252314317,0.0,6.991664567914273,0.0,0.0,0.0,0.0,0.0279128984889872,0.0633304554861334,0.014801059336763,0.6803395331419299,0.0,3.301445888803189,0.0570814477827311,0.0168404677991331,-1.020374314839009,1837150000.0,1895370000.0,468870000.0,2653639000.0,2497915500.0,505239000.0,0.0,61.23666867265712,17.831312614699602,0.0,1.4697076433255756,5.047300888315238,0.0,0.1056651360592395,0.1001779127527688,2004-03-30,0.25,bmo,3093135360.0,2025-04-25,2004-02-29,0.1599999999999999,24.925806451612903,3064525.8870967743
2003-11-30,ACN,USD,1467373,2003-11-30,2003-11-29 19:00:00,2004,Q1,3574488000.0,2463793000.0,1110695000.0,0.3107284176,0,0.0,0.0,689953000.0,0.0,689953000.0,3153746000.0,0.0,0.0,62709000.0,483451000.0,0.1352504191,507140000.0,0.1418776619,6010000.0,513150000.0,0.1435590216,178576000.0,174340000.0,0.0487734187,0.34,0.33,519417011,1019952588,,,6.881730717902884,0.3356455339503696,0.2423621046943339,0.1523804540933681,4.485126498870096,3.6284583679143294,3.244071650167807,2.0022236044941546,0.0961520299534433,13162027058.74,10882319058.74,18.874078035361936,3.682213245292752,104.55429916305891,166.29429378438135,12.65592910957712,12.65592910957712,3.0444413462123805,22.50966294151837,86.44513777228785,137.49155464680538,0.0132456801085386,0.0060134354417272,0.0480226233162081,0.0074505472407032,-4.715489263648229,1.5221556285796176,0.0,0.7220775496156935,0.0,0.0,0.0,0.0,0.0297850331465288,0.3712694718279091,0.0130754390558871,0.7453156644181856,0.0,3.888552654062392,0.1005378075968426,0.0268066545820943,-1.195877275571169,1801757000.0,1685026000.0,433787000.0,2632436000.0,2367516000.0,535005000.0,0.0,62.703458509302585,18.14795723504369,0.0,1.435327526417825,4.9592358431509895,0.0,0.167636388461801,0.0899816506009657,2004-01-13,0.28,bmo,3702148285.0,2025-04-25,2003-11-30,-0.0357142857142857,23.695483870967745,3258504.983870968
2003-08-31,ACN,USD,1467373,2003-08-31,2003-08-30 20:00:00,2003,Q4,3462341000.0,2423413000.0,1038928000.0,0.3000651871,0,0.0,0.0,688833000.0,0.0,688833000.0,3112246000.0,0.0,0.0,57747000.0,407842000.0,0.1177937124,350095000.0,0.1011151126,431642000.0,781737000.0,0.2257827868,112752000.0,120505000.0,0.0348044863,0.23,0.12,519417011,1019952588,,,6.665821347156457,0.2320004879470533,0.8359930283453886,0.6862020158211568,4.489958839642239,3.380012519459052,3.0167995402830576,1.6009140678682932,0.1157393745812456,11608970195.85,9336926195.85,24.084001070183813,3.352925143956069,26.734672709215644,32.57058342105633,13.960774315488576,13.960774315488576,2.69670901735271,22.89348864474477,21.502309140683835,26.19604740366136,0.010380335031188,0.0307025510434522,0.0722958070668709,0.0093071321084214,-5.570892649604504,1.5225874257138738,0.0,3.603410646861126,0.0,0.0,0.0,0.0,0.0292076157566524,0.1791773465153179,0.0224715012183953,1.3473254021853949,0.0,2.8908111336442905,0.0937104994906401,0.0192175174836271,-1.324450269111421,1728888000.0,1566977000.0,333607000.0,2568002000.0,2323030500.0,503662000.0,0.0,58.347840377363184,21.28737033266719,0.0,1.542473541744258,4.227858988382784,0.0,0.1449175146895767,0.1497910125242317,2003-10-09,0.25,bmo,3462341000.0,2025-04-25,2003-08-31,0.0,24.1846875,2403372.0
2003-05-31,ACN,USD,1467373,2003-05-31,2003-05-30 20:00:00,2003,Q3,3418429000.0,2312668000.0,1105761000.0,0.3234705182,0,0.0,0.0,701639000.0,0.0,701639000.0,3014307000.0,0.0,0.0,56423000.0,460545000.0,0.1347241672,404122000.0,0.118218632,-136405000.0,267717000.0,0.0783157995,135576000.0,132141000.0,0.038655476,0.28,0.28,466294836,985618380,,,7.331046231015949,0.2833850812793475,1.0015272826225337,0.8840179392422008,4.208054322094187,3.300244568867582,2.894855134102321,1.5592945575747272,0.1476362050039945,8169485526.72,6276133526.72,15.456000648398302,2.389836245456612,17.49328281314841,19.81860234082865,11.235850157298056,11.235850157298056,1.8359701274240303,13.627622765896929,13.4390566452323,15.225462386484658,0.0161749475616065,0.0504576449339155,0.0946814085169531,0.0108119619795618,-4.11111183489127,1.4233200252803393,0.0,3.534156696256272,0.0,0.0,0.0,0.0,0.0296882133720483,0.1173301470855897,0.0160290004560574,0.9711287949949488,0.0,3.1531441984275093,0.0680968983845799,0.0213883515134564,-2.2841369188999554,1478921000.0,1349856000.0,144225000.0,2332651000.0,2363638000.0,398572500.0,0.0,63.22359481504515,16.894370484652356,0.0,1.4235191824078774,5.327218322917698,0.0,0.1817392871043652,0.1175093433803328,2003-07-15,0.25,bmo,3008217519.0,2025-04-25,2003-05-31,0.1200000000000001,20.77296875,2903156.453125
2003-02-28,ACN,USD,1467373,2003-02-28,2003-02-27 19:00:00,2003,Q2,3189023000.0,2179533000.0,1009490000.0,0.3165514956,0,0.0,0.0,641669000.0,0.0,641669000.0,2821202000.0,0.0,0.0,62182000.0,430003000.0,0.1348384756,367821000.0,0.1153397138,35164000.0,402985000.0,0.1263662884,153134000.0,118721000.0,0.0372280162,0.25,0.25,467077408,997771990,,,6.827611323902868,0.2541784251744413,0.8854313929908595,0.7568381470507775,3.606631301679229,2.744476564364252,2.361165368118169,1.2764800647347945,0.126135409229641,7164967438.72,5539306438.72,15.08782658232326,2.24675941149374,17.324888321593946,20.26853437525106,12.017422303564988,12.017422303564988,1.7369916863942343,12.882018122478216,13.394040691838043,15.669802260581273,0.0165696496202373,0.0493375584778864,0.0988150247813288,0.0100683671437812,-3.780580600600461,1.3645887032617343,0.0,3.483503339762973,0.0,0.0,0.0,0.0,0.030596625306866,0.1452323093105074,0.0188342950176276,0.9659226142613618,0.0,2.7018897246130025,0.087477063838834,0.0209293711951025,-2.442044360235895,1203006000.0,1102847000.0,-66981000.0,2047988000.0,2308339000.0,370918500.0,0.0,65.64062723912622,14.99035802623773,0.0,1.371102071772312,6.003859270237066,0.0,0.1991244769084977,0.1285932459400819,2003-04-14,0.24,bmo,3056147041.0,2025-04-25,2003-02-28,0.0416666666666667,16.550476190476193,2161774.6666666665
2002-11-30,ACN,USD,1467373,2002-11-30,2002-11-29 19:00:00,2003,Q1,3327447000.0,2171686000.0,1155761000.0,0.3473416707,0,0.0,0.0,726564000.0,0.0,726564000.0,2898250000.0,0.0,0.0,60853000.0,490050000.0,0.1472750731,429197000.0,0.1289868779,4057000.0,433254000.0,0.130206131,164637000.0,126871000.0,0.0381286314,0.27,0.27,468119491,1000572365,,,7.108114624520089,0.271022682112589,0.4236247449905904,0.3832418932541307,3.148006071808704,2.684267637127718,2.322548026525133,1.2444685837702067,0.1317655025819038,9011300201.75,7599339201.75,17.75681637598427,2.7081724222053727,45.44116043180523,50.229372985680286,15.468449948074015,15.468449948074015,2.28383478437072,15.507273138965411,38.32108398468032,42.35904194327854,0.0140791003694851,0.0199086697794353,0.1058809393023894,0.0109210030566485,-2.881259055198449,1.3366024484441403,0.0,1.5630601161810027,0.0,0.0,0.0,0.0,0.029980085042252,0.0953269425688452,0.0056812324884513,0.3106502555338274,0.0,2.7547744555608857,0.1061450729986057,0.0231571865380908,-2.562847249613881,1076630000.0,1087230000.0,-116307000.0,1904080000.0,2217569500.0,414511500.0,0.0,61.96088172103117,15.699023707847267,0.0,1.4525293620773574,5.732840568615287,0.0,0.2177818593792914,0.0403828517364597,2003-01-09,0.26,bmo,3199468269.0,2025-04-25,2002-11-30,0.0384615384615384,16.006065573770492,2012386.8852459013
2002-08-31,ACN,USD,1467373,2002-08-31,2002-08-30 20:00:00,2002,Q4,3084605000.0,2022697000.0,1061908000.0,0.3442606104,0,0.0,0.0,803455000.0,0.0,803455000.0,2826152000.0,0.0,0.0,69624000.0,328077000.0,0.1063594853,147929000.0,0.0479571939,-14619000.0,133310000.0,0.0432178512,55536000.0,38147000.0,0.0123668995,0.081,0.038,468119491,1000572365,,,6.589353913486161,0.0814898775492345,1.1040642612336773,0.8745758462768216,2.8133329744221225,2.0465330293200714,1.6884983753005065,0.936995806483093,0.1421154241150792,7700565626.95,6450116626.95,50.466390718470656,2.496451126465139,14.899495054408185,18.80911766547144,17.556108454469182,17.556108454469182,2.091067292878667,19.660374323558187,12.480054769906776,15.754817044571892,0.0049537919482817,0.0531657049408402,0.1516713555511985,0.0121422944696682,-3.811449751125498,1.2179848166340153,0.0,13.548483498047029,0.0,0.0,0.0,0.0,0.030590361507355,0.2078578421698262,0.0348271496674614,1.542973687234287,0.0,1.3107260028416328,0.0389631660439955,0.0071821732536673,-3.408727965142558,725249000.0,790419000.0,-468615000.0,1609356000.0,2254010000.0,405764500.0,0.0,62.56585851348876,20.032026546734382,0.0,1.4384842170845722,4.492805547657971,0.0,0.0869693087049103,0.2294884149568555,2002-10-10,0.16,bmo,3084605000.0,2025-04-25,2002-08-31,0.0,17.064687499999998,2375764.09375
2002-05-31,ACN,USD,1467373,2002-05-31,2002-05-30 20:00:00,2002,Q3,3350660000.0,2122904000.0,1227756000.0,0.3664221377,0,0.0,0.0,792770000.0,0.0,792770000.0,2915674000.0,0.0,0.0,74146000.0,509132000.0,0.1519497651,434986000.0,0.1298209905,6625000.0,441611000.0,0.1317982129,167813000.0,114461000.0,0.0341607325,0.28,0.27,414463440,1027990942,,,8.084331877378618,0.2761666988046038,0.7013212070044104,0.5454859902721456,2.6865964341752315,2.580268599807018,2.2100984347376937,1.1940208767267868,0.2415170804932758,8641562724.0,7628166724.0,18.87446974078507,2.579062848513427,29.729601488963507,38.222796500415775,17.46200623992176,17.46200623992176,2.2766161663672237,14.982689605053306,26.243211330984757,33.7404094230463,0.0132454052184462,0.026162397614971,0.2022720751377107,0.0184177920655195,-1.9904386288820977,1.342988879597808,0.0,2.539485064781891,0.0,0.0,0.0,0.0,0.0282287162265347,0.2222023449111025,0.0192762023004423,0.8710921695034122,0.0,2.7238480291972698,0.1079982861833218,0.0216718987265078,-3.569149549113427,1040619000.0,916005000.0,-290943000.0,1926574000.0,2357748500.0,385499500.0,0.0,63.48923495669511,15.318116127719389,0.0,1.4175631516333034,5.875396115919086,0.0,0.2312913485748002,0.1558352167322647,2002-07-12,0.26,bmo,3221788461.0,2025-04-25,2002-05-31,0.0384615384615384,16.02078125,2686915.75
2002-02-28,ACN,USD,1467373,2002-02-28,2002-02-27 19:00:00,2002,Q2,3410102000.0,2204921000.0,1205181000.0,0.3534149418,0,0.0,0.0,816902000.0,0.0,816902000.0,3021823000.0,0.0,0.0,72522000.0,460801000.0,0.1351282161,388279000.0,0.1138614036,-232611000.0,155668000.0,0.0456490744,145057000.0,10611000.0,0.0031116371,0.03,0.02,409576609,1035794758,,,8.325919803686835,0.0259072412018529,1.10666964382236,0.9876247595965618,2.76244046934819,2.024917882944824,1.6503310617526012,0.6389940105197756,0.402664596502873,10726811389.71,9760302389.71,252.7285691666667,3.145598398437936,23.665598985386065,26.51816871288084,40.98629966608971,40.98629966608971,2.862173151920383,21.181165817153172,21.533277125815747,24.128824126370805,0.0009892035586809,0.0377099946390439,0.63015394490996,0.0317214424887528,-2.09745421559415,1.2831924468624911,0.0,42.71661483366318,0.0,0.0,0.0,0.0,0.0295095084313156,0.1075703891313268,0.0142981060390568,0.6723201235487163,0.0,0.6103096501237639,0.0112512357297148,0.0021030004471179,-3.599849741419193,851669000.0,675937000.0,-510656000.0,1752288000.0,2451474000.0,385201000.0,0.0,62.06966536484832,16.722150135991267,0.0,1.449983650966634,5.382083001772124,0.0,0.0405437934868579,0.1190448842257981,2002-04-11,0.22,bmo,3255097363.0,2025-04-25,2002-02-28,0.0454545454545455,21.524375,3427959.40625
2001-11-30,ACN,USD,1467373,2001-11-30,2001-11-29 19:00:00,2002,Q1,3408510000.0,2226061000.0,1182449000.0,0.3469108203,0,0.0,0.0,768192000.0,0.0,768192000.0,2994253000.0,0.0,0.0,69069000.0,483326000.0,0.1417997894,414257000.0,0.1215360964,-209916000.0,204341000.0,0.0599502422,122665000.0,81676000.0,0.0239623765,0.2,0.2,410488771,1014448500,,,8.303540171626278,0.198972556060492,-0.4808657725743245,-0.5833216811672541,2.751639215972609,2.1416907406707115,2.1416907406707115,0.8593462840424446,0.5427773321477776,9277046224.6,8370333224.6,28.395875852759687,2.721730675456431,-46.998562361821776,-38.7436310523832,26.299060599514675,26.299060599514675,2.455716199923134,17.31819356831621,-42.40505205228229,-34.95693504032208,0.0088040954009067,-0.0258106938569581,0.6316165464689073,0.0410875009750729,-1.8759863942763269,1.2120764806681272,0.0,-2.4167442088251136,0.0,0.0,0.0,0.0,0.0,-0.2130655048381377,0.01233882253536,0.6089128263041307,0.0,1.961426101139868,0.0726128975621335,0.0150619500980236,-3.655809503251917,712746000.0,879140000.0,-469988000.0,1499867000.0,,,,67.3612311537886,14.584128646968791,0.0,1.3360800932293846,6.171092026036527,0.0,0.2315394384723545,0.1024559085929295,2002-01-09,0.24,bmo,3266488749.0,2025-04-25,2001-11-30,0.0416666666666667,26.7345,1813500.0166666664
