date,symbol,reportedCurrency,cik,fillingDate,acceptedDate,calendarYear,period,revenue,costOfRevenue,grossProfit,grossProfitRatio,researchAndDevelopmentExpenses,generalAndAdministrativeExpenses,sellingAndMarketingExpenses,sellingGeneralAndAdministrativeExpenses,otherExpenses,operatingExpenses,costAndExpenses,interestIncome,interestExpense,depreciationAndAmortization,ebitda,ebitdaratio,operatingIncome,operatingIncomeRatio,totalOtherIncomeExpensesNet,incomeBeforeTax,incomeBeforeTaxRatio,incomeTaxExpense,netIncome,netIncomeRatio,eps,epsdiluted,weightedAverageShsOut,weightedAverageShsOutDil,link,finalLink,revenuePerShare,netIncomePerShare,operatingCashFlowPerShare,freeCashFlowPerShare,cashPerShare,bookValuePerShare,tangibleBookValuePerShare,shareholdersEquityPerShare,interestDebtPerShare,marketCap,enterpriseValue,peRatio,priceToSalesRatio,pocfratio,pfcfRatio,pbRatio,ptbRatio,evToSales,enterpriseValueOverEBITDA,evToOperatingCashFlow,evToFreeCashFlow,earningsYield,freeCashFlowYield,debtToEquity,debtToAssets,netDebtToEBITDA,currentRatio,interestCoverage,incomeQuality,dividendYield,payoutRatio,salesGeneralAndAdministrativeToRevenue,researchAndDdevelopementToRevenue,intangiblesToTotalAssets,capexToOperatingCashFlow,capexToRevenue,capexToDepreciation,stockBasedCompensationToRevenue,grahamNumber,roic,returnOnTangibleAssets,grahamNetNet,workingCapital,tangibleAssetValue,netCurrentAssetValue,investedCapital,averageReceivables,averagePayables,averageInventory,daysSalesOutstanding,daysPayablesOutstanding,daysOfInventoryOnHand,receivablesTurnover,payablesTurnover,inventoryTurnover,roe,capexPerShare,report_date,epsEstimated,time,revenueEstimated,updatedFromDate,fiscalDateEnding,surprise(%),QuarterAvgPrice,QuarterAvgVolume
2024-12-31,ADM,USD,7084,2025-02-20,2025-02-20 16:01:46,2024,Q4,21498000000.0,20140000000.0,1358000000.0,0.0631686669,0,0.0,0.0,943000000.0,0.0,943000000.0,21083000000.0,162000000.0,179000000.0,287000000.0,1133000000.0,0.052702577,415000000.0,0.0193041213,252000000.0,667000000.0,0.031026142,106000000.0,567000000.0,0.0263745465,1.19,1.17,478000000,484000000,https://www.sec.gov/Archives/edgar/data/7084/000000708425000011/0000007084-25-000011-index.htm,https://www.sec.gov/Archives/edgar/data/7084/000000708425000011/adm-20241231.htm,44.97489539748954,1.1861924686192469,0.6527196652719666,-0.3765690376569037,1.792887029288703,46.92677824267783,32.76569037656904,46.37656903765691,24.51255230125523,24148560000.0,35075560000.0,10.647513227513228,1.1232933296120569,77.39923076923077,-134.15866666666668,1.08934319740166,1.08934319740166,1.6315731695971718,30.95812886142983,112.42166666666668,-194.86422222222225,0.0234796608990349,-0.0074538606028682,0.5204799711295561,0.2165906403108633,9.644307149161518,1.3902096499147356,2.3184357541899443,0.5502645502645502,0.0099798911405069,0.4250440917107583,0.0,0.0,0.1270672598599613,1.5769230769230769,0.0228858498464973,1.7142857142857142,0.0,35.1818075223482,0.0096331615612958,0.0121930239559588,-41.28556485355649,7780000000.0,15662000000.0,-3122000000.0,26744000000.0,5924000000.0,5223000000.0,11159000000.0,24.90929388780352,24.734359483614696,51.71201588877855,3.613109243697479,3.6386630532972,1.7404078810922918,0.0255774088776614,1.0292887029288702,2025-02-04,1.14,bmo,22772682780.0,2025-05-04,2024-12-31,0.0,54.10125,2930417.265625
2024-09-30,ADM,USD,7084,2024-11-18,2024-11-18 16:05:08,2024,Q3,19937000000.0,18572000000.0,1365000000.0,0.0684656669,0,0.0,0.0,905000000.0,0.0,905000000.0,19477000000.0,137000000.0,174000000.0,288000000.0,570000000.0,0.0285900587,460000000.0,0.0230726789,-352000000.0,108000000.0,0.0054170638,90000000.0,18000000.0,0.000902844,0.04,0.04,482000000,483000000,https://www.sec.gov/Archives/edgar/data/7084/000000708424000054/0000007084-24-000054-index.htm,https://www.sec.gov/Archives/edgar/data/7084/000000708424000054/adm-20240930.htm,41.36307053941909,0.0373443983402489,2.6970954356846475,1.9066390041493777,1.6265560165975104,46.197095435684645,31.676348547717843,45.58921161825726,23.906639004149376,28794680000.0,39359680000.0,399.9261111111112,1.444283493002959,22.14975384615385,31.332622415669206,1.3103977427869302,1.3103977427869302,1.974202738626674,69.0520701754386,30.276676923076923,42.82881392818281,0.0006251154727192,0.0319156177460558,0.5164740147446982,0.2174179581984329,18.535087719298247,1.401147187286218,2.6436781609195403,72.22222222222223,0.0083696016069635,13.38888888888889,0.0,0.0,0.1340830284105059,0.293076923076923,0.0191101971209309,1.3229166666666667,-0.0005015799769273,6.189207362055933,0.0021327102110455,0.0003982300884955,-40.148340248962654,7623000000.0,15268000000.0,-3306000000.0,26741000000.0,6140500000.0,4973000000.0,10594500000.0,26.624868335256057,23.79872926986862,52.07516691794099,3.3802984062394037,3.781714518428019,1.7282709845523916,0.0008191499044325,0.7904564315352697,2024-11-18,1.19,bmo,21479479777.0,2025-04-23,2024-09-30,-0.084033613445378,60.9575,2823329.421875
2024-06-30,ADM,USD,7084,2024-11-18,2024-11-18 16:03:43,2024,Q2,22248000000.0,20852000000.0,1396000000.0,0.0627472132,0,0.0,0.0,907000000.0,0.0,907000000.0,21759000000.0,140000000.0,187000000.0,286000000.0,1069000000.0,0.0480492629,489000000.0,0.0219795038,107000000.0,596000000.0,0.0267889248,115000000.0,486000000.0,0.0218446602,0.98,0.98,495918367,495918367,https://www.sec.gov/Archives/edgar/data/7084/000000708424000053/0000007084-24-000053-index.htm,https://www.sec.gov/Archives/edgar/data/7084/000000708424000053/adm-20240630.htm,44.862222253607314,0.9800000006855968,0.9477366261774288,0.2177777779301326,1.540576132765012,45.2917284267473,31.236995906626703,44.660576162931264,24.32456791825176,30072489774.88,41184489774.880005,15.469387744279835,1.3516940747428985,63.98402079761702,278.448979397037,1.3577970821238938,1.3577970821238938,1.8511547004171165,38.5261831383349,87.62657398910639,381.337868285926,0.0161609498793798,0.0035913221954177,0.5362109445548131,0.2253595961896087,10.394761459307764,1.4430528794690645,2.614973262032086,0.9670781893004116,0.0081802338895626,0.5061728395061729,0.0,0.0,0.1322630839880071,0.7702127659574468,0.0162711254944264,1.2657342657342658,0.0008090614886731,31.380976802540182,0.0107750224745907,0.0106280615815255,-39.24889920441281,8278000000.0,15491000000.0,-3275000000.0,27169000000.0,6425000000.0,5317000000.0,11038500000.0,25.82119741100324,21.731728371379244,45.07337425666603,3.485508381638728,4.141410129096326,1.9967442305850809,0.0219432905905725,0.7299588482472963,2024-07-30,1.22,bmo,23116289896.0,2025-04-23,2024-06-30,-0.1557377049180327,61.29523809523809,4087148.8095238097
2024-03-31,ADM,USD,7084,2024-04-30,2024-04-30 16:01:53,2024,Q1,21847000000.0,20188000000.0,1659000000.0,0.0759371996,0,0.0,0.0,951000000.0,0.0,951000000.0,21139000000.0,123000000.0,166000000.0,280000000.0,1331000000.0,0.0609236966,708000000.0,0.0324071955,177000000.0,885000000.0,0.0405089944,166000000.0,729000000.0,0.0333684259,1.45,1.42,502000000,514000000,https://www.sec.gov/Archives/edgar/data/7084/000000708424000017/0000007084-24-000017-index.htm,https://www.sec.gov/Archives/edgar/data/7084/000000708424000017/adm-20240331.htm,43.5199203187251,1.452191235059761,1.3944223107569722,0.7410358565737052,1.653386454183267,46.89043824701195,32.844621513944226,46.25298804780876,22.81673306772908,31299700000.0,41757700000.0,10.73377914951989,1.4326772554584153,44.71385714285714,84.13897849462366,1.348021017270339,1.348021017270339,1.9113699821485788,31.373178061607813,59.65385714285714,112.2518817204301,0.0232909580603008,0.0118850979402358,0.4861535811189112,0.2058689427513632,7.857250187828701,1.4701469842878865,4.265060240963855,0.9602194787379972,0.0082109413189263,0.3525377229080932,0.0,0.0,0.1285951377870182,0.4685714285714286,0.0150135029981233,1.1714285714285717,0.0030210097496223,38.87523808753993,0.015489847579038,0.015257429886982,-39.43177290836653,9276000000.0,16488000000.0,-2286000000.0,28208000000.0,6481500000.0,5956000000.0,11795500000.0,26.64118643291985,24.960867842282543,51.86546463245492,3.378227926395547,3.605643864975888,1.7352587244283997,0.0313967009776476,0.6533864541832669,2024-04-30,1.36,bmo,22263716287.0,2025-04-23,2024-03-31,0.0735294117647057,58.7,6690827.295081968
2023-12-31,ADM,USD,7084,2024-03-12,2024-03-12 06:01:10,2023,Q4,22986000000.0,21925000000.0,1061000000.0,0.0461585313,256000000,0.0,0.0,908000000.0,55000000.0,908000000.0,22833000000.0,71000000.0,165000000.0,277000000.0,1176000000.0,0.0511615766,153000000.0,0.0066562255,-87000000.0,734000000.0,0.0319324806,192000000.0,565000000.0,0.0245801792,1.08,1.06,521242142,531000000,https://www.sec.gov/Archives/edgar/data/7084/000000708424000009/0000007084-24-000009-index.htm,https://www.sec.gov/Archives/edgar/data/7084/000000708424000009/adm-20231231.htm,44.09850652482354,1.0839491945760595,4.928611470559109,4.086392538844259,24.20755918081543,46.93595937221822,34.770787969020354,46.29710082037074,18.726421395144985,37644107495.24,41850107495.24,16.65668473240708,1.6376971850361088,14.653214283861423,17.673289903868543,1.5599248920619924,1.5599248920619924,1.8206781299591053,35.58682610139456,16.29042720717789,19.647937791192486,0.0150089891245646,0.0565825607704826,0.3976462787999337,0.1756511870549688,3.576530612244898,1.595059479155503,0.9272727272727272,4.546902654867257,0.0063489352226034,0.4230088495575221,0.0,0.0111372139563212,0.116069630795702,0.170883612300506,0.0190985817454102,1.584837545126354,0.0006090663882363,33.602579748771795,0.0031059299418522,0.0117001449575481,-12.849114567563111,11105000000.0,18124000000.0,-399000000.0,29165000000.0,6576000000.0,5782500000.0,11590500000.0,25.434612372748628,25.91425313568985,49.082326111744585,3.538485221674877,3.472992238238555,1.83365392657021,0.0234128957400961,0.8422189317148497,2024-03-12,1.43,bmo,23639400000.0,2025-04-23,2023-12-31,-0.0489510489510488,73.19619047619047,3095768.8571428573
2023-09-30,ADM,USD,7084,2023-10-24,2023-10-24 16:12:11,2023,Q3,21695000000.0,19885000000.0,1810000000.0,0.0834293616,0,0.0,0.0,815000000.0,35000000.0,815000000.0,20700000000.0,152000000.0,155000000.0,261000000.0,1260000000.0,0.0580778981,995000000.0,0.0458631021,36000000.0,1031000000.0,0.0475224706,207000000.0,821000000.0,0.0378428209,1.52,1.52,540000000,540000000,https://www.sec.gov/Archives/edgar/data/7084/000000708423000039/0000007084-23-000039-index.htm,https://www.sec.gov/Archives/edgar/data/7084/000000708423000039/adm-20230930.htm,40.17592592592592,1.5203703703703704,1.837037037037037,1.0203703703703704,17.105555555555554,47.37222222222222,35.535185185185185,46.71851851851852,17.87962962962963,40726800000.0,48728800000.0,12.401583434835567,1.87724360451717,41.05524193548387,73.91433756805807,1.6143491358807671,1.6143491358807671,2.246084351233003,38.67365079365079,49.12177419354839,88.43702359346642,0.020158716127955,0.0135291748922085,0.3765657206278738,0.1724356996351623,6.35079365079365,1.6858326429163215,6.419354838709677,1.203883495145631,0.0059911409686005,0.2971985383678441,0.0,0.0,0.1160219991650482,0.4445564516129032,0.0203272643466236,1.6896551724137931,0.0005531228393639,39.977026581788046,0.0212627789851501,0.0168579700622163,-17.909259259259258,12417000000.0,19189000000.0,1010000000.0,30168000000.0,6557500000.0,5165500000.0,11563000000.0,27.61189214104633,23.77068141815439,50.80010057832537,3.259465144230769,3.786176694592536,1.7716500356379188,0.0325432059616299,0.8166666666666667,2023-10-24,1.52,bmo,23678100000.0,2025-04-23,2023-09-30,0.0723684210526315,81.00603174603175,2770310.523809524
2023-06-30,ADM,USD,7084,2023-09-11,2023-09-11 17:01:47,2023,Q2,25190000000.0,23307000000.0,1883000000.0,0.0747518857,0,0.0,0.0,841000000.0,37000000.0,841000000.0,24148000000.0,142000000.0,180000000.0,262000000.0,1634000000.0,0.0648670107,1372000000.0,0.054466058,-240000000.0,1132000000.0,0.0449384676,204000000.0,927000000.0,0.0368003176,1.7,1.7,545000000,546000000,https://www.sec.gov/Archives/edgar/data/7084/000000708423000033/0000007084-23-000033-index.htm,https://www.sec.gov/Archives/edgar/data/7084/000000708423000033/adm-20230630.htm,46.22018348623853,1.7009174311926605,4.603669724770643,4.077064220183487,17.60183486238532,46.38348623853211,34.37981651376147,45.75963302752294,18.357798165137616,41180200000.0,49579200000.0,11.105771305285868,1.634783644303295,16.41299322439219,18.53294329432943,1.6512370183247125,1.6512370183247125,1.9682096069868995,30.342227662178704,19.76054204862495,22.31287128712871,0.0225108183058848,0.053957970092423,0.3939612654877902,0.1770302167606623,5.14014687882497,1.6332765595060676,7.622222222222222,2.7036637931034484,0.0059737446636976,0.2653721682847896,0.0,0.0,0.1178759977657255,0.114388202471104,0.0113934100833664,1.0954198473282444,0.0008336641524414,41.84794550373525,0.0300421783863824,0.0189349837612598,-18.03990825688073,11898000000.0,18737000000.0,466000000.0,29705000000.0,6669500000.0,5675000000.0,13336500000.0,23.0770146883684,19.6125627493886,45.959582957909646,3.8999845177272014,4.588895451860602,1.9582423122164343,0.0371706964994586,0.5266055045871559,2023-07-25,1.6,bmo,25900200000.0,2025-04-23,2023-06-30,0.1812499999999998,75.7033870967742,2780959.306451613
2023-03-31,ADM,USD,7084,2023-04-25,2023-04-25 16:05:27,2023,Q1,24072000000.0,21992000000.0,2080000000.0,0.0864074443,0,0.0,0.0,881000000.0,0.0,881000000.0,22873000000.0,134000000.0,147000000.0,259000000.0,1803000000.0,0.0749002991,1199000000.0,0.0498089066,198000000.0,1397000000.0,0.0580342306,225000000.0,1170000000.0,0.0486041874,2.13,2.12,550000000,551000000,https://www.sec.gov/Archives/edgar/data/7084/000000708423000017/0000007084-23-000017-index.htm,https://www.sec.gov/Archives/edgar/data/7084/000000708423000017/adm-20230331.htm,43.767272727272726,2.127272727272727,-2.9272727272727272,-3.521818181818182,1.6345454545454543,45.81272727272727,33.843636363636364,45.2,21.26727272727273,43813000000.0,54464000000.0,9.361752136752136,1.8200814223994684,-27.213043478260868,-22.618998451213216,1.7623893805309732,1.7623893805309732,2.2625456962446,30.207432057681643,-33.82857142857143,-28.117707795560143,0.026704402802821,-0.0442106224180037,0.4646017699115044,0.1964218904118907,5.907376594564615,1.5101187857457106,8.156462585034014,-1.376068376068376,0.005660420423162,0.2119658119658119,0.0,0.0,0.1119519744226386,-0.2031055900621118,0.0135842472582253,1.2625482625482625,0.002700232635427,46.5127548489268,0.0257129285219715,0.0224056377946724,-36.65545454545455,11595000000.0,18614000000.0,720000000.0,29274000000.0,7224500000.0,7037000000.0,14771000000.0,25.72283150548355,25.663423062931976,60.44879956347763,3.4988372093023257,3.506936692712486,1.4888633132489335,0.0470635559131134,0.5945454545454546,2023-04-25,1.78,bmo,24074900000.0,2025-04-23,2023-03-31,0.1741573033707864,81.67693548387098,3396532.7580645164
2022-12-31,ADM,USD,7084,2023-02-14,2023-02-14 16:09:23,2022,Q4,26231000000.0,24469000000.0,1762000000.0,0.0671724296,216000000,0.0,0.0,897000000.0,175000000.0,897000000.0,25366000000.0,117000000.0,134000000.0,254000000.0,1598000000.0,0.0609202852,1129000000.0,0.0430406771,84000000.0,1213000000.0,0.0462429949,189000000.0,1019000000.0,0.0388471656,1.86,1.84,547000000,554000000,https://www.sec.gov/Archives/edgar/data/7084/000000708423000010/0000007084-23-000010-index.htm,https://www.sec.gov/Archives/edgar/data/7084/000000708423000010/adm-20221231.htm,47.95429616087751,1.8628884826325407,0.2376599634369287,-0.6361974405850092,2.095063985374772,45.0018281535649,33.03839122486289,44.39488117001828,19.053016453382085,50788950000.0,60039950000.0,12.460488223748772,1.9362185963173344,390.6842307692308,-145.94525862068966,2.0914573381650468,2.0914573381650468,2.2888929129655757,37.571933667083854,461.8457692307693,-172.528591954023,0.0200634193067586,-0.0068518841204632,0.4236534343600724,0.1721149663733396,5.789111389236545,1.4637675168451076,8.425373134328359,0.126953125,0.004371029525123,0.2178606476938174,0.0,0.0082345316610117,0.1094790377087027,3.6769230769230767,0.0182227135831649,1.8818897637795275,0.0009149479623346,43.1371190326616,0.0255382693206589,0.0191433402216795,-38.29936014625228,11219000000.0,18072000000.0,252000000.0,28784000000.0,7356500000.0,7173000000.0,14026500000.0,25.9696542259159,28.700396419959947,54.32955985124034,3.465583300303871,3.135845187748302,1.65655676663733,0.0419617855378026,0.8738574040219378,2023-01-26,1.65,bmo,25279315199.0,2025-04-23,2022-12-31,0.1696969696969697,92.31777777777776,2593974.1428571427
2022-09-30,ADM,USD,7084,2022-10-25,2022-10-25 16:01:27,2022,Q3,24683000000.0,22872000000.0,1811000000.0,0.0733703359,0,0.0,0.0,818000000.0,32000000.0,818000000.0,23690000000.0,85000000.0,97000000.0,260000000.0,1260000000.0,0.0510472795,1320000000.0,0.0534781023,226000000.0,1230000000.0,0.0498318681,193000000.0,1031000000.0,0.041769639,1.84,1.83,561000000,563000000,https://www.sec.gov/Archives/edgar/data/7084/000000708422000029/0000007084-22-000029-index.htm,https://www.sec.gov/Archives/edgar/data/7084/000000708422000029/adm-20220930.htm,43.998217468805706,1.8377896613190727,7.171122994652406,6.563279857397505,2.146167557932264,43.349376114082,32.00534759358289,42.77540106951872,17.538324420677363,45132450000.0,53775450000.0,10.94385305528613,1.8284831665518777,11.218605518269948,12.257590983161323,1.880753844230529,1.880753844230529,2.178643195721752,42.67892857142857,13.367002237136465,14.604956545355783,0.0228438739753769,0.0815820989110939,0.4059674125932408,0.1670897365532382,6.859523809523809,1.507193930938263,13.608247422680412,3.8794599807135968,0.0049631695155038,0.2172647914645974,0.0,0.0,0.1091520307354555,0.0847626149639572,0.013815176437224,1.3115384615384615,0.0010533565611959,42.05679816031663,0.0303104381953504,0.019849826723142,-37.0445632798574,11633000000.0,17955000000.0,584000000.0,28585000000.0,7726500000.0,6072000000.0,13883500000.0,26.04869748409837,25.74632738719832,52.26390346274921,3.45506718924972,3.4956441999082988,1.7220298147869295,0.0429637037963078,0.6078431372549019,2022-10-25,1.44,bmo,22176901174.0,2025-04-23,2022-09-30,0.2916666666666668,82.32625,2644940.71875
2022-06-30,ADM,USD,7084,2022-07-26,2022-07-26 16:01:30,2022,Q2,27284000000.0,25184000000.0,2100000000.0,0.0769681865,0,0.0,0.0,814000000.0,78000000.0,814000000.0,25998000000.0,32000000.0,73000000.0,257000000.0,1549000000.0,0.0567732004,1292000000.0,0.0473537604,233000000.0,1519000000.0,0.0556736549,279000000.0,1236000000.0,0.0453012755,2.18,2.18,566000000,568000000,https://www.sec.gov/Archives/edgar/data/7084/000000708422000023/0000007084-22-000023-index.htm,https://www.sec.gov/Archives/edgar/data/7084/000000708422000023/adm-20220630.htm,48.20494699646643,2.183745583038869,0.9381625441696112,0.4381625441696113,1.7685512367491163,43.61660777385159,32.04946996466431,43.09717314487632,22.280918727915196,43921600000.0,55553600000.0,8.883818770226537,1.6097932854420174,82.71487758945385,177.1032258064516,1.8005821342188333,1.8005821342188333,2.0361237355226507,35.86417043253712,104.62071563088512,224.0064516129032,0.0281410513278204,0.0056464245382681,0.5139999180092649,0.2027883806689525,7.509360877985797,1.4671473109898674,17.698630136986303,0.4282258064516129,0.0051682998797858,0.1836569579288026,0.0,0.0,0.1058905350326712,0.5329566854990584,0.0103723794165078,1.1011673151750974,0.0010262424864389,46.01682717955644,0.0264294561607532,0.0223584956856786,-40.045494699646646,11987000000.0,18140000000.0,506000000.0,29216000000.0,7798500000.0,5868000000.0,15887500000.0,27.40837120656795,20.016280177890724,51.76500952986023,3.283668311469491,4.496339939296554,1.7386261649982742,0.0506702742590087,0.5,2022-07-26,1.71,bmo,24899756815.0,2025-04-23,2022-06-30,0.2573099415204678,87.41403225806452,3954161.3387096776
2022-03-31,ADM,USD,7084,2022-04-26,2022-04-26 16:10:28,2022,Q1,23650000000.0,21753000000.0,1897000000.0,0.0802114165,0,0.0,0.0,829000000.0,33000000.0,829000000.0,22582000000.0,59000000.0,92000000.0,257000000.0,1331000000.0,0.0562790698,1305000000.0,0.055179704,192000000.0,1271000000.0,0.0537420719,207000000.0,1054000000.0,0.0445665962,1.86,1.86,566000000,568000000,https://www.sec.gov/Archives/edgar/data/7084/000000708422000013/0000007084-22-000013-index.htm,https://www.sec.gov/Archives/edgar/data/7084/000000708422000013/adm-20220331.htm,41.78445229681979,1.862190812720848,-2.1307420494699647,-2.5141342756183747,1.9063604240282688,42.43286219081272,30.507067137809187,41.91166077738516,25.058303886925795,51087160000.0,64099160000.0,12.117447817836814,2.160133615221987,-42.36082918739636,-35.901026001405484,2.153577270044684,2.153577270044684,2.710323890063425,48.15864763335838,-53.15021558872305,-45.045087842586085,0.0206314071872462,-0.0278543571417945,0.5940055644549364,0.2172324484321524,9.77610818933133,1.4182589489184168,14.184782608695652,-1.1334586466165413,0.0044238121672843,0.2144212523719165,0.0,0.0,0.1040606789381185,-0.1799336650082919,0.0091754756871035,0.8443579766536965,0.0029175475687103,41.905476575552576,0.026681873482124,0.0181361415100832,-45.3339222614841,11930000000.0,17267000000.0,-396000000.0,29473000000.0,6529500000.0,6261500000.0,15885500000.0,27.734460887949258,25.382705833678116,71.53496069507653,3.245060373216246,3.545721271393643,1.258126084441874,0.04443132956749,0.3833922261484099,2022-04-26,1.41,bmo,20779446472.0,2025-04-23,2022-03-31,0.3475177304964539,77.88290322580644,3823229.0967741935
2021-12-31,ADM,USD,7084,2022-02-17,2022-02-17 07:17:27,2021,Q4,23090000000.0,21440000000.0,1650000000.0,0.0714595063,0,0.0,0.0,786000000.0,94000000.0,786000000.0,22226000000.0,13000000.0,77000000.0,257000000.0,1347000000.0,0.0583369424,1091000000.0,0.0472498917,-80000000.0,1011000000.0,0.0437851884,214000000.0,782000000.0,0.0338674751,1.4,1.38,560000000,566000000,https://www.sec.gov/Archives/edgar/data/7084/000000708422000008/0000007084-22-000008-index.htm,https://www.sec.gov/Archives/edgar/data/7084/000000708422000008/adm-20211231.htm,41.23214285714285,1.3964285714285714,1.325,0.5125,1.6839285714285714,40.65535714285714,28.607142857142858,40.1375,19.03214285714286,37850400000.0,47488400000.0,12.100511508951408,1.639255088783023,51.01132075471698,131.88292682926829,1.6839613827468078,1.6839613827468078,2.056665223040277,35.25493689680772,64.00053908355795,165.46480836236933,0.0206602836429733,0.0075824826157715,0.4707478756061752,0.1884886703719538,7.1551596139569416,1.453845452888646,14.168831168831169,0.93099121706399,0.0054953184114302,0.2659846547314578,0.0,0.0,0.1201902522445489,0.6132075471698113,0.0197055002165439,1.7704280155642025,0.0011260285838025,35.512053097203086,0.0238953760736474,0.0158334851890096,-37.245089285714286,9961000000.0,16020000000.0,-1460000000.0,27534000000.0,5944500000.0,5502500000.0,12825000000.0,22.494153313122563,26.81529850746269,60.78777985074627,4.001039681164443,3.356293049467752,1.4805607347558871,0.0347911198113627,0.8125,2022-01-25,1.37,bmo,20213726496.0,2025-04-23,2021-12-31,0.094890510948905,64.589375,2328396.75
2021-09-30,ADM,USD,7084,2021-10-26,2021-10-26 16:01:39,2021,Q3,20340000000.0,19014000000.0,1326000000.0,0.0651917404,0,0.0,0.0,720000000.0,-20000000.0,720000000.0,19734000000.0,20000000.0,61000000.0,247000000.0,853000000.0,0.0419370698,545000000.0,0.0267944936,45000000.0,653000000.0,0.0321042281,120000000.0,526000000.0,0.0258603736,0.93,0.93,564000000,566000000,https://www.sec.gov/Archives/edgar/data/7084/000000708421000039/0000007084-21-000039-index.htm,https://www.sec.gov/Archives/edgar/data/7084/000000708421000039/adm-20210930.htm,36.06382978723404,0.9326241134751772,5.046099290780142,4.537234042553192,1.9202127659574468,39.38829787234042,29.27304964539007,38.95212765957447,17.76950354609929,33845640000.0,42723640000.0,16.08633079847909,1.6639941002949852,11.892354181307097,13.22611957796014,1.5406090400109245,1.5406090400109245,2.100473942969518,50.0863305978898,15.011820098383696,16.695443532629934,0.0155411450337473,0.0756079660482118,0.4534116254722564,0.190466174614708,10.40797186400938,1.5767657192075797,8.934426229508198,5.339587242026266,0.0061750937491505,0.3973384030418251,0.0,0.0,0.1090863895368847,0.100843288826423,0.0141101278269419,1.1619433198380569,0.0010324483775811,28.58973774531445,0.0127514435774575,0.0112892494580731,-33.38120567375886,10714000000.0,16510000000.0,-793000000.0,27272000000.0,5905500000.0,4029000000.0,11307500000.0,27.07079646017699,21.853897128431683,52.86683496371095,3.324615887544949,4.11825860948668,1.7023905452591996,0.023942828531112,0.5088652482269503,2021-10-26,0.89,bmo,17777900000.0,2025-04-23,2021-09-30,0.0898876404494381,59.9565625,2419047.515625
2021-06-30,ADM,USD,7084,2021-07-27,2021-07-27 16:40:07,2021,Q2,22926000000.0,21463000000.0,1463000000.0,0.0638140103,0,0.0,0.0,739000000.0,-49000000.0,739000000.0,22202000000.0,0.0,40000000.0,243000000.0,890000000.0,0.0388205531,684000000.0,0.0298351217,176000000.0,825000000.0,0.0359853442,113000000.0,712000000.0,0.0310564425,1.26,1.26,564000000,566000000,https://www.sec.gov/Archives/edgar/data/7084/000000708421000031/0000007084-21-000031-index.htm,https://www.sec.gov/Archives/edgar/data/7084/000000708421000031/adm-20210630.htm,40.64893617021277,1.2624113475177303,4.803191489361702,4.354609929078015,1.5407801418439715,38.4290780141844,29.09219858156028,38.265957446808514,19.20035460992908,34178400000.0,44098400000.0,12.000842696629212,1.4908139230567914,12.616611295681064,13.91628664495114,1.5836530442035028,1.5836530442035028,1.923510424845154,49.54876404494382,16.278479143595423,17.955374592833877,0.0208318704210846,0.0718582496547527,0.4999073301825595,0.211723380038463,11.146067415730338,1.6480111008325624,17.1,3.804775280898877,0.0061149731994476,0.2935393258426966,0.0,0.0,0.1033400054947211,0.0933923957179771,0.011035505539562,1.0411522633744856,0.0016575067608828,32.96840950593215,0.016634619079458,0.0155825965158014,-32.66356382978724,11208000000.0,16408000000.0,-780000000.0,27390000000.0,5663500000.0,3726000000.0,12105000000.0,22.348861554566867,14.429017378744817,47.99608628803056,4.027050764096258,6.237430979366463,1.875152891839944,0.0329904550088036,0.4485815602836879,2021-07-27,1.03,bmo,17777900000.0,2025-04-23,2021-06-30,0.2912621359223301,63.47634920634921,2573635.936507937
2021-03-31,ADM,USD,7084,2021-04-28,2021-04-28 16:00:55,2021,Q1,18893000000.0,17345000000.0,1548000000.0,0.0819351082,0,0.0,0.0,749000000.0,33000000.0,749000000.0,18094000000.0,13000000.0,87000000.0,249000000.0,1054000000.0,0.0557878579,725000000.0,0.038374001,15000000.0,824000000.0,0.0436140369,131000000.0,689000000.0,0.0364685333,1.22,1.22,563000000,564000000,https://www.sec.gov/Archives/edgar/data/7084/000000708421000018/0000007084-21-000018-index.htm,https://www.sec.gov/Archives/edgar/data/7084/000000708421000018/adm-20210331.htm,33.55772646536412,1.2238010657193603,0.5293072824156305,0.2202486678507993,1.2326820603907638,37.19893428063944,27.87566607460036,37.01776198934281,21.987566607460035,32091000000.0,43689000000.0,11.644049346879536,1.6985656063092152,107.68791946308724,258.7983870967742,1.5398013531020585,1.5398013531020585,2.312443762239983,41.45066413662239,146.60738255033556,352.3306451612903,0.0214701941354273,0.0038640117166806,0.5897989539849335,0.2387816154473755,11.003795066413662,1.5818928262748488,8.333333333333334,0.43001443001443,0.0064815680408837,0.3018867924528302,0.0,0.0,0.1019658883406503,0.5838926174496645,0.0092097602286561,0.6987951807228916,0.0040226538929762,31.926532428292703,0.0168189964325684,0.0149040645482273,-34.16252220248668,10772000000.0,15694000000.0,-1251000000.0,26891000000.0,5309000000.0,4242500000.0,12238500000.0,26.8385116180596,20.81233784952436,66.2300374747766,3.353390131345403,4.324358015457492,1.3589000313381383,0.0330598339810949,0.3090586145648312,2021-04-27,1.04,bmo,16323300000.0,2025-04-23,2021-03-31,0.3365384615384614,54.88245901639344,2753018.4426229508
2020-12-31,ADM,USD,7084,2021-02-18,2021-02-18 16:01:30,2020,Q4,17978000000.0,16626000000.0,1352000000.0,0.0752030259,0,664000000.0,85000000.0,749000000.0,47000000.0,749000000.0,17375000000.0,17000000.0,69000000.0,249000000.0,864000000.0,0.0480587385,814000000.0,0.0452775615,712000000.0,756000000.0,0.0420513962,63000000.0,687000000.0,0.0382133719,1.24,1.22,556000000,563000000,https://www.sec.gov/Archives/edgar/data/7084/000000708421000008/0000007084-21-000008-index.htm,https://www.sec.gov/Archives/edgar/data/7084/000000708421000008/adm-20201231.htm,32.33453237410072,1.235611510791367,-1.564748201438849,-2.04136690647482,1.1978417266187051,36.143884892086334,26.098920863309356,35.97122302158273,20.00359712230216,28027960000.0,38414960000.0,10.199403202328964,1.5590143508732897,-32.21604597701149,-24.69423788546256,1.401398,1.401398,2.136776059628435,44.46175925925926,-44.15512643678161,-33.84577973568282,0.0245112380637049,-0.0404952768592505,0.55265,0.2223093787083409,12.02199074074074,1.5007149928500716,11.797101449275363,-1.255411255411255,0.0072070889212058,0.2940320232896652,0.0369340304816998,0.0,0.1123313019167722,-0.3045977011494253,0.0147402380687506,1.0642570281124497,0.0020580709756368,31.623492651998426,0.0220387709090193,0.0155662301173698,-34.82464028776978,9104000000.0,14511000000.0,-2337000000.0,25570000000.0,4947000000.0,3910500000.0,10237500000.0,24.95049504950495,24.218693612414288,63.40490797546012,3.607142857142857,3.716137684398748,1.4194484760522497,0.03435,0.4766187050359712,2021-01-26,1.1,bmo,16441300000.0,2025-04-23,2020-12-31,0.0999999999999998,49.4134375,2609800.984375
2020-09-30,ADM,USD,7084,2020-10-30,2020-10-30 16:01:00,2020,Q3,15126000000.0,14084000000.0,1042000000.0,0.0688880074,0,0.0,0.0,636000000.0,-278000000.0,636000000.0,14720000000.0,16000000.0,100000000.0,238000000.0,651000000.0,0.0430384768,632000000.0,0.0417823615,-206000000.0,200000000.0,0.0132222663,-26000000.0,225000000.0,0.0148750496,0.4,0.4,561000000,562000000,https://www.sec.gov/Archives/edgar/data/7084/000000708420000038/0000007084-20-000038-index.htm,https://www.sec.gov/Archives/edgar/data/7084/000000708420000038/adm-2020930x10q.htm,26.962566844919785,0.4010695187165775,-1.925133689839572,-2.27807486631016,1.6898395721925137,34.627450980392155,25.22459893048128,34.442067736185386,15.122994652406415,26080890000.0,33516890000.0,28.97876666666667,1.724242364141214,-24.148972222222223,-20.40758215962441,1.3498028154435358,1.3498028154435358,2.215846225042972,51.485238095238095,-31.03415740740741,-26.22604851330204,0.0086270062102942,-0.049001395274471,0.4339095331746196,0.1871637459537894,11.42242703533026,1.6370173294024593,6.32,-4.778761061946903,0.007745134464353,0.8977777777777778,0.0,0.0,0.1177586784239312,-0.1833333333333333,0.0130900436334787,0.8319327731092437,0.0025783419278064,17.62973140571069,0.0227555442263573,0.0056933198380566,-29.157754010695182,8859000000.0,14151000000.0,-2603000000.0,23950000000.0,5116500000.0,3122000000.0,8194000000.0,29.214597381991275,21.388099971598976,55.99119568304459,3.0806517311608963,4.207947415596056,1.6073955717872632,0.0116447572715039,0.3529411764705882,2020-10-29,0.71,amc,12066808988.0,2025-04-23,2020-09-30,0.2535211267605635,43.7240625,2694665.578125
2020-06-30,ADM,USD,7084,2020-07-30,2020-07-30 18:39:05,2020,Q2,16281000000.0,15173000000.0,1108000000.0,0.0680547878,0,0.0,0.0,638000000.0,3000000.0,638000000.0,15811000000.0,15000000.0,87000000.0,244000000.0,714000000.0,0.0438548001,398000000.0,0.0244456729,79000000.0,552000000.0,0.0339045513,80000000.0,469000000.0,0.0288065844,0.84,0.84,561000000,562000000,https://www.sec.gov/Archives/edgar/data/7084/000000708420000025/0000007084-20-000025-index.htm,https://www.sec.gov/Archives/edgar/data/7084/000000708420000025/adm-2020630x10q.htm,29.02139037433155,0.8360071301247772,0.3903743315508021,0.0944741532976827,2.144385026737968,34.57397504456328,25.28342245989305,34.3903743315508,16.932263814616757,22383900000.0,30592900000.0,11.931716417910447,1.374847982310669,102.20958904109588,422.3377358490566,1.1602083657285025,1.1602083657285025,1.8790553405810453,42.84719887955182,139.69360730593607,577.2245283018868,0.02095255965225,0.002367773265606,0.487845332504017,0.212264044563722,11.49719887955182,1.7184011242095405,4.574712643678161,0.4639830508474576,0.0090243433896684,0.4307036247334754,0.0,0.0,0.1175435826887079,0.7579908675799086,0.0101959339106934,0.680327868852459,0.0014741109268472,25.434002012047245,0.0105173014580539,0.0119859950420404,-28.407754010695182,9202000000.0,14184000000.0,-2934000000.0,24247000000.0,4626500000.0,3168500000.0,8228000000.0,29.42509673852957,17.18381335266592,45.23429776576814,3.0586135637798235,5.237487055574732,1.9896407028586416,0.0243093349919659,0.2959001782531194,2020-07-29,0.51,amc,13431825000.0,2025-04-23,2020-06-30,0.6666666666666666,37.43238095238095,3043599.476190476
2020-03-31,ADM,USD,7084,2020-05-01,2020-05-01 11:51:12,2020,Q1,14970000000.0,14019000000.0,951000000.0,0.0635270541,0,664000000.0,0.0,664000000.0,32000000.0,664000000.0,14683000000.0,40000000.0,83000000.0,245000000.0,545000000.0,0.0364061456,244000000.0,0.0162992652,73000000.0,375000000.0,0.0250501002,-16000000.0,391000000.0,0.0261189045,0.69,0.69,563000000,564000000,https://www.sec.gov/Archives/edgar/data/7084/000000708420000015/0000007084-20-000015-index.htm,https://www.sec.gov/Archives/edgar/data/7084/000000708420000015/adm-2020331x10q.htm,26.589698046181173,0.69449378330373,-1.163410301953819,-1.507992895204263,8.408525754884547,33.83126110124334,24.60568383658969,33.66252220248668,22.742451154529306,19806340000.0,27793340000.0,12.663900255754475,1.323068804275217,-30.238687022900763,-23.32902237926973,1.0450791473195442,1.0450791473195442,1.8566025384101537,50.996954128440365,-42.43258015267176,-32.736560659599526,0.019741153590214,-0.0428650623992115,0.6712220346137611,0.2628577332369046,14.655045871559633,1.5098458162499278,2.9397590361445785,-1.6751918158567776,0.0102492434240753,0.5191815856777494,0.0443553774215096,0.0,0.1073251368943072,-0.2961832061068702,0.0129592518370073,0.7918367346938775,0.0034068136272545,22.93500117721585,0.0072304515053335,0.0090507164186014,-30.64209591474245,8829000000.0,13853000000.0,-3202000000.0,23906000000.0,3828500000.0,3593000000.0,9000000000.0,23.627254509018037,22.08431414508881,56.68735287823668,3.8091603053435112,4.0752906976744185,1.587655719139298,0.020631067961165,0.344582593250444,2020-04-29,0.55,amc,12864843750.0,2025-04-23,2020-03-31,0.1636363636363635,40.89096774193549,3689778.677419354
2019-12-31,ADM,USD,7084,2020-02-18,2020-02-18 16:03:05,2019,Q4,16329000000.0,15160000000.0,1169000000.0,0.0715904219,0,654000000.0,0.0,654000000.0,-46000000.0,654000000.0,15814000000.0,50000000.0,95000000.0,251000000.0,689000000.0,0.042194868,770000000.0,0.0471553678,-19000000.0,496000000.0,0.0303754057,-3000000.0,504000000.0,0.0308653316,0.9,0.9,557000000,563000000,https://www.sec.gov/Archives/edgar/data/7084/000000708420000009/0000007084-20-000009-index.htm,https://www.sec.gov/Archives/edgar/data/7084/000000708420000009/adm-20191231x10k.htm,29.315978456014363,0.9048473967684022,-3.2549371633752244,-3.725314183123878,1.5296229802513466,34.619389587073606,24.788150807899463,34.48473967684021,17.903052064631957,25816950000.0,34841950000.0,12.806026785714286,1.581049053830608,-14.239906232763376,-12.441903614457832,1.3440727821740943,1.3440727821740943,2.133746708310368,50.5688679245283,-19.21784335355764,-16.791301204819277,0.0195220581827055,-0.0803735530339563,0.5142128279883382,0.2244925790394799,13.098693759071118,1.554317751565458,8.105263157894736,-3.633266533066133,0.0076306457579226,0.3908730158730158,0.0400514422193643,0.0,0.1244630315703343,-0.144511858797573,0.0160450731826811,1.043824701195219,0.0014085369587849,26.49673764463392,0.0244140327155536,0.0130837724877339,-29.59021543985637,7613000000.0,13807000000.0,-3367000000.0,24166000000.0,4048000000.0,3359500000.0,8622500000.0,20.541980525445524,22.23878627968337,54.43931398416886,4.381271800375638,4.04698344901228,1.653217011995638,0.0262390670553935,0.4703770197486535,2020-01-29,0.79,amc,11860711138.0,2025-04-23,2019-12-31,0.7974683544303796,42.64546875,2750950.46875
2019-09-30,ADM,USD,7084,2019-10-31,2019-10-31 16:02:17,2019,Q3,16726000000.0,15648000000.0,1078000000.0,0.064450556,0,578000000.0,0.0,578000000.0,11000000.0,578000000.0,16226000000.0,47000000.0,97000000.0,249000000.0,751000000.0,0.0449001554,450000000.0,0.026904221,-4000000.0,503000000.0,0.0300729403,95000000.0,407000000.0,0.0243333732,0.72,0.72,562000000,563000000,https://www.sec.gov/Archives/edgar/data/7084/000000708419000034/0000007084-19-000034-index.htm,https://www.sec.gov/Archives/edgar/data/7084/000000708419000034/adm-2019930x10q.htm,29.76156583629893,0.7241992882562278,-1.6476868327402134,-1.9733096085409247,1.704626334519573,33.7153024911032,24.104982206405698,33.58185053380783,16.318505338078293,23081340000.0,31223340000.0,14.177727272727273,1.379967714934832,-24.925853131749463,-20.812750225428317,1.2229820378318232,1.2229820378318232,1.8667547530790387,41.57568575233022,-33.71850971922246,-28.154499549143377,0.0176332916546439,-0.0480474703808357,0.4807926667726381,0.2170605683666635,10.841544607190412,1.5955074875207986,4.639175257731959,-2.269607843137255,0.0085350330613387,0.484029484029484,0.0345569771613057,0.0,0.1291981628552291,-0.1976241900647948,0.0109410498624895,0.7349397590361446,0.0012555303120889,23.392283465610827,0.011672847469071,0.0111803972200093,-25.94973309608541,7158000000.0,13547000000.0,-3678000000.0,22660000000.0,4391500000.0,3020000000.0,8184500000.0,23.50890828650006,17.09930981595092,46.44363496932515,3.828336003662165,5.263370332996972,1.9378328173374613,0.0215651989614793,0.3256227758007117,2019-10-31,0.69,bmo,14988233766.0,2025-04-23,2019-09-30,0.1159420289855073,39.801875,3560817.34375
2019-06-30,ADM,USD,7084,2019-08-01,2019-08-01 16:03:18,2019,Q2,16297000000.0,15325000000.0,972000000.0,0.0596428791,0,602000000.0,0.0,602000000.0,-2000000.0,602000000.0,15927000000.0,46000000.0,109000000.0,248000000.0,624000000.0,0.0382892557,504000000.0,0.0309259373,-96000000.0,274000000.0,0.0168129104,36000000.0,235000000.0,0.0144198319,0.42,0.42,565000000,566000000,https://www.sec.gov/Archives/edgar/data/7084/000000708419000028/0000007084-19-000028-index.htm,https://www.sec.gov/Archives/edgar/data/7084/000000708419000028/adm-2019630x10q.htm,28.84424778761062,0.415929203539823,-1.2,-1.527433628318584,1.5097345132743365,33.68495575221239,23.87079646017699,33.54867256637168,16.85132743362832,23391000000.0,31954000000.0,24.884042553191488,1.43529483954102,-34.5,-27.104287369640787,1.234027960960169,1.234027960960169,1.960728968521814,51.208333333333336,-47.12979351032448,-37.02665121668598,0.0100465991193193,-0.0368945320849899,0.4965444473753627,0.220856016519617,13.72275641025641,1.5511823520076178,4.623853211009174,-2.8487394957983194,0.0084220426659826,0.8382978723404255,0.0369393139841688,0.0,0.1301154495963957,-0.2728613569321534,0.0113517825366631,0.7459677419354839,0.0001227219733693,17.71897668766057,0.0136977791582543,0.0063391869655525,-27.03274336283186,6946000000.0,13487000000.0,-4036000000.0,22736000000.0,4514500000.0,3302500000.0,8620000000.0,24.37626557035037,18.01174551386623,48.70864600326264,3.692115994562755,4.996739484838605,1.8477212442729685,0.0123977842257979,0.3274336283185841,2019-08-01,0.61,bmo,16568616666.0,2025-04-23,2019-06-30,-0.0163934426229508,41.40428571428571,3668016.8412698414
2019-03-31,ADM,USD,7084,2019-04-26,2019-04-26 16:02:20,2019,Q1,15304000000.0,14376000000.0,928000000.0,0.0606377418,0,659000000.0,0.0,659000000.0,8000000.0,659000000.0,15035000000.0,49000000.0,101000000.0,245000000.0,516000000.0,0.0337166754,412000000.0,0.0269210664,36000000.0,315000000.0,0.0205828542,81000000.0,233000000.0,0.0152247778,0.41,0.41,565000000,566000000,https://www.sec.gov/Archives/edgar/data/7084/000000708419000018/0000007084-19-000018-index.htm,https://www.sec.gov/Archives/edgar/data/7084/000000708419000018/adm-2019331x10q.htm,27.086725663716813,0.4123893805309734,-3.601769911504425,-3.952212389380531,1.654867256637168,33.55575221238938,23.89380530973451,33.4424778761062,17.672566371681416,24114200000.0,33072200000.0,25.87360515021459,1.5756795608991114,-11.849729729729727,-10.799014778325123,1.2762212225456468,1.2762212225456468,2.161016727652901,64.09341085271318,-16.25169533169533,-14.810658307210032,0.009662356619751,-0.0926010400510902,0.5231013495633765,0.2290561053046279,17.36046511627907,1.5165032557443303,4.079207920792079,-8.696581196581196,0.0082109296597025,0.8497854077253219,0.0430606377417668,0.0,0.1265092350119348,-0.0972972972972973,0.0129377940407736,0.8081632653061225,0.0028097229482488,17.615469381536073,0.0095066516387259,0.0061816831157805,-27.119911504424778,6901000000.0,13500000000.0,-3930000000.0,22659000000.0,3838500000.0,3541500000.0,8879500000.0,27.13996340825928,22.149415692821368,56.00584307178631,3.31614301191766,4.063312605992086,1.6069751844399731,0.0123313045779306,0.3504424778761062,2019-04-26,0.6,bmo,19961739130.0,2025-04-23,2019-03-31,-0.2333333333333332,42.76262295081967,3597169.3114754097
2018-12-31,ADM,USD,7084,2019-02-19,2019-02-19 16:46:04,2018,Q4,15947000000.0,14894000000.0,1053000000.0,0.0660312284,0,558000000.0,0.0,558000000.0,-143000000.0,558000000.0,15452000000.0,47000000.0,97000000.0,235000000.0,634000000.0,0.039756694,541000000.0,0.0339248762,307000000.0,312000000.0,0.0195648084,-5000000.0,315000000.0,0.0197529316,0.56,0.55,559000000,567000000,https://www.sec.gov/Archives/edgar/data/7084/000000708419000012/0000007084-19-000012-index.htm,https://www.sec.gov/Archives/edgar/data/7084/000000708419000012/adm-20181231x10k.htm,28.527728085867626,0.5635062611806798,-1.9749552772808587,-2.488372093023256,3.5831842576028623,34.06976744186046,26.840787119856888,33.955277280858674,15.178890876565296,22902230000.0,29293230000.0,18.17637301587301,1.4361466106477707,-20.74477355072464,-16.464579439252336,1.2065871134292188,1.2065871134292188,1.8369116448234777,46.203832807570976,-26.53372282608696,-21.05911574406901,0.0137541191403631,-0.0607364435690323,0.4419155998103367,0.2054220850782455,10.080441640378549,1.7483016304347827,5.577319587628866,-3.482649842271293,0.0082961353545047,0.6031746031746031,0.0349909073806985,0.0,0.0989640731761075,-0.259963768115942,0.0179971154449112,1.221276595744681,0.0013168621057252,20.74886154292625,0.0184781615556147,0.0085616438356164,-23.40250447227191,8812000000.0,15004000000.0,-1200000000.0,22806000000.0,3409000000.0,3313500000.0,8648000000.0,17.280993290274033,21.421377736001077,53.25433060292736,5.208033964728935,4.201410437235543,1.690003404062181,0.0165955429113323,0.5134168157423972,2019-02-05,0.92,bmo,16671863636.0,2025-04-23,2018-12-31,-0.0434782608695652,46.61222222222222,3790268.253968254
2018-09-30,ADM,USD,7084,2018-11-06,2018-11-06 16:03:52,2018,Q3,15800000000.0,14742000000.0,1058000000.0,0.0669620253,0,534000000.0,0.0,534000000.0,-8000000.0,534000000.0,15276000000.0,40000000.0,87000000.0,232000000.0,755000000.0,0.0477848101,477000000.0,0.0301898734,105000000.0,632000000.0,0.04,96000000.0,536000000.0,0.0339240506,0.95,0.94,565000000,568000000,https://www.sec.gov/Archives/edgar/data/7084/000000708418000039/0000007084-18-000039-index.htm,https://www.sec.gov/Archives/edgar/data/7084/000000708418000039/adm-2018930x10q.htm,27.964601769911503,0.9486725663716814,-0.8867256637168142,-1.1982300884955752,1.6194690265486726,33.709734513274334,26.51504424778761,33.60530973451328,14.051327433628318,28312150000.0,35249150000.0,13.205293843283584,1.791908227848101,-56.511277445109776,-41.82001477104875,1.4911334070679938,1.4911334070679938,2.2309588607594937,46.68761589403974,-70.35758483033932,-52.06669128508124,0.0189318013644318,-0.0239119953800753,0.4135461104966556,0.1979628882613957,9.188079470198677,1.671102335164835,5.482758620689655,-0.9347014925373134,0.0066755792124582,0.3526119402985074,0.0337974683544303,0.0,0.1024858814037918,-0.3512974051896207,0.0111392405063291,0.7586206896551724,0.0015822784810126,26.78263984683005,0.0134664060383298,0.0150566027135593,-22.37964601769912,7817000000.0,14981000000.0,-1153000000.0,21767000000.0,3719000000.0,2845500000.0,8218000000.0,21.39493670886076,18.815628815628816,51.78876678876679,4.206602768903088,4.783257624918884,1.7378285983732171,0.0282298414704798,0.311504424778761,2018-11-06,0.83,bmo,14254347826.0,2025-04-23,2018-09-30,0.1084337349397591,49.06174603174603,3289252.031746032
2018-06-30,ADM,USD,7084,2018-07-31,2018-07-31 16:02:20,2018,Q2,17068000000.0,15887000000.0,1181000000.0,0.069193813,0,560000000.0,0.0,560000000.0,-4000000.0,560000000.0,16447000000.0,42000000.0,89000000.0,239000000.0,862000000.0,0.0505038669,574000000.0,0.0336301851,24000000.0,652000000.0,0.0382001406,86000000.0,566000000.0,0.0331614718,1.0,1.0,564000000,567000000,https://www.sec.gov/Archives/edgar/data/7084/000000708418000032/0000007084-18-000032-index.htm,https://www.sec.gov/Archives/edgar/data/7084/000000708418000032/adm-2018630x10q.htm,30.26241134751773,1.00354609929078,0.700354609929078,0.375886524822695,1.5088652482269505,33.27127659574468,26.47340425531915,33.173758865248224,13.673758865248226,25848120000.0,32620120000.0,11.417014134275618,1.514419967190063,65.43827848101265,121.92509433962265,1.381513629075361,1.381513629075361,1.9111858448558707,37.84236658932715,82.58258227848101,153.86849056603774,0.0218971437768007,0.0082017570330066,0.4074291822554783,0.1966972003612437,7.856148491879351,1.5913125106673494,6.449438202247191,0.6978798586572438,0.0073119437699917,0.3339222614840989,0.0328099367236934,0.0,0.0989291704296219,0.4632911392405063,0.0107218186079212,0.7656903765690377,0.0019920318725099,27.368895062291752,0.0167621469895476,0.0162080123707797,-21.98758865248227,6929000000.0,14931000000.0,-1343000000.0,20711000000.0,3979500000.0,2974500000.0,8886500000.0,19.415280056245606,14.78000881223642,45.05381758670612,4.635524171645844,6.089306247604446,1.997610964415944,0.030251202565473,0.324468085106383,2018-07-31,0.77,bmo,12884666666.0,2025-04-23,2018-06-30,0.3246753246753247,44.90203125,3896512.203125
2018-03-31,ADM,USD,7084,2018-05-01,2018-05-01 16:12:42,2018,Q1,15526000000.0,14637000000.0,889000000.0,0.0572587917,0,513000000.0,0.0,513000000.0,9000000.0,513000000.0,15150000000.0,33000000.0,91000000.0,235000000.0,614000000.0,0.039546567,318000000.0,0.0204817725,81000000.0,464000000.0,0.0298853536,68000000.0,393000000.0,0.0253123792,0.7,0.7,563000000,565000000,https://www.sec.gov/Archives/edgar/data/7084/000000708418000021/0000007084-18-000021-index.htm,https://www.sec.gov/Archives/edgar/data/7084/000000708418000021/adm-2018331x10q.htm,27.57726465364121,0.6980461811722913,-6.3481349911190055,-6.696269982238011,1.4156305506216695,33.3854351687389,26.33392539964476,33.271758436944936,16.147424511545292,24417310000.0,32620310000.0,15.532639949109411,1.57267229163983,-6.831927811975377,-6.476740053050398,1.303507900918215,1.303507900918215,2.1010118510884968,53.12754071661238,-9.12711527700056,-8.652602122015915,0.0160951390632301,-0.1543986622605029,0.4804612427930813,0.218978102189781,13.359934853420196,1.573654497553632,3.4945054945054945,-9.025252525252526,0.0077813649415107,0.4834605597964376,0.0330413499935591,0.0,0.0965936739659367,-0.0548405148293228,0.0126239855725879,0.8340425531914893,0.0018678346000257,22.859736178495552,0.0086741418986236,0.0105844330729868,-23.78197158081705,7621000000.0,14826000000.0,-1398000000.0,21714000000.0,4019500000.0,3617000000.0,9496500000.0,24.79260595130749,20.536995285919243,60.3812256609961,3.630114566284779,4.382335329341317,1.490529531568228,0.0209801409352978,0.3481349911190053,2018-05-01,0.5,bmo,11416176470.0,2025-04-23,2018-03-31,0.3600000000000001,42.08983606557377,3977292.131147541
2017-12-31,ADM,USD,7084,2018-02-16,2018-02-16 16:02:09,2017,Q4,16070000000.0,15131000000.0,939000000.0,0.0584318606,0,463000000.0,0.0,463000000.0,10000000.0,463000000.0,15594000000.0,31000000.0,84000000.0,240000000.0,769000000.0,0.0478531425,646000000.0,0.0401991288,427000000.0,543000000.0,0.0337896702,-249000000.0,788000000.0,0.0490354698,1.41,1.39,557000000,565000000,https://www.sec.gov/Archives/edgar/data/7084/000000708418000012/0000007084-18-000012-index.htm,https://www.sec.gov/Archives/edgar/data/7084/000000708418000012/adm-20171231x10k.htm,28.850987432675044,1.414721723518851,0.1005385996409335,-0.533213644524237,1.4434470377019748,32.98922800718133,25.95511669658887,32.87791741472172,13.603231597845602,22324560000.0,29013560000.0,7.08266497461929,1.389207218419415,398.6528571428571,-75.16686868686868,1.2190553158958115,1.2190553158958115,1.805448662103298,37.7289466840052,518.0992857142858,-97.6887542087542,0.0352974481915881,-0.0133037336458142,0.4091628897504505,0.1874984360533493,8.698309492847855,1.585123309466985,7.690476190476191,0.0707070707070707,0.0083316311721261,0.2360406091370558,0.0288114499066583,0.0,0.0980406876360633,6.303571428571429,0.0219663970130678,1.4708333333333334,0.0001866832607342,32.35034528084631,0.0333380053143295,0.0218615619364683,-24.014362657091564,7355000000.0,14457000000.0,-1663000000.0,21411000000.0,3744000000.0,3671500000.0,8749500000.0,21.069072806471688,23.161720970193645,54.56149626594409,4.2716640085061135,3.885721623009758,1.6495148806279298,0.0430295418555124,0.6337522441651705,2018-02-06,0.7,bmo,13718292682.0,2025-04-23,2017-12-31,0.1714285714285714,41.13793650793651,3020073.9206349207
2017-09-30,ADM,USD,7084,2017-10-31,2017-10-31 16:55:27,2017,Q3,14827000000.0,14015000000.0,812000000.0,0.0547649558,0,478000000.0,0.0,478000000.0,0.0,478000000.0,14493000000.0,27000000.0,79000000.0,232000000.0,552000000.0,0.0372293788,282000000.0,0.0190193566,-109000000.0,225000000.0,0.0151750185,30000000.0,192000000.0,0.0129493492,0.34,0.34,566000000,569000000,https://www.sec.gov/Archives/edgar/data/7084/000000708417000036/0000007084-17-000036-index.htm,https://www.sec.gov/Archives/edgar/data/7084/000000708417000036/adm-2017930x10q.htm,26.19611307420495,0.3392226148409894,1.4858657243816251,1.0547703180212014,1.3763250883392226,31.148409893992937,24.18904593639576,31.042402826855124,13.10070671378092,24060660000.0,30878660000.0,31.328984375,1.6227598300397923,28.609583828775268,40.30261306532663,1.3694171883892998,1.3694171883892998,2.0825966142847507,55.939601449275365,36.716599286563614,51.7230485762144,0.0079798309772051,0.0248122869447471,0.4175298804780876,0.1882522004670379,12.351449275362318,1.612060978691148,3.569620253164557,4.312820512820513,0.0074810915411297,0.9375,0.0322384838470358,0.0,0.1010803459159845,0.2901307966706302,0.0164564645579011,1.0517241379310345,0.0010116679031496,15.39257658100635,0.0087796817185759,0.005481016271767,-24.03268551236749,7267000000.0,13691000000.0,-2199000000.0,21162000000.0,3496500000.0,3187500000.0,8086000000.0,22.616847642813784,22.148412415269355,53.46699964323939,3.979334406870638,4.063496665700203,1.683281287533029,0.010927717700626,0.431095406360424,2017-10-31,0.55,bmo,18451377777.0,2025-04-23,2017-09-30,-0.1818181818181818,42.13730158730159,2979639.746031746
2017-06-30,ADM,USD,7084,2017-08-01,2017-08-01 16:26:29,2017,Q2,14943000000.0,14056000000.0,887000000.0,0.0593588971,0,531000000.0,0.0,531000000.0,-33000000.0,531000000.0,14587000000.0,25000000.0,86000000.0,227000000.0,684000000.0,0.045773941,457000000.0,0.0305828816,27000000.0,383000000.0,0.0256307301,108000000.0,276000000.0,0.0184701867,0.48,0.48,571000000,574000000,https://www.sec.gov/Archives/edgar/data/7084/000000708417000027/0000007084-17-000027-index.htm,https://www.sec.gov/Archives/edgar/data/7084/000000708417000027/adm-2017630x10q.htm,26.16987740805604,0.4833625218914185,1.584938704028021,1.1436077057793346,1.1733800350262698,30.55166374781086,23.78108581436077,30.492119089316983,12.37478108581436,23627980000.0,30174980000.0,21.40215579710145,1.581207254232751,26.10826519337017,36.18373660030628,1.3570719659985069,1.3570719659985069,2.0193388208525733,44.11546783625731,33.342519337016576,46.20977029096478,0.0116810662612715,0.027636725610907,0.4008959852966515,0.1845730756009202,9.571637426900583,1.5936432886787495,5.313953488372093,3.290909090909091,0.0076604093959788,0.6557971014492754,0.0355350331258783,0.0,0.1022291561995927,0.2784530386740331,0.0168640835173659,1.1101321585903083,0.00107073546142,18.210486554965488,0.0120107305735332,0.0081293629053636,-23.342819614711036,6780000000.0,13579000000.0,-2171000000.0,20591000000.0,2898000000.0,3170500000.0,8255000000.0,19.676771732583816,18.73505976095617,50.237620944792255,4.573921028466483,4.803827751196172,1.791486107570737,0.0158520475561426,0.4413309982486865,2017-08-01,0.52,bmo,13632210526.0,2025-04-23,2017-06-30,0.096153846153846,42.93698412698413,2889341.6507936507
2017-03-31,ADM,USD,7084,2017-05-02,2017-05-02 15:10:14,2017,Q1,14988000000.0,14120000000.0,868000000.0,0.0579129971,0,521000000.0,0.0,521000000.0,-9000000.0,521000000.0,14641000000.0,23000000.0,81000000.0,225000000.0,572000000.0,0.0381638644,533000000.0,0.0355617828,111000000.0,458000000.0,0.0305577796,118000000.0,339000000.0,0.0226180945,0.59,0.59,576000000,579000000,https://www.sec.gov/Archives/edgar/data/7084/000000708417000015/0000007084-17-000015-index.htm,https://www.sec.gov/Archives/edgar/data/7084/000000708417000015/adm-2017331x10q.htm,26.02083333333333,0.5885416666666666,0.7100694444444444,0.3628472222222222,1.2986111111111112,29.78298611111111,23.22048611111111,29.72395833333333,12.65277777777778,26519040000.0,33250040000.0,19.556814159292035,1.769351481184948,64.83872860635697,126.88535885167464,1.5489188715612403,1.5489188715612403,2.2184440886042167,58.12944055944056,81.2959413202934,159.0911004784689,0.0127832681726035,0.0078811299353219,0.4209450382571111,0.18185717890487,11.767482517482517,1.5061020438170858,6.580246913580247,1.2029411764705882,0.0069007022878656,0.5398230088495575,0.034761142247131,0.0,0.0953822861468584,0.4889975550122249,0.0133440085401654,0.8888888888888888,0.0021350413664264,19.83961263463043,0.0145048152753105,0.0094560669456066,-26.90668402777778,6884000000.0,13375000000.0,-1989000000.0,20435000000.0,2747500000.0,3510500000.0,8747500000.0,15.186148919135308,21.766997167138808,55.22379603399433,5.926453143534994,4.134699853587116,1.6297322253000923,0.0198002453127737,0.3472222222222222,2017-05-02,0.62,bmo,15487600000.0,2025-04-23,2017-03-31,-0.032258064516129,44.80467741935484,3255701.5
2016-12-31,ADM,USD,7084,2017-02-17,2017-02-17 15:20:17,2016,Q4,16501000000.0,15475000000.0,1026000000.0,0.0621780498,0,470000000.0,0.0,470000000.0,-4000000.0,470000000.0,15945000000.0,24000000.0,80000000.0,222000000.0,778000000.0,0.0471486577,715000000.0,0.0433307072,315000000.0,629000000.0,0.0381189019,203000000.0,424000000.0,0.0256954124,0.74,0.73,573000000,583000000,https://www.sec.gov/Archives/edgar/data/7084/000000708417000008/0000007084-17-000008-index.htm,https://www.sec.gov/Archives/edgar/data/7084/000000708417000008/adm-20161231x10k.htm,28.797556719022687,0.7399650959860384,0.5567190226876091,0.1012216404886562,1.5968586387434556,30.02617801047121,23.56369982547993,29.97033158813263,12.235602094240836,26157450000.0,32469450000.0,15.42302476415094,1.5852039270347251,81.99827586206897,450.99051724137934,1.523173004134397,1.523173004134397,1.9677261984122176,41.7345115681234,101.78510971786834,559.8181034482759,0.0162095311278431,0.0022173415222049,0.4035986723344785,0.1742814755211345,8.113110539845758,1.5975859713049418,8.9375,0.7488262910798122,0.0066137945403699,0.4080188679245283,0.028483122235016,0.0,0.0931127259926073,0.8181818181818182,0.015817223198594,1.1756756756756757,0.0009696382037452,22.337915839056787,0.01791972886313,0.0117562246991626,-26.19371727748691,7872000000.0,13502000000.0,-1519000000.0,21333000000.0,3905000000.0,3266500000.0,8029500000.0,16.17720138173444,20.9718901453958,51.35961227786753,5.563385030343897,4.291458679977815,1.752349677273242,0.0246899202236068,0.4554973821989528,2017-02-07,0.77,bmo,16941026666.0,2025-04-23,2016-12-31,-0.0259740259740259,44.26031746031746,3180844.984126984
2016-09-30,ADM,USD,7084,2016-11-01,2016-11-01 16:26:14,2016,Q3,15832000000.0,14727000000.0,1105000000.0,0.0697953512,0,561000000.0,0.0,561000000.0,11000000.0,561000000.0,15288000000.0,23000000.0,78000000.0,226000000.0,770000000.0,0.0486356746,576000000.0,0.0363820111,-64000000.0,480000000.0,0.0303183426,136000000.0,341000000.0,0.0215386559,0.58,0.58,586000000,589000000,https://www.sec.gov/Archives/edgar/data/7084/000000708416000076/0000007084-16-000076-index.htm,https://www.sec.gov/Archives/edgar/data/7084/000000708416000076/adm-2016930x10q.htm,27.017064846416385,0.5819112627986348,2.5972696245733786,2.2133105802047783,1.6331058020477816,30.02730375426621,23.453924914675767,29.92832764505119,12.203071672354948,24711620000.0,31083620000.0,18.11702346041056,1.5608653360282971,16.236281208935612,19.0529067077872,1.4090329570076403,1.4090329570076403,1.9633413340070744,40.36833766233766,20.42287779237845,23.96578257517348,0.0137991762579709,0.052485429931344,0.4032957007640552,0.1774772288158984,8.275324675324676,1.612860171154903,7.384615384615385,4.424418604651163,0.0070816886954396,0.5131964809384164,0.0354345629105608,0.0,0.096655207888992,0.1478318002628121,0.0142117230924709,0.995575221238938,0.000821121778676,19.795244277379307,0.0149592317448813,0.0094719591122468,-23.98122866894198,7806000000.0,13744000000.0,-1714000000.0,21511000000.0,4043000000.0,2848500000.0,7614000000.0,27.536634663971704,17.887553473212467,44.17192910979833,3.268373245251858,5.031431499829177,2.037493082457112,0.0194434941270384,0.3839590443686007,2016-11-01,0.46,bmo,12343593220.0,2025-04-23,2016-09-30,0.2826086956521738,43.2371875,2617795.84375
2016-06-30,ADM,USD,7084,2016-08-02,2016-08-02 15:07:32,2016,Q2,15629000000.0,14872000000.0,757000000.0,0.0484356005,0,520000000.0,0.0,520000000.0,13000000.0,520000000.0,15392000000.0,23000000.0,65000000.0,221000000.0,458000000.0,0.029304498,363000000.0,0.0232260541,169000000.0,407000000.0,0.0260413334,119000000.0,284000000.0,0.0181713481,0.48,0.48,591000000,594000000,https://www.sec.gov/Archives/edgar/data/7084/000000708416000068/0000007084-16-000068-index.htm,https://www.sec.gov/Archives/edgar/data/7084/000000708416000068/adm-2016630x10q.htm,26.44500846023689,0.4805414551607445,-0.6582064297800339,-1.023688663282572,1.2351945854483926,29.96615905245347,23.42639593908629,29.873096446700508,12.607445008460235,25347990000.0,32399990000.0,22.31337147887324,1.6218561648218055,-65.16192802056555,-41.89750413223141,1.4357400169923535,1.4357400169923535,2.073068654424467,70.74233624454149,-83.29046272493574,-53.553702479338845,0.011204044186541,-0.0238677701861173,0.4183517417162277,0.1841987131527757,15.397379912663755,1.514515894904921,5.584615384615384,-1.3506944444444444,0.0069433513268704,0.6197183098591549,0.0332714825004798,0.0,0.096388847324056,-0.5552699228791774,0.0138204619617377,0.9773755656108596,0.0010877215432849,17.9720165208229,0.0091264830294853,0.0078381585847155,-25.763959390862944,7089000000.0,13845000000.0,-1521000000.0,20756000000.0,3786000000.0,2869500000.0,7957000000.0,18.669140699980804,16.76304464766003,48.413125336202256,4.820789636027143,5.368953068592058,1.859,0.0160860945907674,0.365482233502538,2016-08-02,0.45,bmo,17153780487.0,2025-04-23,2016-06-30,-0.0888888888888889,39.8721875,3740267.671875
2016-03-31,ADM,USD,7084,2016-05-03,2016-05-03 14:47:26,2016,Q1,14384000000.0,13588000000.0,796000000.0,0.0553392659,0,475000000.0,0.0,475000000.0,-22000000.0,475000000.0,14063000000.0,22000000.0,70000000.0,231000000.0,533000000.0,0.0370550612,273000000.0,0.0189794216,-15000000.0,306000000.0,0.0212736374,76000000.0,230000000.0,0.0159899889,0.39,0.39,595000000,597000000,https://www.sec.gov/Archives/edgar/data/7084/000000708416000054/0000007084-16-000054-index.htm,https://www.sec.gov/Archives/edgar/data/7084/000000708416000054/adm-2016331x10q.htm,24.174789915966382,0.3865546218487395,0.0386554621848739,-0.2638655462184874,2.0689075630252103,30.105882352941176,23.569747899159665,30.08235294117647,11.287394957983194,21604450000.0,27544450000.0,23.48309782608696,1.501977892102336,939.3239130434782,-137.6079617834395,1.207019945248338,1.207019945248338,1.9149367352614013,51.6781425891182,1197.5847826086956,-175.4423566878981,0.0106459548842946,-0.0072670213775402,0.3713056595340522,0.1674856984450996,11.144465290806757,1.6297505245978083,3.9,0.1,0.0081927565848702,0.7695652173913043,0.0330228031145717,0.0,0.098006602656183,7.826086956521739,0.0125139043381535,0.7792207792207793,0.0019466073414905,16.1753093548061,0.0074322169738626,0.0064260169870362,-22.407563025210084,8103000000.0,14024000000.0,-798000000.0,21883000000.0,4495000000.0,3221500000.0,8078500000.0,27.09260289210233,19.665145716808947,52.41831027377097,3.321939953810624,4.576625126305153,1.716957290876927,0.0128498798815576,0.3025210084033613,2016-05-03,0.45,bmo,15411428571.0,2025-04-23,2016-03-31,-0.0666666666666667,34.79344262295082,4819929.786885246
2015-12-31,ADM,USD,7084,2016-02-19,2016-02-19 14:51:18,2015,Q4,16445000000.0,15580000000.0,865000000.0,0.0525995743,0,482000000.0,0.0,482000000.0,-60000000.0,482000000.0,16062000000.0,19000000.0,73000000.0,224000000.0,600000000.0,0.0364852539,445000000.0,0.0270598966,655000000.0,701000000.0,0.0426269383,-16000000.0,718000000.0,0.0436606871,1.21,1.19,595000000,603000000,https://www.sec.gov/Archives/edgar/data/7084/000000708416000046/0000007084-16-000046-index.htm,https://www.sec.gov/Archives/edgar/data/7084/000000708416000046/adm-20151231x10k.htm,27.638655462184875,1.2067226890756302,2.32436974789916,1.8100840336134456,2.265546218487395,30.10924369747899,23.9109243697479,30.08235294117647,10.0,21824600000.0,26791600000.0,7.599094707520892,1.3271267862572211,15.780621836587128,20.26425255338904,1.219319515056707,1.219319515056707,1.6291638795986625,44.65266666666667,19.372089660159077,24.876137418755803,0.0328986556454642,0.0493479834681964,0.328342365495279,0.1463505739970615,8.278333333333334,1.6163643095149944,6.095890410958904,1.9288702928870296,0.0076519157281233,0.2325905292479108,0.0293098206141684,0.0,0.0918395298453569,0.2212581344902386,0.0186074794770446,1.3660714285714286,0.0009121313469139,28.57925473635063,0.0170152119135547,0.0196879541528421,-22.31512605042017,8324000000.0,14227000000.0,-413000000.0,21865000000.0,4497500000.0,3273000000.0,7835500000.0,25.5031924597142,20.06803594351733,47.616816431322206,3.528969957081545,4.4847438111686815,1.8900885599902948,0.0401139728476451,0.5142857142857142,2016-02-02,0.62,bmo,17253770491.0,2025-04-23,2015-12-31,-0.0161290322580645,40.06296875,4622513.453125
2015-09-30,ADM,USD,7084,2015-11-03,2015-11-03 16:03:34,2015,Q3,16565000000.0,15476000000.0,1089000000.0,0.0657410202,0,511000000.0,0.0,511000000.0,3000000.0,511000000.0,15987000000.0,13000000.0,69000000.0,217000000.0,787000000.0,0.0475098098,522000000.0,0.0315122246,-203000000.0,367000000.0,0.0221551464,114000000.0,252000000.0,0.0152127981,0.41,0.41,612000000,615000000,https://www.sec.gov/Archives/edgar/data/7084/000000708415000037/0000007084-15-000037-index.htm,https://www.sec.gov/Archives/edgar/data/7084/000000708415000037/adm-2015930x10q.htm,27.06699346405229,0.4117647058823529,1.1290849673202614,0.673202614379085,1.857843137254902,29.2124183006536,23.9624183006536,29.187908496732025,11.194444444444445,25367400000.0,31429400000.0,25.16607142857143,1.531385451252641,36.71114327062229,61.57135922330097,1.4201086043777642,1.4201086043777642,1.897337760338062,39.93570520965692,45.48393632416787,76.28495145631068,0.0099340097920953,0.0162413175966003,0.379667469070145,0.1659123712601218,7.702668360864041,1.6309271054493983,7.565217391304348,2.731225296442688,0.0067015145422865,0.6746031746031746,0.0308481738605493,0.0,0.0786016586344399,0.4037626628075253,0.0168427407183821,1.2857142857142858,0.0013281014186537,16.444372518988146,0.0129910780157192,0.0066907391673746,-24.34109477124183,8915000000.0,14665000000.0,46000000.0,22028000000.0,4184000000.0,3044500000.0,7636500000.0,23.55267129489888,17.865081416386662,43.19720858102869,3.821222606689735,5.037760416666667,2.083467959073775,0.0141073727817275,0.4558823529411764,2015-11-03,0.71,bmo,19325833333.0,2025-04-23,2015-09-30,-0.1549295774647887,45.6675,3874369.015625
2015-06-30,ADM,USD,7084,2015-08-04,2015-08-04 16:31:30,2015,Q2,17186000000.0,16222000000.0,964000000.0,0.056092168,0,519000000.0,0.0,519000000.0,-12000000.0,519000000.0,16741000000.0,21000000.0,85000000.0,225000000.0,664000000.0,0.0386360992,381000000.0,0.0221692075,81000000.0,526000000.0,0.0306063075,143000000.0,386000000.0,0.022460142,0.62,0.62,624000000,627000000,https://www.sec.gov/Archives/edgar/data/7084/000000708415000023/0000007084-15-000023-index.htm,https://www.sec.gov/Archives/edgar/data/7084/000000708415000023/adm-2015630x10q.htm,27.541666666666668,0.6185897435897436,0.5801282051282052,0.1057692307692307,1.8846153846153848,29.740384615384617,24.52243589743589,29.71794871794872,11.23076923076923,30089280000.0,36145280000.0,19.487875647668396,1.7508018154311649,83.11955801104972,455.8981818181818,1.6225884383088869,1.6225884383088869,2.1031816594902826,54.43566265060241,99.84883977900552,547.6557575757575,0.0128284890831551,0.0021934722266534,0.3733283002588438,0.1706517452179057,9.120481927710845,1.756590714674547,4.482352941176471,0.9451697127937336,0.0057495559880462,0.4481865284974093,0.0301989991853834,0.0,0.0802603036876355,0.8176795580110497,0.0172233213080414,1.3155555555555556,0.0009309903409752,20.33770909523989,0.009677334638827,0.0103451972555746,-22.25440705128205,9729000000.0,15302000000.0,578000000.0,22882000000.0,4156500000.0,3079500000.0,8108500000.0,21.120097753985803,16.738379977807917,43.52422635926519,4.26134391272006,5.376864434869075,2.0678138942001274,0.0208153580672993,0.4743589743589743,2015-08-04,0.66,bmo,18904600000.0,2025-04-23,2015-06-30,-0.0909090909090909,50.44746031746032,3387811.8571428573
2015-03-31,ADM,USD,7084,2015-05-06,2015-05-05 17:33:37,2015,Q1,17506000000.0,16404000000.0,1102000000.0,0.0629498458,0,498000000.0,0.0,498000000.0,7000000.0,498000000.0,16902000000.0,18000000.0,81000000.0,216000000.0,820000000.0,0.0468410831,541000000.0,0.0309036902,85000000.0,690000000.0,0.0394150577,197000000.0,493000000.0,0.0281617731,0.78,0.77,636000000,639000000,https://www.sec.gov/Archives/edgar/data/7084/000000708415000012/0000007084-15-000012-index.htm,https://www.sec.gov/Archives/edgar/data/7084/000000708415000012/adm-2015331x10q.htm,27.5251572327044,0.7751572327044025,0.070754716981132,-0.3128930817610063,2.037735849056604,29.492138364779876,24.58018867924528,29.440251572327043,10.254716981132075,30146400000.0,35697400000.0,15.287221095334685,1.7220610076545184,669.92,-151.4894472361809,1.610040589617603,1.610040589617603,2.039152290643208,43.53341463414634,793.2755555555556,-179.38391959798994,0.0163535281161266,-0.0066011198683756,0.3439970091860713,0.1544048903272204,6.769512195121951,1.678679311556024,6.679012345679013,0.0912778904665314,0.0058713478226255,0.359026369168357,0.0284473894664686,0.0,0.0748891286108114,5.422222222222223,0.0139380783731292,1.1296296296296295,0.0014852050725465,22.659844188031077,0.0136365123724738,0.0127749993521805,-22.43081761006289,9661000000.0,15633000000.0,938000000.0,22618000000.0,5261500000.0,3734000000.0,8873000000.0,22.00388438249743,17.238478419897586,45.932699341624,4.09018691588785,5.220878421387651,1.9593884376493071,0.0263298440504165,0.3836477987421384,2015-05-05,0.71,bmo,16141896103.0,2025-04-23,2015-03-31,0.0845070422535212,47.61704918032787,3950936.8360655736
2014-12-31,ADM,USD,7084,2015-02-20,2015-02-20 16:20:45,2014,Q4,20894000000.0,19443000000.0,1451000000.0,0.0694457739,0,637000000.0,0.0,637000000.0,17000000.0,637000000.0,20080000000.0,30000000.0,86000000.0,248000000.0,1062000000.0,0.0508279889,1002000000.0,0.0479563511,454000000.0,996000000.0,0.0476691873,291000000.0,701000000.0,0.0335503015,1.1,1.08,637000000,649000000,https://www.sec.gov/Archives/edgar/data/7084/000000708415000005/0000007084-15-000005-index.htm,https://www.sec.gov/Archives/edgar/data/7084/000000708415000005/adm-20141231x10k.htm,32.80062794348509,1.1004709576138147,0.9717425431711146,0.5180533751962323,2.533751962323391,30.816326530612244,25.491365777080063,30.729984301412877,9.020408163265309,33124000000.0,37685000000.0,11.813124108416549,1.5853355030152196,53.51211631663974,100.37575757575758,1.6921583652618135,1.6921583652618135,1.8036278357423183,35.484934086629,60.880452342487885,114.1969696969697,0.0211629030310349,0.0099625649076198,0.2891443167305236,0.128645134895561,4.294726930320151,1.668247660556339,11.651162790697674,0.8780141843971632,0.0046491969568892,0.2196861626248216,0.0304872212118311,0.0,0.0770961656476578,0.4668820678513732,0.0138317220254618,1.1653225806451613,0.0005743275581506,27.58428435108929,0.0248623054633086,0.0172638837581578,-21.010596546310836,10426000000.0,16238000000.0,1661000000.0,23669000000.0,5274000000.0,3730000000.0,8704000000.0,26.891452091509525,20.024687548217862,43.39145193642956,3.346788403011373,4.494452149791956,2.0741412417324514,0.0358109833971902,0.4536891679748822,2015-02-03,0.94,bmo,19640360000.0,2025-04-23,2014-12-31,0.0638297872340426,49.86203125,3849320.25
2014-09-30,ADM,USD,7084,2014-11-05,2014-11-05 15:39:34,2014,Q3,18117000000.0,16647000000.0,1470000000.0,0.0811392615,0,451000000.0,0.0,451000000.0,-5000000.0,451000000.0,17098000000.0,16000000.0,79000000.0,214000000.0,1233000000.0,0.0680576254,1051000000.0,0.0580118121,12000000.0,1033000000.0,0.0570182701,285000000.0,747000000.0,0.0412319921,1.15,1.14,650000000,653000000,https://www.sec.gov/Archives/edgar/data/7084/000000708414000033/0000007084-14-000033-index.htm,https://www.sec.gov/Archives/edgar/data/7084/000000708414000033/adm-2014930x10q.htm,27.872307692307693,1.1492307692307693,5.293846153846154,4.975384615384615,7.518461538461539,31.17076923076923,30.044615384615383,31.11692307692308,8.646153846153846,33215000000.0,34217000000.0,11.116131191432396,1.8333609317215875,9.652717233362395,10.270562770562773,1.6421932166518345,1.6421932166518345,1.888668101782856,27.75101378751014,9.943911653589073,10.58039579468151,0.022489838928195,0.0973656480505795,0.2739543162266389,0.1324932450204442,0.8126520681265207,1.937240927932514,13.30379746835443,4.600267379679145,0.0046665663104019,0.2074966532797858,0.0248937462052216,0.0,0.0175031682647473,0.060156931124673,0.0114257327372081,0.9672897196261684,0.0005519677650825,28.36568036351688,0.0269211461989241,0.0181800481880795,-14.503461538461538,12888000000.0,19529000000.0,5079000000.0,23615000000.0,5069000000.0,3019000000.0,8529000000.0,21.385991058122205,16.94359344025951,43.4348531266895,4.208362369337979,5.311742182514359,2.072068707991038,0.0369326609314743,0.3184615384615384,2014-11-04,0.73,bmo,16327666666.0,2025-04-23,2014-09-30,0.1095890410958905,49.05453125,2797949.671875
2014-06-30,ADM,USD,7084,2014-08-05,2014-08-05 16:38:24,2014,Q2,21494000000.0,20322000000.0,1172000000.0,0.0545268447,0,426000000.0,0.0,426000000.0,-16000000.0,426000000.0,20748000000.0,24000000.0,79000000.0,213000000.0,959000000.0,0.0446171024,691000000.0,0.0321485066,-11000000.0,735000000.0,0.0341955895,203000000.0,533000000.0,0.0247976179,0.81,0.81,656000000,659000000,https://www.sec.gov/Archives/edgar/data/7084/000000708414000026/0000007084-14-000026-index.htm,https://www.sec.gov/Archives/edgar/data/7084/000000708414000026/adm-2014630x10q.htm,32.765243902439025,0.8125,2.044207317073171,1.7240853658536586,3.042682926829268,30.821646341463413,29.67378048780488,30.76829268292683,8.690548780487806,28936160000.0,32928160000.0,13.572307692307692,1.3462436028659162,21.57804623415361,25.584580017683464,1.4336187078874356,1.4336187078874356,1.5319698520517353,34.33593326381648,24.554929157345263,29.11419982316534,0.0184198594423033,0.0390860432068387,0.2785374554102259,0.1407963936889556,4.16266944734098,2.0736691615507525,8.746835443037975,2.5206766917293235,0.0054257372090837,0.2945590994371482,0.0198194845073043,0.0,0.0188580015026296,0.1565995525727069,0.0097701684190937,0.9859154929577464,0.0006048199497534,23.71672090761613,0.0176782263874021,0.0136049212548178,-13.457698170731708,12767000000.0,19466000000.0,4947000000.0,23630000000.0,5276000000.0,3278500000.0,10209000000.0,24.424025309388668,12.860938883968114,39.96457041629761,3.684896279787417,6.99793388429752,2.251994680851064,0.026407055093143,0.3201219512195122,2014-08-05,0.73,bmo,20377428571.0,2025-04-23,2014-06-30,0.0547945205479452,44.18238095238095,3000018.206349206
2014-03-31,ADM,USD,7084,2014-05-02,2014-05-02 15:33:11,2014,Q1,20696000000.0,20021000000.0,675000000.0,0.0326149981,0,393000000.0,0.0,393000000.0,0.0,393000000.0,20414000000.0,22000000.0,93000000.0,219000000.0,501000000.0,0.0242075763,436000000.0,0.0210668728,84000000.0,366000000.0,0.0176845767,98000000.0,267000000.0,0.0129010437,0.4,0.4,660000000,663000000,https://www.sec.gov/Archives/edgar/data/7084/000000708414000018/0000007084-14-000018-index.htm,https://www.sec.gov/Archives/edgar/data/7084/000000708414000018/adm-2014331x10q.htm,31.35757575757576,0.4045454545454545,-0.5424242424242425,-0.8272727272727273,2.325757575757576,30.3969696969697,29.24848484848485,30.337878787878783,8.736363636363636,28637400000.0,33227400000.0,26.814044943820225,1.383716660224198,-79.9927374301676,-52.44945054945055,1.4302252409728813,1.4302252409728813,1.6054986470815618,66.32215568862276,-92.81396648044692,-60.85604395604396,0.0093234721029143,-0.0190659766598923,0.2833241771962243,0.1368835054531416,9.161676646706589,1.9490190249702737,4.688172043010753,-1.335820895522388,0.0055172606451703,0.5917602996254682,0.0189891766524932,0.0,0.0182897403725509,-0.5251396648044693,0.0090838809431774,0.8584474885844748,0.0009663703131039,16.617570420919385,0.011275980312969,0.0065624539153517,-16.07689393939394,12770000000.0,19304000000.0,4844000000.0,23630000000.0,4999000000.0,4083000000.0,11417500000.0,20.5213567839196,16.421257679436593,51.21921981918985,4.3856749311294765,5.480700793868054,1.757152887484641,0.0133346651350946,0.2848484848484848,2014-04-29,0.76,bmo,23929750000.0,2025-04-23,2014-03-31,-0.2763157894736842,41.23770491803279,4680685.032786885
2013-12-31,ADM,USD,7084,2014-02-26,2014-02-26 16:06:16,2013,Q4,24143000000.0,22973000000.0,1170000000.0,0.0484612517,0,442000000.0,0.0,442000000.0,43000000.0,442000000.0,23415000000.0,34000000.0,95000000.0,228000000.0,956000000.0,0.0395973988,954000000.0,0.0395145591,-46000000.0,623000000.0,0.025804581,246000000.0,374000000.0,0.0154910326,0.57,0.56,659000000,663000000,https://www.sec.gov/Archives/edgar/data/7084/000000708414000011/0000007084-14-000011-index.htm,https://www.sec.gov/Archives/edgar/data/7084/000000708414000011/adm-20131231x10k.htm,36.63581183611532,0.56752655538695,0.5417298937784522,0.1562974203338391,5.393019726858877,30.64339908952959,29.79210925644917,30.585735963581183,10.569044006069802,28600600000.0,32349600000.0,19.118048128342245,1.1846332270223252,80.11372549019609,277.6757281553398,1.4189620956538995,1.4189620956538995,1.3399163318560243,33.838493723849375,90.61512605042016,314.073786407767,0.0130766487416347,0.0036013230491668,0.3408414367930145,0.1570213933077345,3.921548117154812,1.8220717843913656,10.042105263157897,0.946949602122016,0.0043705376810276,0.3342245989304813,0.018307583978793,0.0,0.0128222709818979,0.711484593837535,0.0105206478068177,1.1140350877192982,0.0005384583523174,19.762588164159688,0.0194862674851024,0.0086592114097844,-15.666540212443095,12872000000.0,19633000000.0,4972000000.0,23570000000.0,4606500000.0,3727500000.0,10359500000.0,19.678995982272298,17.680320376093675,44.82174726853263,4.573404053798068,5.090405495235985,2.0079538501879206,0.01855526890256,0.385432473444613,2014-02-04,0.84,bmo,21601631578.0,2025-04-23,2013-12-31,0.1309523809523809,40.4275,4549378.15625
2013-09-30,ADM,USD,7084,2013-11-01,2013-11-01 17:15:31,2013,Q3,21393000000.0,20237000000.0,1156000000.0,0.054036367,0,429000000.0,0.0,429000000.0,1000000.0,429000000.0,20666000000.0,12000000.0,105000000.0,227000000.0,1030000000.0,0.04814659,803000000.0,0.0375356425,-18000000.0,709000000.0,0.0331416819,228000000.0,476000000.0,0.0222502688,0.72,0.72,661000000,664000000,https://www.sec.gov/Archives/edgar/data/7084/000000708413000040/0000007084-13-000040-index.htm,https://www.sec.gov/Archives/edgar/data/7084/000000708413000040/adm-2013930x10q.htm,32.364599092284415,0.7201210287443268,3.8139183055975794,3.485627836611195,5.285930408472012,29.600605143721637,28.765506807866867,29.55824508320726,10.573373676248108,24351240000.000004,27983240000.000004,12.78951680672269,1.138280746038424,9.659357397857994,10.569114583333334,1.246352748490122,1.246352748490122,1.308055906137522,27.16819417475729,11.100055533518448,12.145503472222224,0.0195472591950142,0.0946153050111616,0.3523390316306684,0.1660876278710673,3.5262135922330096,1.8970406456773068,7.647619047619048,5.241164241164241,0.0051742744927979,0.2647058823529412,0.0200532884588416,0.0,0.013317892298784,0.0860769535898453,0.0101435048847753,0.9559471365638766,0.00051418688356,21.884333706716166,0.0186469796052658,0.0116392801251956,-16.33661119515885,12337000000.0,19014000000.0,4208000000.0,23014000000.0,4000000000.0,2956500000.0,9736000000.0,16.550273453933528,13.08395513168948,41.26204476948164,5.4379766141331976,6.878653976886472,2.181181289070921,0.0243627802231548,0.3282904689863842,2013-10-29,0.48,bmo,21858065217.0,2025-04-23,2013-09-30,-0.0416666666666665,36.40828125,3406481.015625
2013-06-30,ADM,USD,7084,2013-08-07,2013-08-07 16:31:17,2013,Q2,22541000000.0,21734000000.0,807000000.0,0.0358014285,0,452000000.0,0.0,452000000.0,8000000.0,452000000.0,22186000000.0,29000000.0,107000000.0,227000000.0,651000000.0,0.0288807063,454000000.0,0.0201410763,-137000000.0,317000000.0,0.0140632625,91000000.0,223000000.0,0.0098930837,0.34,0.34,661000000,663000000,https://www.sec.gov/Archives/edgar/data/7084/000000708413000034/0000007084-13-000034-index.htm,https://www.sec.gov/Archives/edgar/data/7084/000000708413000034/adm-2013630x10q.htm,34.10136157337367,0.3373676248108926,3.012102874432678,2.718608169440242,3.069591527987897,28.763993948562785,27.93948562783661,28.729198184568837,11.5446293494705,22705350000.0,28381350000.0,25.45442825112108,1.007291158333703,11.40399296835761,12.635141903171954,1.1956477093206952,1.1956477093206952,1.259098975200745,43.596543778801845,14.254821697639375,15.79373956594324,0.0098214737936213,0.0791443426329037,0.3962085308056872,0.1869874248223072,8.71889400921659,1.9077954735959768,4.242990654205608,8.809734513274336,0.0055053104224334,0.5605381165919282,0.020052349052837,0.0,0.0135444107560017,0.0974384731290808,0.0086065391952442,0.8546255506607929,0.0001774544163967,14.767422946154532,0.0110570124104198,0.0056181190638147,-16.716338880484116,11913000000.0,18468000000.0,3811000000.0,22549000000.0,4108000000.0,3222500000.0,11301000000.0,16.234417284060157,12.30284347105917,42.21312229686206,5.543777668470241,7.315382026253786,2.1320384539925445,0.0117430226434965,0.2934947049924357,2013-08-06,0.42,bmo,21560956521.0,2025-04-23,2013-06-30,0.0952380952380953,33.36421875,4093254.734375
2013-03-31,ADM,USD,7084,2013-05-07,2013-05-07 16:18:08,2013,Q1,21727000000.0,20971000000.0,756000000.0,0.0347954158,0,436000000.0,0.0,436000000.0,-8000000.0,436000000.0,21407000000.0,27000000.0,106000000.0,227000000.0,708000000.0,0.0325861831,476000000.0,0.0219082248,55000000.0,375000000.0,0.0172596309,105000000.0,269000000.0,0.0123809085,0.41,0.41,661000000,662000000,https://www.sec.gov/Archives/edgar/data/7084/000000708413000022/0000007084-13-000022-index.htm,https://www.sec.gov/Archives/edgar/data/7084/000000708413000022/adm10qfy13q1.htm,32.869894099848715,0.4069591527987897,0.540090771558245,0.1649016641452345,2.467473524962178,28.70801815431165,27.88502269288956,28.6732223903177,13.568835098335857,22269090000.0,29684090000.0,20.69618029739777,1.0249500621346712,62.37840336134454,204.3035779816514,1.1749638579644384,1.1749638579644384,1.3662304966171124,41.92668079096045,83.14871148459383,272.3311009174312,0.0120795236805814,0.0048946768817226,0.467630454281644,0.2050386341553694,10.47316384180791,1.7262421013505145,4.490566037735849,1.3222222222222222,0.0056131615616084,0.4646840148698885,0.0200671974962028,0.0,0.0125850182760375,0.6946778711484594,0.0114143692180236,1.092511013215859,0.0006903852349611,16.203354022221358,0.011209891080365,0.00630242256689,-20.12481089258699,11723000000.0,18432000000.0,3615000000.0,22389000000.0,,,,17.190592350531595,14.909160268942829,53.25067950979925,5.235421686746988,6.036557282671272,1.6901192778852354,0.0141930037461087,0.3751891074130106,2013-05-01,0.51,amc,23084937500.0,2025-04-23,2013-03-31,-0.0588235294117647,30.750333333333334,4801894.133333334
2012-09-30,ADM,USD,7084,2012-11-05,2012-11-05 15:24:33,2012,Q3,21808000000.0,21002000000.0,806000000.0,0.0369589142,0,0.0,0.0,390000000.0,0.0,390000000.0,21392000000.0,30000000.0,106000000.0,217000000.0,618000000.0,0.0283382245,559000000.0,0.0256327953,-121000000.0,295000000.0,0.013527146,111000000.0,182000000.0,0.0083455613,0.28,0.28,660000000,661000000,https://www.sec.gov/Archives/edgar/data/7084/000000708412000048/0000007084-12-000048-index.htm,https://www.sec.gov/Archives/edgar/data/7084/000000708412000048/adm10qfy125q1.htm,33.04242424242424,0.2757575757575757,0.7318181818181818,0.35,2.639393939393939,27.94090909090909,27.12121212121212,27.631818181818183,16.05909090909091,18328200000.0,27586200000.0,25.1760989010989,0.8404347028613353,37.94658385093168,79.34285714285714,1.0050008225037013,1.0050008225037013,1.2649578136463684,44.6378640776699,57.114285714285714,119.42077922077922,0.0099300531421525,0.0126035289881166,0.5753687558260678,0.2344280607685433,14.980582524271844,1.7170026192916523,5.273584905660377,2.625,0.0062744841282831,0.6318681318681318,0.0,0.0,0.0120866845397676,0.5217391304347826,0.0115553925165077,1.1612903225806452,0.001008804108584,13.09361951107586,0.0111952352549338,0.0041158777900902,-26.859848484848484,12592000000.0,17900000000.0,3835000000.0,23016000000.0,1719500000.0,3074000000.0,12945500000.0,0.0,15.744214836682222,58.70440910389487,0.0,5.71638541099619,1.5331046061756333,0.0099797115753687,0.3818181818181818,2012-10-24,0.45,bmo,21808000000.0,2025-04-23,2012-09-30,0.111111111111111,26.92015873015873,4940035.26984127
2012-06-30,ADM,USD,7084,2012-08-27,2012-08-24 21:11:10,2012,Q2,22675000000.0,21862000000.0,813000000.0,0.0358544653,0,0.0,0.0,394000000.0,0.0,394000000.0,22256000000.0,24000000.0,116000000.0,220000000.0,752000000.0,0.0331642778,549000000.0,0.0242116869,-3000000.0,416000000.0,0.0183461963,123000000.0,284000000.0,0.0125248071,0.43,0.43,659000000,661000000,https://www.sec.gov/Archives/edgar/data/7084/000000708412000034/0000007084-12-000034-index.htm,https://www.sec.gov/Archives/edgar/data/7084/000000708412000034/adm10kfy12.htm,34.408194233687404,0.4309559939301973,1.0030349013657056,0.5720789074355084,2.2261001517450683,27.570561456752657,26.65553869499241,27.267071320182097,15.836115326251896,19453680000.0,28482680000.0,17.124718309859155,0.857935170893054,29.43068078668684,51.60127320954907,1.0826245200066782,1.0826245200066782,1.2561270121278942,37.87590425531915,43.090287443267776,75.55087533156498,0.0145987802821882,0.0193793667830456,0.5743224442094719,0.2470613583586698,12.006648936170214,1.8428825379461231,4.732758620689655,2.255972696245734,0.0059628820870909,0.4084507042253521,0.0,0.0,0.0144358526250269,0.4296520423600605,0.0125248070562293,1.290909090909091,0.000308710033076,16.260240650217316,0.0125016320972916,0.006898561989895,-20.424506828528077,12328000000.0,17566000000.0,3352000000.0,22743000000.0,1719500000.0,2798000000.0,12712000000.0,13.649834619625135,10.184795535632604,50.19119934132284,6.593486478627508,8.836701697655618,1.7931430446194223,0.015804997495687,0.4309559939301973,2012-07-31,0.6,bmo,35802631578.0,2025-04-23,2012-06-30,-0.3666666666666666,31.383809523809525,4766417.126984127
2012-03-31,ADM,USD,7084,2012-05-09,2012-05-08 19:05:56,2012,Q1,21155000000.0,20147000000.0,1008000000.0,0.0476483101,0,0.0,0.0,402000000.0,0.0,402000000.0,20549000000.0,26000000.0,116000000.0,214000000.0,898000000.0,0.0424485937,747000000.0,0.0353108012,-38000000.0,568000000.0,0.0268494446,163000000.0,399000000.0,0.0188607894,0.6,0.6,662000000,663000000,https://www.sec.gov/Archives/edgar/data/7084/000000708412000018/0000007084-12-000018-index.htm,https://www.sec.gov/Archives/edgar/data/7084/000000708412000018/adm10qfy12q3.htm,31.95619335347432,0.6027190332326284,-1.1827794561933536,-1.6978851963746224,1.8821752265861027,28.022658610271904,27.12235649546828,27.72356495468278,15.779456193353475,20958920000.0,30470920000.0,13.132155388471178,0.990731269203498,-26.76745849297573,-18.646725978647687,1.141988775677001,1.141988775677001,1.4403649255495157,33.93198218262806,-38.91560664112388,-27.109359430604982,0.0190372404684974,-0.0536287175102533,0.5628507600937176,0.2467867552200296,10.592427616926503,1.8395971339732324,6.439655172413793,-1.933333333333333,0.0054869239445543,0.2882205513784461,0.0,0.0,0.0142386162740694,-0.4355044699872286,0.0161191207752304,1.5934579439252337,0.0003308910423067,19.389796440733683,0.01726466053786,0.0096699142067762,-23.330815709969787,12421000000.0,17955000000.0,3908000000.0,22817000000.0,0.0,3629000000.0,12823500000.0,0.0,13.946493274432918,59.10954484538641,0.0,6.453235105701474,1.5225967351874243,0.021740314934888,0.5151057401812689,2012-05-01,0.59,bmo,18355073529.0,2025-04-23,2012-03-31,0.152542372881356,30.59758064516129,4609899.274193549
2011-12-31,ADM,USD,7084,2012-02-06,2012-02-03 18:46:28,2011,Q4,23306000000.0,22493000000.0,813000000.0,0.0348837209,0,0.0,0.0,423000000.0,0.0,423000000.0,22916000000.0,22000000.0,96000000.0,207000000.0,217000000.0,0.0093109071,539000000.0,0.0231270917,-269000000.0,121000000.0,0.0051917961,38000000.0,80000000.0,0.0034325925,0.12,0.12,666000000,667000000,https://www.sec.gov/Archives/edgar/data/7084/000000708412000010/0000007084-12-000010-index.htm,https://www.sec.gov/Archives/edgar/data/7084/000000708412000010/adm10qfy12q2.htm,34.993993993994,0.1201201201201201,1.4324324324324325,0.8183183183183184,2.189189189189189,27.274774774774773,26.38738738738739,26.99249249249249,13.954954954954957,19047600000.0,27381600000.0,59.52375000000001,0.8172831030635888,19.966037735849056,34.9497247706422,1.0595538743950603,1.0595538743950603,1.1748734231528362,126.18248847926267,28.70188679245283,50.24146788990826,0.0042000042000042,0.0286125286125286,0.5116537798297826,0.2215531361402832,38.40552995391705,1.8358621619799045,5.614583333333333,11.49397590361446,0.0061425061425061,1.4625,0.0,0.0,0.0142354754793332,0.4287211740041928,0.0175491289796618,1.9758454106280192,0.0003003518407277,8.541234244073971,0.0126953704195059,0.001954795357361,-23.5518018018018,12395000000.0,17574000000.0,3873000000.0,22587000000.0,5168000000.0,5753500000.0,11768500000.0,0.0,16.54914862401636,49.675454585871165,0.0,5.438346228239845,1.8117599677809104,0.0044501307225899,0.6141141141141141,2012-01-31,0.76,bmo,39361244444.0,2025-04-23,2011-12-31,-0.3289473684210526,28.32555555555556,4496477.317460317
2011-09-30,ADM,USD,7084,2011-11-07,2011-11-04 21:11:22,2011,Q3,21902000000.0,20868000000.0,1034000000.0,0.0472103004,0,0.0,0.0,407000000.0,0.0,407000000.0,21275000000.0,40000000.0,113000000.0,207000000.0,980000000.0,0.0447447722,791000000.0,0.0361154232,33000000.0,660000000.0,0.0301342343,199000000.0,460000000.0,0.0210026482,0.68,0.68,673000000,674000000,https://www.sec.gov/Archives/edgar/data/7084/000000708411000041/0000007084-11-000041-index.htm,https://www.sec.gov/Archives/edgar/data/7084/000000708411000041/adm10qfy12q1.htm,32.54383358098068,0.6835066864784547,3.101040118870728,2.442793462109956,2.713224368499257,27.353640416047547,26.451708766716195,27.315007429420504,14.279346210995543,16697130000.0,24874130000.0,9.074527173913042,0.7623564058076888,8.000541447053186,10.156405109489052,0.9082919001251156,0.9082919001251156,1.1357013058168204,25.38176530612245,11.918605654048871,15.130249391727494,0.0275496447593089,0.0984600347484867,0.5166186150247511,0.2291304767419417,8.343877551020409,1.884038952966365,7.0,4.52711496746204,0.0064082869331436,0.2326086956521739,0.0,0.0,0.0146448562053657,0.212266411116435,0.0202264633366815,2.140096618357488,0.0012327641311295,20.49572589425404,0.0185477882083897,0.0112631914007982,-11.738484398216938,12800000000.0,17802000000.0,4240000000.0,23062000000.0,7572000000.0,4976000000.0,11588500000.0,42.47283353118437,31.78982173663025,47.96722254169063,2.119001547987616,2.831094831094831,1.876281244380507,0.0250231191862046,0.6582466567607727,2011-11-01,0.67,bmo,21267159420.0,2025-04-23,2011-09-30,0.0298507462686565,28.55109375,6935558.5625
2011-06-30,ADM,USD,7084,2011-08-25,2011-08-24 21:58:50,2011,Q2,22870000000.0,21772000000.0,1098000000.0,0.0480104941,0,423000000.0,0.0,423000000.0,0.0,423000000.0,22195000000.0,39000000.0,129000000.0,212000000.0,1105000000.0,0.0483165719,1019000000.0,0.0445561871,-255000000.0,764000000.0,0.033406209,385000000.0,381000000.0,0.0166593791,0.56,0.56,676000000,676000000,https://www.sec.gov/Archives/edgar/data/7084/000000708411000028/0000007084-11-000028-index.htm,https://www.sec.gov/Archives/edgar/data/7084/000000708411000028/adm10kfy11.htm,33.83136094674556,0.5636094674556213,3.5636094674556213,3.0695266272189348,2.002958579881657,27.866863905325445,26.976331360946745,27.82248520710059,15.455621301775148,20381400000.0,30085400000.0,13.373622047244092,0.8911849584608658,8.46052303860523,9.822361445783132,1.083655891110166,1.083655891110166,1.315496283340621,27.22660633484163,12.488750518887503,14.498987951807228,0.0186935146751449,0.10180851168222,0.5486495108464483,0.2436484699659992,8.781900452488689,2.080798910576487,7.89922480620155,1.4373508353221958,0.005004562983897,0.2677165354330709,0.0184958460865763,0.0,0.0142142047601057,0.1386467413864674,0.014604285089637,1.5754716981132075,0.0002623524267599,18.783579573512657,0.0162086347227843,0.009125748502994,-18.53032544378698,14286000000.0,18236000000.0,3990000000.0,24388000000.0,7618000000.0,5142000000.0,12732000000.0,18.920857017927418,10.669208157266214,49.83235348153592,4.756655574043261,8.435490120108485,1.806055578598092,0.0202573373032752,0.4940828402366864,2011-08-02,0.85,bmo,19247029702.0,2025-04-23,2011-06-30,-0.3176470588235294,32.77571428571429,6566565.317460317
2011-03-31,ADM,USD,7084,2011-05-10,2011-05-09 20:11:40,2011,Q1,20077000000.0,18917000000.0,1160000000.0,0.0577775564,0,395000000.0,0.0,395000000.0,0.0,395000000.0,19312000000.0,32000000.0,121000000.0,202000000.0,1114000000.0,0.0554863774,836000000.0,0.0416396872,26000000.0,791000000.0,0.0393983165,223000000.0,578000000.0,0.0287891617,0.91,0.86,638000000,684000000,https://www.sec.gov/Archives/edgar/data/7084/000000708411000016/0000007084-11-000016-index.htm,https://www.sec.gov/Archives/edgar/data/7084/000000708411000016/adm10qfy11q3.htm,31.46865203761756,0.9059561128526644,-1.0438871473354232,-1.463949843260188,7.326018808777429,26.144200626959247,25.213166144200628,26.100313479623825,22.537617554858933,22974380000.0,36374380000.0,9.937015570934255,1.1443133934352745,-34.496066066066064,-24.597837259100643,1.3796769156858033,1.3796769156858033,1.8117437864222743,32.65204667863555,-54.61618618618618,-38.94473233404711,0.0251584591183744,-0.0406539806514909,0.8562334854672111,0.3258003336151543,12.028725314183124,1.7346854059182826,6.909090909090909,0.586784140969163,0.0043962013338336,0.1747404844290657,0.0196742541216317,0.0,0.0135731097045449,-0.4024024024024024,0.01334860785974,1.3267326732673268,0.000249041191413,23.06575637704756,0.0182977788094606,0.0133892376473858,-12.356583072100314,12389000000.0,16086000000.0,2169000000.0,22298000000.0,10526500000.0,7922000000.0,13031500000.0,46.74602779299696,36.64798858169899,63.79499920706243,1.9252972765630991,2.4557964429443078,1.4107688865687225,0.0347105452798462,0.4200626959247649,2011-05-03,0.86,bmo,20077000000.0,2025-04-23,2011-03-31,0.0,34.9908064516129,6736438.435483871
2010-12-31,ADM,USD,7084,2011-02-09,2011-02-08 18:00:58,2010,Q4,20930000000.0,19696000000.0,1234000000.0,0.0589584329,0,412000000.0,0.0,412000000.0,0.0,412000000.0,20108000000.0,41000000.0,232000000.0,211000000.0,1324000000.0,0.0632584806,1410000000.0,0.0673674152,-412000000.0,998000000.0,0.047682752,269000000.0,732000000.0,0.0349737219,1.15,1.14,639000000,641000000,https://www.sec.gov/Archives/edgar/data/7084/000000708411000007/0000007084-11-000007-index.htm,https://www.sec.gov/Archives/edgar/data/7084/000000708411000007/adm10qfy11q2.htm,32.75430359937402,1.1455399061032865,-5.02660406885759,-5.511737089201878,1.81377151799687,24.88888888888889,23.97026604068857,24.86071987480438,20.21439749608764,19221120000.0,31380120000.0,6.564590163934425,0.9183526039178214,-5.984159402241594,-5.457444633730835,1.2099408284023667,1.2099408284023667,1.4992890587673195,23.700996978851965,-9.769651307596511,-8.909744463373084,0.0380831085805613,-0.1832359404654879,0.7985018255067355,0.297700070406008,9.183534743202417,1.5698942589824505,6.077586206896552,-4.406035665294924,0.0049945060433523,0.1311475409836065,0.019684663162924,0.0,0.0137761088946256,-0.0965130759651307,0.0148112756808408,1.4691943127962086,0.0005255613951266,25.31355962717372,0.0338977718470115,0.0174190324346191,-17.607589984350547,10294000000.0,15317000000.0,1651000000.0,20075000000.0,9399500000.0,7583000000.0,10839000000.0,45.688007644529385,37.19993907392364,57.821892770105606,1.9698823529411764,2.419358801130082,1.556503872293346,0.0460783079441017,0.4851330203442879,2011-02-01,0.78,bmo,15401320754.0,2025-04-23,2010-12-31,0.358974358974359,31.15015625,5125275.640625
2010-09-30,ADM,USD,7084,2010-11-08,2010-11-08 17:18:12,2010,Q3,16799000000.0,15991000000.0,808000000.0,0.0480981011,0,381000000.0,0.0,381000000.0,0.0,381000000.0,16372000000.0,24000000.0,117000000.0,252000000.0,831000000.0,0.0494672302,582000000.0,0.0346449193,35000000.0,462000000.0,0.027501637,120000000.0,345000000.0,0.0205369367,0.54,0.54,640000000,641000000,https://www.sec.gov/Archives/edgar/data/7084/000000708410000050/0000007084-10-000050-index.htm,https://www.sec.gov/Archives/edgar/data/7084/000000708410000050/adm10qfy11q1.htm,26.2484375,0.5390625,-1.3609375,-1.884375,2.140625,24.0421875,23.2125,24.0125,14.09375,20428800000.0,28469800000.0,14.803478260869566,1.2160723852610271,-23.454420206659016,-16.939303482587064,1.3293076522644458,1.3293076522644458,1.6947318292755522,34.25968712394705,-32.68633754305396,-23.606799336650084,0.0168879229323308,-0.0590343045112781,0.5793206663196252,0.247058497058497,9.676293622141998,1.8051491622394769,4.974358974358975,-2.546783625730994,0.0046992481203007,0.2782608695652174,0.0226799214238942,0.0,0.0147352647352647,-0.3846153846153846,0.0199416631942377,1.3293650793650793,0.0014881838204655,17.065912261819612,0.0166536980607332,0.0097169412758766,-13.49453125,9851000000.0,14856000000.0,1437000000.0,19290000000.0,7148000000.0,6281500000.0,8447500000.0,43.7918923745461,39.53786504909011,50.78856856982052,2.055174944947394,2.276298932384341,1.772052304964539,0.0224492451847995,0.5234375,2010-11-02,0.75,bmo,23331944444.0,2025-04-23,2010-09-30,-0.2799999999999999,29.8015625,5614562.34375
2010-06-30,ADM,USD,7084,2010-08-30,2010-08-27 21:06:24,2010,Q2,15703000000.0,14777000000.0,926000000.0,0.0589696236,0,0.0,0.0,331000000.0,0.0,331000000.0,15108000000.0,0.0,118000000.0,239000000.0,907000000.0,0.0577596638,699000000.0,0.0445137872,-45000000.0,550000000.0,0.0350251544,105000000.0,446000000.0,0.0284022161,0.7,0.7,639000000,641000000,https://www.sec.gov/Archives/edgar/data/7084/000000708410000043/0000007084-10-000043-index.htm,https://www.sec.gov/Archives/edgar/data/7084/000000708410000043/adm10kfy10.htm,24.57433489827856,0.6979655712050078,-0.1424100156494522,-0.7323943661971831,2.2535211267605635,22.89671361502348,22.07824726134585,22.8622848200313,11.996870109546164,16498980000.0,23000980000.0,9.248307174887891,1.0506896771317582,-181.30747252747253,-35.254230769230766,1.1293709357245534,1.1293709357245534,1.4647506845825635,25.35940463065049,-252.758021978022,-49.147393162393165,0.0270319740977927,-0.0283653898604641,0.5166678075159149,0.2372987927565392,7.168687982359427,2.082418204460545,5.923728813559322,-0.2044943820224719,0.0058185415098387,0.2152466367713004,0.0,0.0,0.0164424044265593,-4.142857142857143,0.0240081513086671,1.5774058577405858,0.010189135833917,18.948205004114676,0.0238701112334675,0.0142560332427681,-11.283255086071987,9561000000.0,14108000000.0,1217000000.0,18796000000.0,5999000000.0,5972000000.0,8045000000.0,35.087562886072725,33.72944440684848,47.93868850240238,2.565011434171839,2.668291802094619,1.8773980434506417,0.030529125881306,0.5899843505477308,2010-08-03,0.53,bmo,12061724637.0,2025-04-23,2010-06-30,0.30188679245283,26.84015873015873,6377988.46031746
2010-03-31,ADM,USD,7084,2010-05-10,2010-05-07 20:05:13,2010,Q1,15145000000.0,14254000000.0,891000000.0,0.0588312975,0,0.0,0.0,355000000.0,0.0,355000000.0,14609000000.0,0.0,101000000.0,242000000.0,877000000.0,0.0579069,676000000.0,0.0446351931,-2000000.0,534000000.0,0.0352591614,118000000.0,421000000.0,0.0277979531,0.65,0.65,643000000,645000000,https://www.sec.gov/Archives/edgar/data/7084/000000708410000018/0000007084-10-000018-index.htm,https://www.sec.gov/Archives/edgar/data/7084/000000708410000018/adm10qty10q3.htm,23.55365474339036,0.6547433903576982,2.1695178849144634,1.7169517884914465,3.213063763608087,22.96889580093313,22.161741835147744,22.930015552099533,11.698289269051322,18582700000.0,24344700000.0,11.034857482185274,1.2269858038956751,13.320931899641575,16.83215579710145,1.2603567552902877,1.2603567552902877,1.6074413998019148,27.759064994298747,17.451397849462367,22.051358695652173,0.0226554806352144,0.0594100964875933,0.5033233857840478,0.2295675307801769,6.57012542759407,2.078822000866176,6.693069306930693,3.3533653846153846,0.0051660953467472,0.2280285035629453,0.0,0.0,0.0160551877745468,0.2086021505376344,0.019214262132717,1.2024793388429753,0.0006602839220864,18.37930120487634,0.0223135342928876,0.0132360801081522,-10.846811819595644,9964000000.0,14250000000.0,1643000000.0,19125000000.0,6475500000.0,6619000000.0,8672500000.0,34.918454935622314,40.44759365792058,51.89490669285814,2.577433628318584,2.225101467374337,1.7342742426085898,0.0285539880629408,0.4525660964230171,2010-05-04,0.71,bmo,14934652777.0,2025-04-23,2010-03-31,0.0140845070422535,29.942295081967213,5465590.098360656
2009-12-31,ADM,USD,7084,2009-12-31,2009-12-31 00:00:00,2009,Q4,15913000000.0,14860000000.0,1053000000.0,0.0661723119,0,0.0,0.0,358000000.0,0.0,269000000.0,15129000000.0,0.0,105000000.0,235000000.0,1209000000.0,0.0759756174,834000000.0,0.0524099793,89000000.0,784000000.0,0.0492678942,223000000.0,567000000.0,0.0356312449,0.88,0.88,643000000,645000000,,,24.74805598755832,0.8818040435458787,-0.9517884914463453,-1.6391912908242612,2.541213063763608,23.009331259720064,22.194401244167963,22.962674961119752,12.3950233281493,20132330000.0,26680330000.0,8.876688712522045,1.2651498774586816,-32.89596405228758,-19.100882352941177,1.363517101252963,1.363517101252963,1.676637340539182,22.06809760132341,-43.59531045751634,-25.31340607210626,0.0281636551755311,-0.0523536023897879,0.5326786318997629,0.2345730561603388,5.416046319272126,2.12375,7.942857142857143,-1.0909090909090908,0.0044704214564335,0.1587301587301587,0.0,0.0,0.0156282621014644,-0.7222222222222222,0.0277760321749513,1.8808510638297875,0.0006912587192861,21.34462559299799,0.0244621274481263,0.0171792152704135,-11.245334370139968,10788000000.0,14271000000.0,1654000000.0,19948000000.0,6837500000.0,6322000000.0,8132500000.0,40.01445359140326,41.37819650067295,55.27187079407806,2.2491872791519434,2.175058548009368,1.6283147052377822,0.0384016254656281,0.687402799377916,2010-02-02,0.72,bmo,13019727272.0,2025-04-23,2009-12-31,0.2222222222222222,30.9290625,4465597.703125
2009-09-30,ADM,USD,7084,2009-11-06,2009-11-06 15:47:27,2009,Q3,14921000000.0,13948000000.0,973000000.0,0.0652101066,0,0.0,0.0,354000000.0,0.0,354000000.0,14302000000.0,30000000.0,98000000.0,196000000.0,771000000.0,0.0516721399,771000000.0,0.0516721399,-54000000.0,717000000.0,0.0480530796,220000000.0,496000000.0,0.0332417398,0.77,0.77,642000000,644000000,https://www.sec.gov/Archives/edgar/data/7084/000000708409000061/0000007084-09-000061-index.htm,https://www.sec.gov/Archives/edgar/data/7084/000000708409000061/adm10qfy10q1.htm,23.24143302180685,0.7725856697819314,3.102803738317757,2.3286604361370715,4.358255451713395,22.18535825545171,21.3582554517134,22.12928348909657,12.422118380062305,18759240000.0,24246240000.0,9.455262096774192,1.257237450573018,9.417289156626506,12.547986622073578,1.3204223270218909,1.3204223270218909,1.62497419743985,31.44778210116732,12.171807228915664,16.218220735785952,0.026440303551743,0.0796940601005158,0.5544449919053988,0.2472301559900819,7.116731517509727,2.241137241137241,7.86734693877551,4.00804828973843,0.0047976357251146,0.1814516129032258,0.0,0.0,0.0166661435610935,0.2494979919678714,0.0333087594665236,2.5357142857142856,0.0013403927350713,19.6131910812571,0.0226281210239265,0.0158314714331311,-9.81386292834891,10608000000.0,13712000000.0,1537000000.0,19505000000.0,6955500000.0,5799000000.0,7460500000.0,39.80966423161986,37.502150845999424,46.064668769716086,2.260757575757576,2.3998623537508603,1.9537750385208013,0.0349123671429576,0.7741433021806854,2009-11-03,0.57,bmo,11045415584.0,2025-04-23,2009-09-30,0.3508771929824563,28.5221875,5392596.015625
2009-06-30,ADM,USD,7084,2009-08-26,2009-08-26 14:25:08,2009,Q2,16532000000.0,16171000000.0,361000000.0,0.0218364384,0,320000000.0,0.0,320000000.0,0.0,320000000.0,16491000000.0,0.0,88000000.0,191000000.0,341000000.0,0.0206266634,106000000.0,0.0064118074,21000000.0,62000000.0,0.0037503024,-2000000.0,64000000.0,0.0038712799,0.1,0.099,642000000,644000000,https://www.sec.gov/Archives/edgar/data/7084/000000708409000051/0000007084-09-000051-index.htm,https://www.sec.gov/Archives/edgar/data/7084/000000708409000051/adm10kfy09.htm,25.75077881619938,0.0996884735202492,-0.794392523364486,-1.473520249221184,2.4221183800623054,21.26635514018692,20.437694704049843,21.225856697819317,12.59190031152648,17186340000.0,24127340000.0,67.134140625,1.0395802080812968,-33.69870588235294,-18.16737843551797,1.2611976223673589,1.2611976223673589,1.459432615533511,70.75466275659824,-47.30850980392157,-25.50458773784355,0.003723887692202,-0.0550437149503617,0.5867762530270786,0.2531821923880691,20.35483870967742,2.1843556555993247,1.2045454545454546,-7.96875,0.0052367170671591,1.40625,0.019356399709654,0.0,0.016845038312963,-0.8549019607843137,0.0263730946044035,2.282722513089005,0.0020566174691507,6.899956391218441,0.0047365635616947,0.002061191626409,-10.90303738317757,10523000000.0,13121000000.0,1479000000.0,19005000000.0,7273500000.0,6118000000.0,7811000000.0,39.80099201548512,32.20209016140004,43.31086512893451,2.261250170975243,2.79484963705496,2.078000514006682,0.0046965583033683,0.6791277258566978,2009-08-04,0.45,bmo,37197000000.0,2025-04-23,2009-06-30,-0.7777777777777777,26.435714285714287,5909298.984126984
2009-03-31,ADM,USD,7084,2009-05-11,2009-05-11 17:24:30,2009,Q1,14842000000.0,14193000000.0,649000000.0,0.0437272605,0,346000000.0,0.0,346000000.0,0.0,346000000.0,14539000000.0,0.0,93000000.0,182000000.0,441000000.0,0.0297129767,167000000.0,0.0112518529,-160000000.0,152000000.0,0.0102412074,144000000.0,8000000.0,0.0005390109,0.01,0.01,642000000,644000000,https://www.sec.gov/Archives/edgar/data/7084/000000708409000030/0000007084-09-000030-index.htm,https://www.sec.gov/Archives/edgar/data/7084/000000708409000030/adm10qfy09q3.htm,23.11838006230529,0.0124610591900311,-0.0218068535825545,-0.6339563862928349,4.0607476635514015,20.91433021806853,20.146417445482864,20.91433021806853,12.682242990654206,17834760000.0,23695760000.0,557.3362500000001,1.2016412882360867,-1273.9114285714286,-43.82004914004914,1.3282758620689656,1.3282758620689656,1.5965341598167362,53.7318820861678,-1692.5542857142857,-58.22054054054054,0.0004485622458614,-0.0228206042582014,0.5994637670365681,0.2517279124315871,13.290249433106576,2.158537881202848,1.7956989247311828,-1.75,0.0050463252659413,11.25,0.0233122220724969,0.0,0.0154182955433932,-28.071428571428573,0.0264789111979517,2.159340659340659,0.0,2.4215348236732432,0.0003844577764067,0.0002541134616606,-10.271028037383177,10903000000.0,12934000000.0,1766000000.0,18979000000.0,7954500000.0,6606000000.0,7760500000.0,43.87818353321655,40.90044388078631,49.714648065948005,2.0511332227750136,2.20046511627907,1.8103316326530607,0.0005958144038132,0.6121495327102804,2009-05-05,0.49,bmo,21389941176.0,2025-04-23,2009-03-31,-0.2448979591836734,27.46,8312321.147540984
2008-12-31,ADM,USD,7084,2009-02-09,2009-02-09 17:21:16,2008,Q4,16673000000.0,15461000000.0,1212000000.0,0.0726923769,0,337000000.0,0.0,337000000.0,0.0,337000000.0,15798000000.0,0.0,71000000.0,180000000.0,1077000000.0,0.0645954537,804000000.0,0.0482216758,-58000000.0,826000000.0,0.0495411744,241000000.0,585000000.0,0.0350866671,0.9,0.9,642000000,643000000,https://www.sec.gov/Archives/edgar/data/7084/000000708409000013/0000007084-09-000013-index.htm,https://www.sec.gov/Archives/edgar/data/7084/000000708409000013/adm10qfy09q2.htm,25.97040498442368,0.911214953271028,1.8457943925233644,0.9330218068535826,5.221183800623053,21.330218068535824,20.549844236760123,21.330218068535824,13.137071651090343,18508860000.0,24623860000.0,7.90976923076923,1.110109758291849,15.619291139240506,30.89959933222037,1.3516036220242442,1.3516036220242442,1.4768703892520842,22.86337975858867,20.779628691983124,41.10828046744575,0.0316064846781487,0.0323628791832668,0.6107054184314298,0.2466888882333854,5.677808727948004,1.991171966489505,11.32394366197183,2.025641025641025,0.0044843388517715,0.1418803418803418,0.0202123193186589,0.0,0.0147783251231527,0.4945147679324894,0.0351466442751754,3.2555555555555555,0.0,20.912180837088428,0.0243216677856888,0.0175149700598802,-10.13979750778816,11003000000.0,13193000000.0,1897000000.0,18916000000.0,8778500000.0,6975500000.0,8007000000.0,46.81640976428957,39.362266347584246,44.71185563676347,1.922402859448864,2.2864537119195503,2.012888946751725,0.0427194391704396,0.912772585669782,2009-02-03,0.68,bmo,12458945054.0,2025-04-23,2008-12-31,0.338235294117647,23.28640625,9231146.6875
2008-09-30,ADM,USD,7084,2008-11-10,2008-11-10 17:22:54,2008,Q3,21160000000.0,19293000000.0,1867000000.0,0.0882325142,0,409000000.0,0.0,409000000.0,0.0,409000000.0,19702000000.0,0.0,0.0,177000000.0,1593000000.0,0.0752835539,1416000000.0,0.0669187146,78000000.0,1494000000.0,0.0706049149,444000000.0,1050000000.0,0.0496219282,1.63,1.63,644000000,645000000,https://www.sec.gov/Archives/edgar/data/7084/000000708408000054/0000007084-08-000054-index.htm,https://www.sec.gov/Archives/edgar/data/7084/000000708408000054/adm10qfy09q1.htm,32.857142857142854,1.6304347826086956,7.267080745341615,6.517080745341615,4.635093167701863,21.013975155279503,20.236024844720497,21.013975155279503,13.206521739130435,14110040000.0,20083040000.0,3.3595333333333337,0.6668260869565218,3.014965811965812,3.361934715272814,1.042639473878667,1.042639473878667,0.9491039697542532,12.60705586942875,4.291247863247864,4.785094114843936,0.0744150973349473,0.2974477747759751,0.628463755264908,0.2450514305471518,3.749529190207156,1.9067845632592348,0.0,4.457142857142857,0.0059532077867957,0.08,0.0193289224952741,0.0,0.0144351283602731,0.1032051282051282,0.0228260869565217,2.7288135593220337,0.0,27.76496191814352,0.0426073863463444,0.0306963690580599,-11.4277950310559,10973000000.0,13032000000.0,1900000000.0,18629000000.0,10183500000.0,6866500000.0,9246500000.0,37.78638941398866,33.535997512051004,38.87264811071373,2.381809995497524,2.6836834052023923,2.315252610104404,0.0775881179339392,0.75,2008-11-04,0.69,bmo,17456999998.0,2025-04-23,2008-09-30,1.3333333333333337,26.52046875,7940671.796875
2008-06-30,ADM,USD,7084,2008-08-29,2008-08-28 20:19:06,2008,Q2,21784000000.0,20977000000.0,807000000.0,0.037045538,0,348000000.0,0.0,348000000.0,0.0,348000000.0,21325000000.0,0.0,0.0,181000000.0,549000000.0,0.0252019831,368000000.0,0.0168931326,170000000.0,538000000.0,0.0246970253,166000000.0,372000000.0,0.0170767536,0.58,0.58,644000000,645000000,https://www.sec.gov/Archives/edgar/data/7084/000000708408000044/0000007084-08-000044-index.htm,https://www.sec.gov/Archives/edgar/data/7084/000000708408000044/adm10kfy08.htm,33.82608695652174,0.577639751552795,-0.0574534161490683,-0.782608695652174,5.124223602484472,20.9472049689441,20.16149068322981,20.9472049689441,17.150621118012424,21735000000.0,31970000000.0,14.606854838709678,0.997750642673522,-587.4324324324325,-43.125,1.6111934766493698,1.6111934766493698,1.4675908923980905,58.23315118397085,-864.0540540540541,-63.43253968253968,0.0171152518978605,-0.0231884057971014,0.8187546330615271,0.2980623920552677,18.64298724954463,1.740988988441283,0.0,-0.0994623655913978,0.0038647342995169,0.2258064516129032,0.0159750275431509,0.0,0.0136550086355785,-12.62162162162162,0.0214377524788835,2.580110497237569,0.0086760925449871,16.499957914027924,0.0098663641565922,0.0101778385772913,-10.207686335403729,10834000000.0,12984000000.0,1889000000.0,18465000000.0,10965000000.0,6740000000.0,10364500000.0,47.44170033051781,28.07646469943271,43.590599227725605,1.897065226857093,3.205531784841076,2.0646653543307085,0.0275759822090437,0.7251552795031055,2008-08-05,0.67,bmo,25164275862.0,2025-04-23,2008-06-30,-0.1343283582089553,40.88359375,7514844.625
2008-03-31,ADM,USD,7084,2008-05-09,2008-05-09 16:15:27,2008,Q1,18708000000.0,17551000000.0,1157000000.0,0.0618451999,0,378000000.0,0.0,378000000.0,0.0,378000000.0,17929000000.0,0.0,0.0,180000000.0,959000000.0,0.0512614924,789000000.0,0.0421744708,-24000000.0,755000000.0,0.0403570665,238000000.0,517000000.0,0.0276352363,0.8,0.8,644000000,647000000,https://www.sec.gov/Archives/edgar/data/7084/000000708408000028/0000007084-08-000028-index.htm,https://www.sec.gov/Archives/edgar/data/7084/000000708408000028/adm10qfy08q3.htm,29.049689440993788,0.8027950310559007,-0.374223602484472,-1.0201863354037266,2.68944099378882,20.437888198757765,19.92701863354037,20.437888198757765,17.074534161490682,26507040000.0,36297040000.0,12.817717601547386,1.416882617062219,-109.98771784232363,-40.345570776255705,2.0139067011092537,2.0139067011092537,1.9401881548000857,37.848842544316994,-150.6101244813278,-55.24663622526637,0.0195042524551968,-0.0247858682070876,0.8354353441726181,0.3011530139950155,10.208550573514078,1.588227887944602,0.0,-0.4661508704061896,0.0031689694511344,0.1624758220502901,0.0202052597819114,0.0,0.009010489414729,-1.7261410788381744,0.0222364763737438,2.311111111111111,0.0,19.21372659201937,0.0211064192204585,0.0142880831306654,-13.197593167701864,9344000000.0,12833000000.0,1878000000.0,16533000000.0,10236500000.0,6546000000.0,10043000000.0,50.25817831943554,35.5672041479118,54.19691185687425,1.7907533263137745,2.5304209919261824,1.6606112214968305,0.0392797447196474,0.6459627329192547,2008-04-29,0.7,bmo,16369499999.0,2025-04-23,2008-03-31,0.142857142857143,43.70360655737705,6679666.393442623
2007-12-31,ADM,USD,7084,2008-02-08,2008-02-07 18:03:35,2007,Q4,16496000000.0,15548000000.0,948000000.0,0.0574684772,0,338000000.0,0.0,338000000.0,0.0,338000000.0,15886000000.0,0.0,0.0,175000000.0,721000000.0,0.0437075655,546000000.0,0.0330989331,139000000.0,685000000.0,0.0415252182,212000000.0,473000000.0,0.0286736178,0.74,0.73,643000000,646000000,https://www.sec.gov/Archives/edgar/data/7084/000000708408000016/0000007084-08-000016-index.htm,https://www.sec.gov/Archives/edgar/data/7084/000000708408000016/adm10qfy08q2.htm,25.65474339035769,0.7356143079315708,-2.668740279937792,-3.5038880248833597,1.71850699844479,19.166407465007776,18.66407465007776,19.166407465007776,15.284603421461895,29854490000.0,38577490000.0,15.779328752642703,1.8098017701260911,-17.397721445221443,-13.250994229915667,2.4224675430055176,2.4224675430055176,2.338596629485936,53.50553398058253,-22.48105477855478,-17.122720816688858,0.0158435129858188,-0.0754660354271669,0.7974683544303798,0.2934607345476261,12.098474341192787,1.556211798640203,0.0,-3.635593220338983,0.0024786891352021,0.1564482029598308,0.0204898157129,0.0,0.0096446700507614,-0.3129370629370629,0.0325533462657613,3.0685714285714285,0.0,17.81093428670684,0.0160269927776819,0.0142611632043899,-12.104199066874028,8099000000.0,12001000000.0,1494000000.0,14996000000.0,9227000000.0,5834000000.0,8632000000.0,54.70053346265761,35.634165165937745,55.0894005659892,1.6453221623778176,2.525666016894087,1.6337081012924242,0.0383803959753326,0.8351477449455676,2008-02-04,0.74,bmo,16276053333.0,2025-04-23,2007-12-31,0.0135135135135135,37.0446875,6125270.859375
2007-09-30,ADM,USD,7084,2007-11-08,2007-11-08 16:44:49,2007,Q3,12828000000.0,11898000000.0,930000000.0,0.0724976614,0,354000000.0,0.0,354000000.0,0.0,354000000.0,12252000000.0,0.0,0.0,185000000.0,761000000.0,0.0593233552,721000000.0,0.0562051762,71000000.0,647000000.0,0.0504365451,206000000.0,441000000.0,0.0343779233,0.68,0.68,644000000,647000000,https://www.sec.gov/Archives/edgar/data/7084/000000708407000179/0000007084-07-000179-index.htm,https://www.sec.gov/Archives/edgar/data/7084/000000708407000179/adm10qfy08q1.htm,19.919254658385093,0.6847826086956522,-1.87888198757764,-2.436335403726708,1.7406832298136643,18.354037267080745,17.858695652173914,18.354037267080745,11.37111801242236,21361480000.0,27563480000.0,12.10968253968254,1.6652229497973183,-17.65411570247934,-13.614710006373487,1.807231810490694,1.807231810490694,2.148696601184908,36.22007884362681,-22.77973553719008,-17.567546207775653,0.0206446369820817,-0.0734499669498555,0.6195431472081219,0.2491494284158955,8.149802890932984,1.6500086760367865,0.0,-2.743764172335601,0.0034641794482404,0.1678004535147392,0.0275958840037418,0.0,0.0108532934131736,-0.296694214876033,0.027985656376676,1.9405405405405405,0.0,16.816415319460845,0.0240241957858507,0.0151687132390878,-9.715062111801242,7492000000.0,11501000000.0,1446000000.0,14039000000.0,7416000000.0,5215500000.0,6903500000.0,59.13002806361085,41.69440242057489,58.60060514372164,1.5220692928334123,2.158563134978229,1.5358203175422744,0.0373096446700507,0.5574534161490683,2007-11-06,0.59,bmo,10659887323.0,2025-04-23,2007-09-30,0.2033898305084746,33.95,5745502.476190476
2007-06-30,ADM,USD,7084,2007-08-27,2007-08-27 16:58:34,2007,Q2,12213889000.0,11496297000.0,717592000.0,0.0587521305,0,292917000.0,0.0,292917000.0,0.0,292917000.0,11789214000.0,0.0,0.0,181224000.0,-389229000.0,-0.0318677368,-570453000.0,-0.0467052714,1964269000.0,1393816000.0,0.1141172971,438720000.0,955096000.0,0.078197534,1.48,1.48,644000000,647000000,https://www.sec.gov/Archives/edgar/data/7084/000000708407000166/0000007084-07-000166-index.htm,https://www.sec.gov/Archives/edgar/data/7084/000000708407000166/adm10kfy07.htm,18.965666149068323,1.4830683229813664,0.52375,-0.0265729813664596,1.358695652173913,17.47360248447205,16.981366459627328,17.47360248447205,8.206521739130435,21309960000.000004,25931960000.000004,5.577962843525678,1.7447317557904778,63.17899761336516,-1245.2498100858998,1.8937136763529727,1.8937136763529727,2.1231534034737014,-66.62391548420082,76.88213581582889,-1515.336878396541,0.0448192300689442,-0.0008030517185391,0.4696525371012174,0.2104068795286248,-11.87475753348286,1.921962379257753,0.0,0.3531529814803957,0.0034939999887376,0.0779576084498312,0.0239822877054147,0.0,0.0126204315630225,1.050736002608992,0.0290168021012799,1.9556350152297708,0.0,24.14699344627613,-0.0219814542215845,0.038510382645861,-8.00776397515528,7254000000.0,10936000000.0,1257000000.0,13581000000.0,6104543500.0,4895661000.0,6331724500.0,47.1889010944835,38.50892161188946,47.44136307543203,1.9072281386633352,2.3371207562512706,1.8970787128712872,0.0848747889451701,0.5503229813664596,2007-07-30,0.59,bmo,12214000000.0,2025-04-23,2007-06-30,0.0,35.932380952380946,6783014.571428572
2007-03-31,ADM,USD,7084,2007-05-09,2007-05-08 17:32:03,2007,Q1,11381150000.0,10635240000.0,745910000.0,0.0655390712,0,294037000.0,0.0,294037000.0,0.0,294037000.0,10929277000.0,0.0,0.0,174847000.0,627000000.0,0.0550910936,691027000.0,0.0607167993,104204000.0,556204000.0,0.0488706326,193313000.0,362891000.0,0.0318852664,0.56,0.56,649000000,653000000,https://www.sec.gov/Archives/edgar/data/7084/000000708407000117/0000007084-07-000117-index.htm,https://www.sec.gov/Archives/edgar/data/7084/000000708407000117/adm10qfy07q3.htm,17.5364406779661,0.5591540832049307,0.4036101694915254,-0.0333035439137134,1.3813959938366718,16.455083204930663,15.961520801232666,16.455083204930663,9.81804622496148,23818300000.0,29293686000.0,16.408715013599128,2.0927849997583725,90.92932431864948,-1101.9848246506897,2.2303138515278413,2.2303138515278413,2.573877507984694,46.7203923444976,111.83229175813058,-1355.310724530397,0.0152358060818782,-0.0009074535126352,0.5966573430646381,0.2513434358065048,8.732673046251994,1.836204923510725,0.0,0.7218228062972077,0.0031908238623243,0.2094292776618874,0.0258354384223035,0.0,0.012635270550568,1.0825141347545078,0.0249146175913681,1.6217435815312815,0.0,14.38821937138372,0.0246847819212278,0.0144976084545086,-9.42989406779661,6941802000.0,10359027000.0,571291000.0,13085083000.0,5891987500.0,5023835000.0,6444992500.0,45.90553942264182,41.23169575862886,55.88124104392567,1.9605477058311096,2.1827867698399244,1.610558361244253,0.0339806293436051,0.4369137134052388,2007-05-01,0.61,bmo,13612568627.0,2025-04-23,2007-03-31,-0.1639344262295081,33.72032786885246,8522083.983606558
2006-12-31,ADM,USD,7084,2007-02-06,2007-02-06 16:51:05,2006,Q4,10976039000.0,10068119000.0,907920000.0,0.082718365,0,298211000.0,0.0,298211000.0,0.0,298211000.0,10366330000.0,0.0,0.0,173804000.0,783875000.0,0.0714169292,692830000.0,0.0631220425,18727000.0,628727000.0,0.0572817753,187459000.0,441268000.0,0.0402028455,0.67,0.67,657000000,661000000,https://www.sec.gov/Archives/edgar/data/7084/000000708407000041/0000007084-07-000041-index.htm,https://www.sec.gov/Archives/edgar/data/7084/000000708407000041/adm10qfy07q2.htm,16.706299847792998,0.6716407914764079,-0.5688173515981735,-1.0384033485540334,1.2523287671232877,16.396779299847793,15.91002283105023,16.396779299847793,8.864222222222223,20997720000.0,25998734000.0,11.89623992675653,1.9130507827095,-56.18675293607662,-30.778020934258336,1.9491632725883352,1.9491632725883352,2.3686809057438665,33.16693860628289,-69.56871717066305,-38.10840316549673,0.0210150435380603,-0.0324907180398633,0.5406075217652351,0.2325274996252836,6.379861585074151,1.6913748776241644,0.0,-0.8469070950080223,0.00310943283366,0.1479622361014168,0.0271692729954767,0.0,0.0127686628085859,-0.8255479472215309,0.0281083184926729,1.7750914823594397,0.0,15.741244585445251,0.0272022863595259,0.0178464491463678,-8.862581430745815,6210326000.0,10452885000.0,919970000.0,12227895000.0,5376718000.0,4645403000.0,5645157000.0,49.02496428811887,46.26299311718505,56.19602231558843,1.835799399486995,1.9453994204834149,1.6015368400021888,0.040961751036232,0.4695859969558599,2007-02-01,0.6,bmo,9829253731.0,2025-04-23,2006-12-31,0.1166666666666667,35.20873015873016,5937265.444444444
2006-09-30,ADM,USD,7084,2006-11-07,2006-11-07 17:01:37,2006,Q3,9446922000.0,8581344000.0,865578000.0,0.0916253993,0,309835000.0,0.0,309835000.0,0.0,309835000.0,8891179000.0,0.0,0.0,171125000.0,726868000.0,0.0769423099,635199000.0,0.067238726,19510000.0,575253000.0,0.0608931671,172508000.0,402745000.0,0.0426324045,0.61,0.61,656618000,660863000,https://www.sec.gov/Archives/edgar/data/7084/000000708406000515/0000007084-06-000515-index.htm,https://www.sec.gov/Archives/edgar/data/7084/000000708406000515/adm10qfy07q1.htm,14.387241897115215,0.6133627162216083,0.1179909780115683,-0.2650582225890853,1.459739148180525,15.670823827552702,15.180966711238495,15.670823827552702,7.332919597086891,24872689840.0,28729125840.0,15.43947773405008,2.6328882402119973,321.04149519199746,-142.91199733397684,2.4172309265195597,2.4172309265195597,3.0411096693716746,39.524543438423485,370.81801665053246,-165.07007412003998,0.0161922575560086,-0.0069973131623306,0.4679345309334682,0.219139023175839,5.305552039710099,1.9292209515595824,0.0,0.1923673788625557,0.0026418131863779,0.1631528634744068,0.0327974550864292,0.0,0.0146390272719576,3.246427879961278,0.026624227446781,1.4697852447041635,0.0,14.706043962830574,0.0271870390962,0.0186022216432226,-7.068012147093135,5962520000.0,9968096000.0,696932000.0,11663042000.0,4622874500.0,4064925000.0,4840643000.0,45.48670138273609,43.16237876025014,52.47896133752475,1.9786002779739569,2.085149210610338,1.714972966426568,0.0391404257345541,0.3830492006006536,2006-10-31,0.55,bmo,8517786885.0,2025-04-23,2006-09-30,0.1090909090909089,40.79904761904762,3939363.523809524
2006-06-30,ADM,USD,7084,2006-09-11,2006-09-08 18:47:56,2006,Q2,9547336000.0,8718433000.0,828903000.0,0.0868203444,0,296541000.0,0.0,296541000.0,0.0,296541000.0,9014974000.0,0.0,0.0,165934000.0,461563000.0,0.0483446901,295629000.0,0.0309645539,286222000.0,581851000.0,0.0609438067,171592000.0,410259000.0,0.0429710445,0.62,0.62,656618000,660863000,https://www.sec.gov/Archives/edgar/data/7084/000000708406000401/0000007084-06-000401-index.htm,https://www.sec.gov/Archives/edgar/data/7084/000000708406000401/adm10kfy06.htm,14.540167951533464,0.6248062039115589,0.7254766089263468,0.3774584309293988,1.6948256063647356,14.935441915999863,14.444605539293777,14.935441915999863,7.1266855310088975,27105191040.0,30671848040.0,16.51712152567037,2.8390318555877787,56.90052510595956,109.36303607885542,2.7638954529881063,2.7638954529881063,3.2126080029025896,66.45213771467817,64.38782360436727,123.75365363976016,0.0151358092032838,0.0091438573384059,0.4771660303786729,0.2200152052068195,7.727345996104541,1.918365608951644,0.0,1.1611226079135375,0.002418798668611,0.1598063662223132,0.0310600779107386,0.0,0.015153112295201,0.479709715950718,0.0239349489742478,1.3771439246929502,0.0,14.49015276882003,0.0132485821217048,0.0195858180877614,-7.09262044293638,5661510000.0,9484588000.0,364127000.0,11276834000.0,4478871000.0,3965338500.0,4566792500.0,42.14873028455268,41.44039186858464,48.28570914062195,2.135295639806844,2.1717941347033376,1.863905524052551,0.0418337942342518,0.348018177996948,2006-08-01,0.52,bmo,8007161290.0,2025-04-23,2006-06-30,0.1923076923076922,39.7715873015873,6541225.523809524
2006-03-31,ADM,USD,7084,2006-05-09,2006-05-09 11:59:42,2006,Q1,9122841000.0,8352109000.0,770732000.0,0.0844837699,0,297295000.0,0.0,297295000.0,0.0,297295000.0,8649404000.0,0.0,0.0,163515000.0,636952000.0,0.0698194784,499710000.0,0.0547756998,19526000.0,492963000.0,0.0540361276,145167000.0,347796000.0,0.0381236503,0.53,0.53,653995000,657130000,https://www.sec.gov/Archives/edgar/data/7084/000000708406000202/0000007084-06-000202-index.htm,https://www.sec.gov/Archives/edgar/data/7084/000000708406000202/adm10kfy06q3.htm,13.949404811963394,0.531802230903906,0.2377403496968631,-0.0910756198441884,1.4040290827911528,14.029767811680518,13.54203013784509,14.029767811680518,7.20689913531449,22006931750.0,25801979750.0,15.818850525882988,2.4122893022031184,141.54097124407485,-369.4731922502224,2.398471624882103,2.398471624882103,2.828283398778955,40.508515162838016,165.94940700149857,-433.1880487886775,0.0158039295959556,-0.002706556310377,0.5136862727916544,0.229395778284369,5.958138132857735,1.83994375787962,0.0,0.4470465445261015,0.0029723362049323,0.1880757685539799,0.0325879843789889,0.0,0.0155247022592335,1.3830886088975505,0.0235720429633707,1.3151331682108676,0.0,12.95661572246391,0.0233900911223122,0.0171942132452038,-7.431113005451112,5173285000.0,8856420000.0,-38713000.0,10727787000.0,4356019500.0,3931862500.0,4409566000.0,44.26128768439568,42.20079623003004,48.017444456244526,2.033379612489889,2.132661182728019,1.8743188234853208,0.0379052766975339,0.3288159695410515,2006-05-02,0.46,bmo,7771444444.0,2025-04-23,2006-03-31,0.1739130434782609,30.71370967741936,4484658.338709678
2005-12-31,ADM,USD,7084,2006-02-08,2006-02-08 16:32:35,2005,Q4,9298985000.0,8515517000.0,783468000.0,0.0842530663,0,294392000.0,0.0,294392000.0,0.0,294392000.0,8809909000.0,0.0,0.0,163092000.0,652168000.0,0.0701332457,587947000.0,0.0632270081,17628000.0,506704000.0,0.0544902481,139027000.0,367677000.0,0.0395394766,0.56,0.56,653270000,655508000,https://www.sec.gov/Archives/edgar/data/7084/000000708406000050/0000007084-06-000050-index.htm,https://www.sec.gov/Archives/edgar/data/7084/000000708406000050/adm10qfy06q2.htm,14.234520183078972,0.5628254779800083,0.5191865537985825,0.2726912302723223,1.2611416412815528,13.570731856659574,13.075002678831112,13.570731856659574,7.062640255943178,16109638200.0,19899583200.0,10.953661909774068,1.7324082359526336,47.4973780032963,90.4319510949192,1.81714591817674,1.81714591817674,2.1399736853000624,30.51297089093608,58.671586141422125,111.70692429030936,0.0228234175985404,0.0110580385349684,0.5204317888336526,0.229557591463093,5.811301689135314,1.8446234561121333,0.0,0.9224645544866826,0.0034470047874818,0.1510293001737938,0.0316585089663011,0.0,0.0161127272459503,0.4747721637295861,0.0173167286537186,0.987344566257082,0.0,13.109308028445527,0.0290111787766232,0.0185931503039995,-7.74387159979794,5052312000.0,8541507000.0,-199311000.0,10546708000.0,4267270500.0,3795228500.0,4261177000.0,40.896379551101546,41.72026196412972,46.11287253610087,2.2006838010572958,2.15722518898324,1.9517326735509863,0.041473480128031,0.2464953235262602,2006-01-31,0.42,bmo,7232555555.0,2025-04-23,2005-12-31,0.2857142857142858,24.333015873015874,2552890.507936508
2005-09-30,ADM,USD,7084,2005-11-08,2005-11-08 15:53:42,2005,Q3,8626949000.0,8044238000.0,582711000.0,0.0675454323,0,304455000.0,0.0,304455000.0,0.0,304455000.0,8348693000.0,0.0,9048000.0,164173000.0,446953000.0,0.0518089304,282780000.0,0.0327786799,-4524000.0,273732000.0,0.0317298734,87394000.0,186338000.0,0.0215995249,0.29,0.29,651945000,653805000,https://www.sec.gov/Archives/edgar/data/7084/000000708405000419/0000007084-05-000419-index.htm,https://www.sec.gov/Archives/edgar/data/7084/000000708405000419/adm10qfy06q1.htm,13.2326331208921,0.2858185889914026,0.6212640636863539,0.3797989094172054,1.771371818174846,13.268677572494612,12.739458083120509,13.268677572494612,7.255639662854995,16076963700.0,19643356700.0,21.5696257607144,1.8635746774439028,39.69326642470928,64.92909639430067,1.8585122643359049,1.8585122643359049,2.276976101284475,43.94949066232915,48.49852282546972,79.33247996833705,0.0115903726273885,0.0154014156292459,0.545778669497811,0.2378118786611032,7.97934682170161,1.8469494972946352,31.25331564986737,2.173630714078717,0.0034515845799913,0.2977975506874604,0.0352911556565362,0.0,0.0173790156377493,0.3886675061106585,0.0182477026350799,0.9588787437642,0.0,9.23741201770963,0.0131445233112501,0.0095519882820031,-7.264533434568867,4961265000.0,8305426000.0,-383275000.0,10519816000.0,4205521500.0,3521008500.0,4033149500.0,44.95376870780156,40.75855662152214,46.53478800602369,2.002056837214203,2.208125298344751,1.9340369615168325,0.0215408496762248,0.2414651542691484,2005-10-28,0.33,bmo,8896593750.0,2025-04-23,2005-09-30,-0.0303030303030303,22.0865625,2897557.828125
2005-06-30,ADM,USD,7084,2005-09-09,2005-09-08 17:56:11,2005,Q2,9423702000.0,8899359000.0,524343000.0,0.0556408723,0,279166000.0,0.0,279166000.0,0.0,279166000.0,9178525000.0,0.0,0.0,157053000.0,417998000.0,0.0443560291,260945000.0,0.0276902856,6095000.0,267040000.0,0.028337059,71556000.0,195484000.0,0.0207438648,0.3,0.3,651945000,653805000,https://www.sec.gov/Archives/edgar/data/7084/000000708405000350/0000007084-05-000350-index.htm,https://www.sec.gov/Archives/edgar/data/7084/000000708405000350/adm10kfy05.htm,14.454750017256057,0.2998473797636303,0.1264324444546702,-0.1383076793287777,2.193438096771967,12.935140234222212,12.436631924472156,12.935140234222212,6.410049927524561,13938584100.0,17595584100.0,17.82573522641239,1.4790985644495125,169.10216433935483,-154.58288436158767,1.6528618641053006,1.6528618641053006,1.8671626182576653,42.094900214833565,213.4686947238162,-195.14006033115595,0.0140246669674289,-0.0064690214840401,0.495553183920313,0.2247015808151414,8.748845688256882,1.8093907210732247,0.0,0.4216559923062757,0.0039787398491931,0.283695852345972,0.02962381450517,0.0,0.0174749973115388,2.093925534108969,0.018315095277843,1.0989665908960669,0.0,9.341722426158864,0.0137624074440595,0.0106979696820445,-5.682993197278911,4344000000.0,8108000000.0,-454000000.0,9853000000.0,4046576500.0,3525425500.0,3936865000.0,39.175687007080654,34.37438584059818,39.511834504035626,2.2973432471964896,2.6182285966460723,2.2777985666751985,0.0231808371872406,0.2647401237834479,2005-07-29,0.28,bmo,8750580428.0,2025-04-23,2005-06-30,0.0714285714285712,20.63078125,3931028.203125
2005-03-31,ADM,USD,7084,2005-05-06,2005-05-06 17:21:11,2005,Q1,8484171000.0,7909315000.0,574856000.0,0.0677562958,0,280395000.0,0.0,280395000.0,0.0,280395000.0,8189710000.0,0.0,0.0,170513000.0,350399000.0,0.0413003227,179886000.0,0.0212025429,229150000.0,409036000.0,0.0482116638,139941000.0,269095000.0,0.0317173004,0.41,0.41,656163000,658904000,https://www.sec.gov/Archives/edgar/data/7084/000000708405000139/0000007084-05-000139-index.htm,https://www.sec.gov/Archives/edgar/data/7084/000000708405000139/adm10qfy05q3.htm,12.92997471664815,0.4101038918683315,1.068133985000678,0.8137200665078647,2.5346476409062992,13.065512685110257,12.54030477183261,13.065512685110257,6.139398289754222,16128486539.999998,19495049540.0,14.984008008324196,1.901009131004077,23.012094311355884,30.206948324977105,1.8812885948219933,1.8812885948219933,2.297814310909104,55.63671568697399,27.815500078473896,36.512164522515,0.0166844545105098,0.0331049660906372,0.469893408526618,0.2122267981266473,9.607798538237835,1.839373814979936,0.0,2.6045448633382264,0.0034592210410834,0.2073319831286348,0.0330491924314113,0.0,0.0181553938228293,0.238185398148016,0.0196762889385421,0.97902799200061,0.0,10.97997705061,0.008468845350201,0.0144386152944316,-5.743724120378626,4583718000.0,8228484000.0,-364095000.0,10177200000.0,4095218500.0,3770895000.0,4084697000.0,42.338110582636766,41.55436848829513,45.1373728319077,2.125744365099509,2.1658372699214725,1.9939131223955249,0.0313882739814485,0.2544139184928135,2005-04-29,0.4,bmo,11312000000.0,2025-04-23,2005-03-31,-0.25,23.70639344262295,2949626.3114754097
2004-12-31,ADM,USD,7084,2005-02-08,2005-02-07 17:48:01,2004,Q4,9063526000.0,8394818000.0,668708000.0,0.073780116,0,269741000.0,0.0,269741000.0,0.0,269741000.0,8664559000.0,0.0,0.0,169639000.0,513211000.0,0.0566237687,343572000.0,0.0379071015,110790000.0,454362000.0,0.0501308211,140853000.0,313509000.0,0.0345901805,0.48,0.48,654985000,657120000,https://www.sec.gov/Archives/edgar/data/7084/000000708405000055/0000007084-05-000055-index.htm,https://www.sec.gov/Archives/edgar/data/7084/000000708405000055/adm10qfy05q2.htm,13.837761170103132,0.4786506561218959,0.5246883516416406,0.3074421551638587,1.906356634121392,13.024261624312008,12.499078604853546,13.024261624312008,6.881493469316092,14612715350.0,18785671350.0,11.65254853130213,1.6122550263550852,42.520478928485176,72.56649625068282,1.7129569908481088,1.7129569908481088,2.07266701171266,36.60418687440448,54.66306046912237,93.28932487460892,0.0214545341157281,0.0137804641489851,0.5283595851967999,0.2326308708808151,8.131072794620536,1.7405367740429931,0.0,1.096182246761656,0.0033632352935691,0.1567610499220118,0.0297611547647129,0.0,0.0177539633995438,0.4140480645283315,0.0156995191496113,0.8387988611109474,0.0,11.84342036193742,0.0164702700076112,0.0164733914287017,-6.633887798957228,4290382000.0,8186709000.0,-760534000.0,9906664000.0,4269295500.0,3740396000.0,3968553500.0,41.69851336003229,41.703645034353336,45.05633832681066,2.1583503282940617,2.1580847411746045,1.9974992052659928,0.0367506941989258,0.2172461964777819,2005-01-28,0.39,bmo,8621853658.0,2025-04-23,2004-12-31,0.0512820512820511,19.8134375,2591903.21875
2004-09-30,ADM,USD,7084,2004-11-05,2004-11-05 16:37:02,2004,Q3,8972411000.0,8308979000.0,663432000.0,0.0739413297,0,251509000.0,0.0,251509000.0,0.0,251509000.0,8560488000.0,0.0,0.0,167447000.0,547200000.0,0.0609869521,379753000.0,0.0423245212,-25986000.0,385937000.0,0.0430137451,119640000.0,266297000.0,0.0296795365,0.41,0.41,652325000,652325000,https://www.sec.gov/Archives/edgar/data/7084/000000708404000443/0000007084-04-000443-index.htm,https://www.sec.gov/Archives/edgar/data/7084/000000708404000443/adm10q05q1.htm,13.754510405089489,0.4082274939638983,1.5317809374161653,1.314108764802821,2.1739623653853526,12.115825700379412,11.597800176292491,12.115825700379412,7.429807227992182,11076478500.0,15415903500.0,10.398613671952743,1.2345041371823025,11.085135991209134,12.921304883426307,1.401472786082443,1.401472786082443,1.718145044849149,28.17233826754386,15.427952731082977,17.98347635279378,0.0240416663111836,0.07739156447602,0.6132316039970362,0.2565262663653195,7.930235745614035,1.605278419155605,0.0,3.752272838221985,0.0044264068223488,0.1841139780020052,0.0280313730612652,0.0,0.017885679870037,0.1421039832108877,0.0158255122285414,0.8479877214879932,0.0,10.549184620946248,0.0188359165271348,0.0143514076879357,-6.821898976737056,3715619000.0,7565535000.0,-1135614000.0,9293536000.0,4190033000.0,3414541500.0,4163045500.0,43.52649806166927,38.894883474852925,40.45020092119621,2.067705972405271,2.3139290302332065,2.2249580459522345,0.0336937410671989,0.2176721726133445,2004-10-29,0.27,bmo,5908390243.0,2025-04-23,2004-09-30,0.5185185185185184,16.22484375,1813084.375
2004-06-30,ADM,USD,7084,2004-09-08,2004-09-08 10:33:59,2004,Q2,9685969000.0,9182712000.0,503257000.0,0.0519573209,0,652695000.0,0.0,652695000.0,0.0,652695000.0,9835407000.0,0.0,0.0,176565000.0,27127000.0,0.0028006491,-183622000.0,-0.0189575251,-8695000.0,-158133000.0,-0.0163259866,-55072000.0,-103061000.0,-0.0106402364,-0.16,-0.16,650260000,652325000,https://www.sec.gov/Archives/edgar/data/7084/000000708404000364/0000007084-04-000364-index.htm,https://www.sec.gov/Archives/edgar/data/7084/000000708404000364/adm10-k04.htm,14.895532556208286,-0.1584919878202565,1.4332420877802723,1.2125841970903946,2.170894719035463,11.838673761264724,11.31969058530434,11.838673761264724,8.72140682188663,10911362800.0,16042337800.0,-26.46821494066621,1.1265122570596706,11.707722054121334,13.838214319684967,1.4173884962438053,1.4173884962438053,1.656245007598104,591.3789877244075,17.213178179789267,20.345516204922035,-0.0094452912884539,0.0722636589446003,0.7366878248155156,0.2927995462398047,189.14642238360304,1.5316493332011898,0.0,-9.042993955036335,0.0043527101857524,-0.4608338750836883,0.0673856172779409,0.0,0.0174235695605839,0.1539571664627996,0.0148136959761072,0.8126469005748591,0.0,,-0.0082250172127649,-0.0054153287205577,-7.585528480915326,3588759000.0,7360742000.0,-1331609000.0,9180971000.0,4491657000.0,3474967000.0,4943023500.0,37.54588828438332,31.73797675457969,45.00286189962181,2.397066739194295,2.8357195134378967,1.9998728125500909,-0.0133876472159263,0.2206578906898779,2004-07-30,0.24,bmo,10089551041.0,2025-04-23,2004-06-30,-0.0416666666666665,16.851612903225806,2339085.5322580645
2004-03-31,ADM,USD,7084,2004-05-14,2004-05-13 20:02:19,2004,Q1,9309019000.0,8722000000.0,587019000.0,0.0630591687,0,251701000.0,0.0,251701000.0,0.0,251701000.0,8973701000.0,0.0,0.0,172415000.0,462538000.0,0.049687083,290123000.0,0.0311657974,48338000.0,338461000.0,0.0363583961,111692000.0,226769000.0,0.0243601393,0.35,0.35,648565000,650962000,https://www.sec.gov/Archives/edgar/data/7084/000000708404000197/0000007084-04-000197-index.htm,https://www.sec.gov/Archives/edgar/data/7084/000000708404000197/adm10q04q3.htm,14.35325526354336,0.3496472982661722,-0.6514921403405981,-0.8288914757965663,2.5999414091108832,12.155410791516656,11.634113774255471,12.155410791516656,10.31065043596247,10941291550.0,16823403550.0,12.06215526593141,1.1753431322892347,-25.89440294886814,-20.352483398128687,1.3878593072126932,1.3878593072126932,1.8072155132565528,36.37193819751026,-39.81540830937082,-31.294115496940048,0.0207259809286409,-0.0491340530999742,0.8482354576744,0.3167446055799326,12.717035140896533,1.5117451618828497,0.0,-1.8632837821748125,0.0044616304918773,0.2152675189289541,0.0270384022204702,0.0,0.0160143163758587,-0.2722969694818181,0.0123595193005836,0.6673143287996984,0.0,9.778926178666485,0.0122213573234948,0.0109160259925506,-7.999392890458165,4112161000.0,7545479000.0,-1080748000.0,9695928000.0,4661084000.0,3741305500.0,5153558500.0,47.78483640435152,38.30008713597799,54.631496216464114,1.8834426728685871,2.349864105542899,1.6474013386599689,0.028764745532927,0.1773993354559681,2004-04-30,0.27,bmo,7616454545.0,2025-04-23,2004-03-31,0.2222222222222222,16.411129032258064,3288759.8387096776
2003-12-31,ADM,USD,7084,2004-02-13,2004-02-13 16:55:12,2003,Q4,9188504000.0,8584210000.0,604294000.0,0.0657663097,0,284265000.0,0.0,284265000.0,0.0,284265000.0,8868475000.0,0.0,0.0,173764000.0,493793000.0,0.0537403042,320029000.0,0.0348292823,0.0,320029000.0,0.0348292823,99208000.0,220821000.0,0.0240323126,0.34,0.34,646845000,646845000,https://www.sec.gov/Archives/edgar/data/7084/000000708404000094/0000007084-04-000094-index.htm,https://www.sec.gov/Archives/edgar/data/7084/000000708404000094/adm10q4q2.htm,14.20510941570237,0.3413816292929527,-1.0018690721888552,-1.2437059882970418,1.9292906337685225,11.758430535908913,11.228676112515362,11.758430535908913,9.27265573669117,9844980900.0,15305826900.0,11.145883883326317,1.0714454605450463,-15.191605792109916,-12.237618973629091,1.2943904336144052,1.2943904336144052,1.6657583106020306,30.996443651489592,-23.61813506281884,-19.025621235945977,0.0224298048155685,-0.0817152423322629,0.78859637843448,0.3008216211444818,11.05897815481386,1.52269456090517,0.0,-2.934748053853573,0.0039570417043673,0.1764189094334325,0.0309370273985841,0.0,0.0171861858111615,-0.241385748718471,0.0170246429669073,0.900249764047789,0.0,9.50355322609514,0.0148909895085827,0.0112686997080673,-8.183919254226282,3785515000.0,7263213000.0,-1304925000.0,9461068000.0,4026152000.0,3433415000.0,4386877500.0,42.89764362076786,39.53556937679763,52.555170481616834,2.0980173362349595,2.276431107953604,1.7124861203043935,0.0290329247811102,0.2418369161081866,2004-01-30,0.27,bmo,6705486486.0,2025-04-23,2003-12-31,0.3703703703703702,14.2575,1625128.15625
2003-09-30,ADM,USD,7084,2003-11-12,2003-11-12 16:51:15,2003,Q3,7967902000.0,7514148000.0,453754000.0,0.0569477386,0,231796000.0,0.0,231796000.0,0.0,231796000.0,7745944000.0,0.0,0.0,167114000.0,353626000.0,0.0443813189,186512000.0,0.0234079184,-4304000.0,217654000.0,0.02731635,67473000.0,150181000.0,0.0188482489,0.23,0.23,645132000,645132000,https://www.sec.gov/Archives/edgar/data/7084/000000708403000173/0000007084-03-000173-index.htm,https://www.sec.gov/Archives/edgar/data/7084/000000708403000173/adm10q4q1.htm,12.350808826720732,0.2327911187167897,0.2665315005301241,0.1204125667305295,2.1158321087777385,11.186902835388729,10.66231716919948,11.186902835388729,7.866703248327474,8457680520.0,12766760520.0,14.07914536459339,1.0614689437696396,49.18743178170144,108.8756793079478,1.171906129239608,1.171906129239608,1.6022737880059268,36.10243737734216,74.24779886942564,164.34644473623234,0.0177567596275201,0.0091847876987436,0.703206541084981,0.286947324295536,12.185416230707018,1.659339392285272,0.0,1.1449384409479229,0.0045925120850982,0.2586345809390002,0.0290912212524702,0.0,0.019134883892919,0.5482238816386349,0.0118307177974829,0.5640820039015283,0.0,7.654721522406207,0.0095861542840971,0.0086569823014369,-6.927779508689695,3614008000.0,6878602000.0,-1374096000.0,9295460000.0,3496513500.0,2972424500.0,3655631000.0,41.48421880690802,37.08112616360498,45.047466459271234,2.1694996938212334,2.4271107517854933,1.9978926024923445,0.0208092554429253,0.1461189337995945,2003-10-31,0.19,bmo,6582260869.0,2025-04-23,2003-09-30,0.2105263157894737,13.13484375,1541703.125
2003-06-30,ADM,USD,7084,2003-09-03,2003-09-03 17:27:04,2003,Q2,8048226000.0,7646306000.0,401920000.0,0.0499389555,0,254127000.0,0.0,254127000.0,0.0,254127000.0,7900433000.0,0.0,29794000.0,172995000.0,335685000.0,0.0417091916,162690000.0,0.0202143926,-14897000.0,132896000.0,0.0165124588,37876000.0,95020000.0,0.0118063285,0.15,0.15,644622000,645132000,https://www.sec.gov/Archives/edgar/data/7084/000000708403000063/0000007084-03-000063-index.htm,https://www.sec.gov/Archives/edgar/data/7084/000000708403000063/adm10k2003.htm,12.485186667535393,0.1474042151834718,0.9204681193009236,0.754885809047783,2.0316216325226257,10.966422182302187,10.431659173903466,10.966422182302187,8.086059737334438,8296285139.999999,12713984140.0,21.827734003367716,1.0308215922365995,13.982016030902294,17.048936204317158,1.1735823941531125,1.1735823941531125,1.5797250400274545,37.87474608636072,21.427316812560463,26.127345052361616,0.0114533189730747,0.0586546860176987,0.7331324901541151,0.3016175578027407,13.160251426188244,1.6361151648809358,5.460495401758744,6.244516943801305,0.0046778768262056,0.4084298042517365,0.0315755298124083,0.0,0.0200618301508146,0.1798892398129953,0.0132623015307969,0.6170004913436804,0.0,6.030852281472296,0.0087160573567295,0.0056431347393738,-7.040854175004887,3274385000.0,6724477000.0,-1691825000.0,9087821000.0,3296680000.0,2859173000.0,3748503500.0,37.12995137064989,33.53296873026008,41.78753112941072,2.4239191455322597,2.683925802214589,2.1537525086438185,0.0134414135014203,0.1655823102531406,2003-07-24,0.15,bmo,7511677599.0,2025-04-23,2003-06-30,0.0666666666666667,11.82,1662576.1904761903
2003-03-31,ADM,USD,7084,2003-05-13,2003-05-13 16:32:12,2003,Q1,7908530000.0,7494182000.0,414348000.0,0.0523925432,0,231225000.0,0.0,231225000.0,0.0,231225000.0,7725407000.0,0.0,58784000.0,163539000.0,376054000.0,0.0475504297,212515000.0,0.0268716184,-29392000.0,153731000.0,0.0194386315,36926000.0,116805000.0,0.0147694957,0.18,0.18,645445000,645445000,https://www.sec.gov/Archives/edgar/data/7084/000000708403000010/0000007084-03-000010-index.htm,https://www.sec.gov/Archives/edgar/data/7084/000000708403000010/adm10q3q3.htm,12.252833316549047,0.1809681692475734,0.8619665502095454,0.6856974645399686,2.156352593946812,10.623275414636414,10.134730302349542,10.623275414636414,9.030707496378469,6970806000.0,11490233000.0,14.91975086682933,0.8814287863863449,12.5294885252502,15.750386370825613,1.0166356023416376,1.0166356023416376,1.4528911188299216,30.55474213809719,20.652811529391464,25.961934565502283,0.0167563119673679,0.063490505975923,0.8415137514328966,0.3286880228815367,12.01802666638302,1.5142917192802032,3.615184403919434,4.763083772098797,0.0055776907290204,0.332871024356834,0.0292374183318518,0.0,0.0179625873658804,0.2044964339123432,0.0143859857647375,0.6956872672573514,0.0,6.576905109699313,0.0119702977896509,0.0067754536749346,-7.557667965512166,3068502000.0,6541411000.0,-1663061000.0,8809766000.0,3407630500.0,3050504000.0,4093370000.0,37.24739743036949,34.45977159348411,47.398152326698224,2.41627620206879,2.6117410487136774,1.8988081936119097,0.0170350633099694,0.1762690856695768,2003-04-23,0.19,bmo,8348388888.0,2025-04-23,2003-03-31,-0.0526315789473684,11.638524590163936,1451485.245901639
2002-12-31,ADM,USD,7084,2003-02-13,2003-02-13 15:53:17,2002,Q4,7807382000.0,7316495000.0,490887000.0,0.0628747255,0,246197000.0,0.0,246197000.0,0.0,246197000.0,7562692000.0,0.0,25681000.0,163292000.0,377815000.0,0.0483920218,214523000.0,0.0274769443,-55848000.0,188842000.0,0.0241876214,57597000.0,131245000.0,0.0168103725,0.2,0.2,646178000,646178000,https://www.sec.gov/Archives/edgar/data/7084/000000708403000004/0000007084-03-000004-index.htm,https://www.sec.gov/Archives/edgar/data/7084/000000708403000004/adm10q3q2.htm,12.082401443565086,0.2031096694718792,-0.4024448371810863,-0.5552107933108215,1.9014141614230136,10.590622088650496,10.124623555738513,10.590622088650496,9.04212616337913,8012607200.0,12766425200.0,15.262690388205264,1.0262860456936782,-30.81167617121257,-22.33385976892952,1.1708471793445008,1.1708471793445008,1.6351736343885823,33.790149147069336,-49.09200579886253,-35.58436636795674,0.0163798120541838,-0.0447750639766791,0.8500334700728158,0.3255350827819369,12.58239614626206,1.4738105100321628,8.353374089794011,-1.9814164349118064,0.004848733880278,0.2960188959579412,0.0315338739669712,0.0,0.0168509678906121,-0.3795947717947633,0.0126436749220161,0.6045244102589227,0.0,6.956924566097162,0.011039488363737,0.007470532252299,-7.769905892803531,3000397000.0,6542309000.0,-1693171000.0,8703904000.0,3384060000.0,3035491000.0,3908506500.0,40.83332031146932,39.75167344473002,52.15560456202047,2.204082335541072,2.26405562837837,1.7256055366586178,0.0191782567418341,0.1527659561297351,2003-01-24,0.18,bmo,7807000000.0,2025-04-23,2002-12-31,0.0,13.0359375,1461118.75
2002-09-30,ADM,USD,7084,2002-11-12,2002-11-12 17:06:47,2002,Q3,6943895000.0,6523912000.0,419983000.0,0.0604823374,0,216145000.0,0.0,216145000.0,0.0,216145000.0,6740057000.0,0.0,13452000.0,148900000.0,317856000.0,0.0457748857,168956000.0,0.0243315891,-48334000.0,155504000.0,0.0223943478,47429000.0,108075000.0,0.0155640314,0.17,0.17,648066000,648066000,https://www.sec.gov/Archives/edgar/data/7084/000000708402000021/0000007084-02-000021-index.htm,https://www.sec.gov/Archives/edgar/data/7084/000000708402000021/adm10qf1.htm,10.714796023861767,0.1667654220403477,0.2953125144661191,0.1400011727200624,1.8874682516904144,10.392166847203834,9.917293917594812,10.392166847203834,8.19531498335046,8107305660.0,12303271660.0,18.75388771686329,1.167544391152228,42.36190268677305,89.35639435688306,1.203791296265225,1.203791296265225,1.7718113047504318,38.707061247860665,64.28646194521951,135.6031264190455,0.0133305693077815,0.011191140904881,0.7866076400076617,0.3136825780309877,13.20083937380449,1.3907892580209718,12.559916741005056,1.7708258154059682,0.0048134363790596,0.3610825815405968,0.0311273427953619,0.0,0.0182223146186544,0.5259219780334619,0.0144950348471571,0.6759704499664204,0.0,6.244494937881068,0.0091542119419979,0.0065180693608221,-7.287259708116147,2346108000.0,6427061000.0,-1804149000.0,8085648000.0,3037703000.0,2585193000.0,3416233500.0,41.81075174667819,39.17058660509216,49.34691792286592,2.152556369837344,2.297642384255232,1.8238221106468868,0.0160472233069678,0.1553113417460567,2002-10-23,0.12,bmo,4901647058.0,2025-04-23,2002-09-30,0.4166666666666668,11.90703125,1593614.0625
2002-06-30,ADM,USD,7084,2002-09-20,2002-09-20 17:02:04,2002,Q2,7068806000.0,6688378000.0,380428000.0,0.0538178583,0,233200000.0,0.0,233200000.0,0.0,233200000.0,6921578000.0,0.0,56064000.0,149510000.0,324770000.0,0.0459441099,175260000.0,0.0247934375,-28032000.0,119196000.0,0.0168622537,6930000.0,112266000.0,0.0158818901,0.17,0.17,648066000,648066000,https://www.sec.gov/Archives/edgar/data/7084/000000708402000017/0000007084-02-000017-index.htm,https://www.sec.gov/Archives/edgar/data/7084/000000708402000017/adm10k02.htm,10.907540281391093,0.1732323559637444,0.4893791681711431,0.3265346430764768,1.5101255119077377,10.423044875059022,10.423044875059022,10.423044875059022,6.852112284859875,8230438200.0,11770808200.0,18.327984875207097,1.1643321658565815,25.95124767460192,38.89326988507485,1.2184539309035725,1.2184539309035725,1.6651762971002455,36.24352064537981,37.1143250827684,55.62343206562831,0.0136403429892712,0.0257113892186202,0.6491003980712442,0.2844109597695889,10.90116082150445,1.560238950843738,3.126070205479452,2.824987084246344,0.0039684399792953,0.2909340316747724,0.0329900127404826,0.0,0.0,0.3327573703294971,0.0149295368977448,0.7058658283726841,0.0,6.373868052486018,0.0137900726222992,0.0072823048735579,-6.045592192770489,2643934000.0,6754821000.0,-1298221000.0,7534175000.0,2739787500.0,2376724500.0,3322710500.0,36.28011152095559,31.36624156110794,43.80540095072378,2.480697997524498,2.869326878856727,2.0545411763549435,0.0166201295341505,0.1628445250946663,2002-07-24,0.18,bmo,9425074666.0,2025-04-23,2002-06-30,-0.3333333333333333,13.895625,1429145.3125
2002-03-31,ADM,USD,7084,2002-05-13,2002-05-13 16:31:03,2002,Q1,5326399000.0,4936156000.0,390243000.0,0.0732658218,0,199713000.0,0.0,199713000.0,0.0,199713000.0,5135869000.0,0.0,28624000.0,154716000.0,359558000.0,0.067504894,204842000.0,0.0384578775,-14312000.0,176218000.0,0.0330838903,59034000.0,117184000.0,0.0220006049,0.18,0.18,653586000,653586000,https://www.sec.gov/Archives/edgar/data/7084/000000708402000005/0000007084-02-000005-index.htm,https://www.sec.gov/Archives/edgar/data/7084/000000708402000005/adm10qf3.htm,8.149499836287802,0.1792939261244885,0.5135269115311527,0.482369573399675,1.5756411551043017,9.936322075442252,9.936322075442252,9.936322075442252,6.932377682508499,9202490880.0,12793396880.0,19.632566903331515,1.7277133913550224,27.418232002717247,29.18923741554858,1.4170233103452736,1.4170233103452736,2.401884815613701,35.58089899265209,38.11710637182168,40.57917619817934,0.012733943616796,0.0342592026562269,0.6932728551342643,0.2939174697047906,9.987000706422888,1.5864072404003753,7.156302403577418,2.864162342981977,0.0035545810831599,0.2791422037138176,0.0374949379496353,0.0,0.0,0.0606732333434634,0.0038232209040291,0.1316218102846506,0.0,6.331212317813077,0.0115320091784399,0.0076499944738869,-6.313751365543325,2720196000.0,6494241000.0,-1464995000.0,7634619000.0,2559669000.0,2436670000.0,3331312500.0,44.43990771250896,44.16820092395783,61.80939378739246,2.0252067259506656,2.037665064849448,1.456089349615296,0.0180442949376224,0.0311573381314777,2002-04-23,0.18,bmo,5494235294.0,2025-04-23,2002-03-31,-0.0555555555555554,13.839166666666667,1354911.65
2001-12-31,ADM,USD,7084,2002-02-13,2002-02-13 00:00:00,2001,Q4,5554224000.0,5046936000.0,507288000.0,0.0913337309,0,209746000.0,0.0,209746000.0,0.0,209746000.0,5256682000.0,0.0,143882000.0,155527000.0,525010000.0,0.0945244556,369483000.0,0.0665228842,-71941000.0,225601000.0,0.0406179153,75576000.0,150025000.0,0.027010974,0.23,0.23,660285000,660285000,https://www.sec.gov/Archives/edgar/data/7084/000000708402000002/0000007084-02-000002-index.htm,https://www.sec.gov/Archives/edgar/data/7084/000000708402000002/adm10qf2.htm,8.411858515640974,0.2272124915756075,0.9690012646054356,0.7288125582134987,1.5555313235951145,9.784814133290928,9.784814133290928,9.784814133290928,7.087544015084395,9475089750.0,13132493750.0,15.789184719213464,1.7059250311114569,14.809062200597984,19.68956192957957,1.4665582610483028,1.4665582610483028,2.364415578125765,25.013797356240836,20.525390463210577,27.289773057869105,0.0158336231063141,0.0507883315828222,0.702071085688601,0.2985219012533871,6.966351117121579,1.5389450950620602,2.567958465965166,4.264735877353775,0.0034907321062578,0.2204632561239793,0.0377633311152016,0.0,0.0,0.2478724385253908,0.0285535837229467,1.0197136188571758,0.0,7.072674174147861,0.0208735421440386,0.0098735819538892,-6.366121447556737,2479003000.0,6460766000.0,-1655086000.0,7434718000.0,2619961000.0,2232880500.0,3061628000.0,40.3361009566773,43.705620598319456,58.35925797355069,2.231251852940964,2.0592317136313727,1.5421717671734172,0.0232209307688902,0.2401887063919368,2002-01-23,0.24,bmo,5701565217.0,2025-04-23,2001-12-31,-0.0416666666666665,14.07609375,1552485.953125
2001-09-30,ADM,USD,7084,2001-11-13,2001-11-13 00:00:00,2001,Q3,5504132000.0,5098635000.0,405497000.0,0.07367138,0,184263000.0,0.0,184263000.0,0.0,184263000.0,5282898000.0,0.0,0.0,154317000.0,286770000.0,0.052100858,132453000.0,0.0240642848,-23312000.0,197922000.0,0.0359588033,66304000.0,131618000.0,0.0239125806,0.2,0.2,662613000,662613000,https://www.sec.gov/Archives/edgar/data/7084/000000708401500056/0000007084-01-500056-index.htm,https://www.sec.gov/Archives/edgar/data/7084/000000708401500056/adm10q_02q1.htm,8.306706931496967,0.1986347988946791,0.3380359274569017,0.2397191120608862,1.0213971050975457,9.71358696554399,9.71358696554399,9.71358696554399,6.696996587751825,8282662500.0,12192266500.0,15.732389376832955,1.5048081150670078,36.97831793809462,52.14436134247456,1.2868572695483107,1.2868572695483107,2.215111574359045,42.51583673327057,54.43292021411957,76.75767906271051,0.0158907839115743,0.0191775289648708,0.6894462994470933,0.304112489733887,13.633239181225372,1.6350668553143295,0.0,1.7017961069154677,0.0038094030753999,0.2397240499019891,0.0334772131191621,0.0,0.0,0.2908472366699853,0.0118358353324375,0.4221569885365838,0.0,6.588836684313336,0.0075736469443717,0.0090200618214633,-6.02200530324639,2550847000.0,6436349000.0,-1587841000.0,7552307000.0,2583534000.0,1904781000.0,2741262500.0,44.97661756658452,35.56618977432195,50.31887946479793,2.0010397595319773,2.530493161372549,1.7885930878679874,0.0204491707954307,0.0983168153960154,2001-10-22,0.13,bmo,3758444444.0,2025-04-23,2001-09-30,0.3846153846153845,12.955084745762711,1438006.2372881356
2001-06-30,ADM,USD,7084,2001-09-28,2001-09-28 00:00:00,2001,Q2,5345292000.0,4983362000.0,361930000.0,0.0677100521,0,187492000.0,0.0,187492000.0,0.0,187492000.0,5170854000.0,0.0,90401000.0,152618000.0,326128000.0,0.0610121954,173510000.0,0.0324603408,-91329000.0,83109000.0,0.0155480748,27010000.0,56099000.0,0.01049503,0.085,0.085,662613000,662613000,https://www.sec.gov/Archives/edgar/data/7084/000000708401500047/0000007084-01-500047-index.htm,https://www.sec.gov/Archives/edgar/data/7084/000000708401500047/adm10k2001.htm,8.06698932861263,0.0846632951662584,0.5381421734858809,0.447550832839078,1.234141195539478,9.555627492971013,9.555627492971013,9.555627492971013,7.092095989665159,8236279590.0,12169107590.0,36.704217499420665,1.5408474579124958,23.09798527679623,27.773381452893748,1.300804160599954,1.300804160599954,2.276602960137631,37.31390003311583,34.1272858545067,41.0351862567568,0.0068112063689668,0.0360056985389443,0.7279129419460829,0.3214041964358127,12.05915468772997,1.5904657923067116,1.9193371754737227,6.356263034991711,0.0037961314521135,0.5573361378990713,0.0350761006133996,0.0,0.0,0.1683409052667003,0.0112298822964208,0.3933153363299217,0.0,4.266467566508027,0.0099839880691468,0.0039120829800366,-6.130612438934944,2283320000.0,6331683000.0,-1857947000.0,7203745000.0,2286007500.0,1750671000.0,2662487000.0,40.68606167820205,32.41216672599743,47.53209780866813,2.2120597641481323,2.7767350686806145,1.8934573509100887,0.008860045583457,0.0905913406468028,2001-07-23,0.16,bmo,6347534250.0,2025-04-23,2001-06-30,-0.1875,12.203333333333331,1767917.9523809524
2001-03-31,ADM,USD,7084,2001-05-09,2001-05-09 00:00:00,2001,Q1,5130346000.0,4760694000.0,369652000.0,0.0720520604,0,186771000.0,0.0,186771000.0,0.0,186771000.0,4947465000.0,0.0,0.0,152426000.0,284481000.0,0.055450646,132055000.0,0.0257399793,-44883000.0,137998000.0,0.0268983807,44849000.0,93149000.0,0.0181564752,0.14,0.14,665541450,665541450,https://www.sec.gov/Archives/edgar/data/7084/000000708401500009/0000007084-01-500009-index.htm,https://www.sec.gov/Archives/edgar/data/7084/000000708401500009/adm3q.htm,7.708529649054916,0.1399597275271134,0.1645998156839067,0.0660379605207158,1.2888648783633236,9.355533002489928,9.355533002489928,9.355533002489928,7.087032670917792,8332578954.0,12468709954.0,22.363575975050725,1.624174851754638,76.06326864935919,189.58792641805647,1.3382455063402443,1.3382455063402443,2.4303838286930355,43.82967563387361,113.81960377186256,283.6957055357102,0.011178891975009,0.0052745974856801,0.7575231329985811,0.3332193098911309,14.539217030311338,1.7279690516932935,0.0,1.1760512726921384,0.003801344118653,0.340046592019238,0.0364051469433055,0.0,0.0,0.5987968744294738,0.0127860771963528,0.4303530893679556,0.0,5.427840419792818,0.0076414800621859,0.0065806503207633,-6.171612977674043,2545279000.0,6226495000.0,-1886799000.0,7555891000.0,2241361500.0,2036357000.0,2927365500.0,37.81469514921606,32.26403965472261,50.91232706828038,2.3800271202732626,2.789483305969913,1.7677447718957673,0.0149601019514188,0.0985618551631908,2001-04-23,0.22,bmo,8061428571.0,2025-04-23,2001-03-31,-0.3636363636363636,13.91741935483871,1796835.8548387096
2000-12-31,ADM,USD,7084,2001-02-14,2001-02-14 00:00:00,2000,Q4,4940999000.0,4524691000.0,416308000.0,0.0842558357,0,187443000.0,0.0,187443000.0,0.0,187443000.0,4712134000.0,0.0,0.0,157782000.0,341697000.0,0.0691554481,183915000.0,0.0372222298,-44262000.0,184603000.0,0.0373614729,59996000.0,124607000.0,0.0252189891,0.19,0.19,665072100,665072100,https://www.sec.gov/Archives/edgar/data/7084/000000708401500003/0000007084-01-500003-index.htm,https://www.sec.gov/Archives/edgar/data/7084/000000708401500003/adm10q2qfy01.htm,7.429268195132528,0.1873586337481304,0.0164764090991036,-0.0899842287776017,1.4151924280089332,9.607851539705244,9.607851539705244,9.607851539705244,7.219779629907795,9503880309.0,13763828309.0,19.06770949665749,1.9234734330041352,867.3006304982661,-158.80560620592854,1.487325229885723,1.487325229885723,2.785636732369304,40.28079938951761,1256.0529575652492,-229.98743957825084,0.0131111710110658,-0.0062970069123584,0.7514457941061492,0.3180370022295232,12.4670336584752,1.4677369928602784,0.0,0.0879404848844768,0.003334111854291,0.2542955050679336,0.0379362554009826,0.0,0.0,6.461398065340391,0.0143298956344658,0.4487457377901154,0.0,6.364162442852637,0.0103482711391289,0.0082532959831954,-6.676797899054854,2146040000.0,6389914000.0,-1973759000.0,7270429000.0,2304195000.0,2290518500.0,2948859500.0,42.38871531850138,47.0628911454948,62.88778172918327,2.1232065969387315,1.912334703827805,1.4311206012571949,0.0195005754381044,0.1064606378767054,2001-01-19,0.17,bmo,4420894736.0,2025-04-23,2000-12-31,0.1176470588235293,10.89857142857143,1751057.888888889
2000-09-30,ADM,USD,7084,2000-11-14,2000-11-14 00:00:00,2000,Q3,4634784000.0,4350876000.0,283908000.0,0.0612559291,0,169323000.0,0.0,169323000.0,0.0,169323000.0,4520199000.0,0.0,0.0,159148000.0,256085000.0,0.0552528446,96937000.0,0.0209151063,19252000.0,116189000.0,0.0250689137,6760000.0,109429000.0,0.0236103775,0.16,0.16,664211100,664211100,https://www.sec.gov/Archives/edgar/data/7084/000000708400000046/0000007084-00-000046-index.htm,https://www.sec.gov/Archives/edgar/data/7084/000000708400000046/0000007084-00-000046-0001.txt,6.977877966809047,0.1647503331395696,0.5827861052005906,0.46725054730341,1.3720472301652291,9.253101912930994,9.253101912930994,9.253101912930994,6.942720469441116,5453173131.000001,9541435131.0,12.45824491451078,1.1765754630636511,14.087501274887432,17.570872944679127,0.8872700287161776,0.8872700287161776,2.058657993770584,37.258859874650994,24.64894774899055,30.743814723878938,0.0200670320511047,0.0569123687336674,0.7503127637380527,0.319424112397939,15.964472733662651,1.451054129664958,0.0,3.5373895402498423,0.0055793203826669,0.278034159135147,0.0365330940988835,0.0,0.0,0.1982469329075958,0.0165574059114728,0.4821926759996984,0.0,5.856633974512991,0.0079498180672912,0.0075799146979927,-6.474429590231178,1924104000.0,6146013000.0,-2100795000.0,7098707000.0,2210573000.0,2177362500.0,2796480500.0,44.29818088609954,45.81796631299076,56.59709217178334,2.031686136986301,1.9642949533201413,1.5901877030507547,0.0178048761042321,0.1155355578971805,2000-10-19,0.11,bmo,3186562500.0,2025-04-23,2000-09-30,0.4545454545454546,8.64809523809524,2052343.9523809524
2000-06-30,ADM,USD,7084,2000-09-28,2000-09-28 00:00:00,2000,Q2,3123682000.0,2757120000.0,366562000.0,0.1173493333,0,174297000.0,0.0,174297000.0,160556000.0,334853000.0,3091973000.0,0.0,0.0,160556000.0,135592000.0,0.0434077477,-24964000.0,-0.0079918506,-41352000.0,-9643000.0,-0.003087062,-69230000.0,59587000.0,0.0190758854,0.09,0.09,664211100,664211100,https://www.sec.gov/Archives/edgar/data/7084/000000708400000039/0000007084-00-000039-index.htm,https://www.sec.gov/Archives/edgar/data/7084/000000708400000039/0000007084-00-000039-0001.txt,4.702845224959354,0.0897109367789848,0.6409648980572592,0.5112094633769294,1.4023388046360563,9.19924855215458,9.19924855215458,9.19924855215458,7.316475138702138,5911478790.0,10293936790.0,24.80188124087469,1.892471381529874,13.885315759061957,17.40969335976039,0.9674703264665578,0.9674703264665578,3.295449661649297,75.91846709245384,24.17915513369788,30.31632005206876,0.0100798805369645,0.0574392655479696,0.7953339989915295,0.3369375515665841,32.32091863826774,1.422212144396017,0.0,7.144779901656402,0.0050966942571065,0.5056304227432158,0.0557985736064042,0.0,0.0,0.2024376608978334,0.0275908367112913,0.5367909016168814,0.0,4.309135309864546,0.0132155469921529,0.0041313587231593,-6.546177864236235,1829422000.0,6110243000.0,-2150490000.0,7106503000.0,2121690500.0,2095945500.0,2968851000.0,61.65500841634968,69.84714484679665,93.25657207520892,1.4597354263945537,1.2885279734398134,0.9650794361969196,0.009751985313841,0.1297554346803298,2000-07-21,0.17,bmo,2756190000.0,2025-04-23,2000-06-30,0.1176470588235293,9.652857142857142,1576888.3333333333
2000-03-31,ADM,USD,7084,2000-05-12,2000-05-12 00:00:00,2000,Q1,3111809000.0,2613450000.0,498359000.0,0.1601508962,0,184850000.0,0.0,184850000.0,163383000.0,348233000.0,2961683000.0,0.0,0.0,163383000.0,214283000.0,0.0688612315,50900000.0,0.0163570451,104031000.0,154931000.0,0.0497880815,51902000.0,103029000.0,0.0331090372,0.14,0.14,736896176,736896176,https://www.sec.gov/Archives/edgar/data/7084/000000708400000020/0000007084-00-000020-index.html,https://www.sec.gov/Archives/edgar/data/7084/000000708400000020/,4.222859476475286,0.1398148115780153,-5.4281730999239165e-05,-0.1096382402722632,1.1775105208308203,8.232375465604262,8.232375465604262,8.232375465604262,6.869107433120945,6889979245.599999,11456846245.599998,16.718543433402242,2.2141395071484142,-172249.48114,-85.28046397663134,1.1357596648823045,1.1357596648823045,3.681731830456175,53.465959714956384,-286421.15614,-141.80669182097236,0.0149534557837449,-0.011726015002381,0.8344016209927262,0.3460197893209635,21.31231595600211,1.3698896969206735,0.0,-0.0003882891977945,0.0044148173623926,0.2952372632948005,0.0594027461197007,0.0,0.0,-2018.8,0.0259501788188156,0.4942497077419315,0.0,5.088976375722927,0.002857464561496,0.0070429371089621,-6.210598452067418,1691955000.0,6066406000.0,-2296122000.0,7135507000.0,2170142500.0,2251223500.0,3073709000.0,60.83716899077032,70.6702749239511,106.09486311197844,1.479358778408213,1.2735198794238425,0.8482974326948233,0.0169835319297785,0.109583958541264,2000-04-17,0.15,bmo,4474000000.0,2025-04-23,2000-03-31,0.0,10.074126984126984,1551266.6984126985
1999-12-31,ADM,USD,7084,2000-02-11,2000-02-11 00:00:00,1999,Q4,3420300000.0,2849200000.0,571100000.0,0.1669736573,0,199500000.0,0.0,199500000.0,164900000.0,364400000.0,3213600000.0,0.0,7500000.0,164900000.0,325600000.0,0.0951963278,160700000.0,0.0469841827,-7437000.0,153200000.0,0.0447913926,51300000.0,101900000.0,0.0297927082,0.14,0.14,740261581,740261581,https://www.sec.gov/Archives/edgar/data/7084/000000708400000006/0000007084-00-000006-index.html,https://www.sec.gov/Archives/edgar/data/7084/000000708400000006/,4.620393774021888,0.1376540436724353,0.1280628394518828,-0.0247209911600153,1.3406071927431285,8.347184506931747,8.347184506931747,8.347184506931747,6.662779923466,8142877391.0,12495977391.0,19.977618721786065,2.380749463789726,85.89533112869199,-444.9659776502732,1.3178096148306386,1.3178096148306386,3.6534740785895976,38.37830894041769,131.8141075,-682.8402945901639,0.0125140039702213,-0.0022473628327286,0.796993089608519,0.3302663081019092,13.369471744471744,1.3730038022813689,21.426666666666662,0.9294117647058824,0.0037327100164364,0.2982826300294406,0.0583282168230856,0.0,0.0,1.1930379746835442,0.0330672748004561,0.6858702243784112,0.0,5.08458781661098,0.0090362992884737,0.0068337435367808,-6.117972506261945,1765800000.0,6179100000.0,-2232400000.0,7282200000.0,2170150000.0,2392050000.0,2950050000.0,58.85799491272695,77.39962094623053,96.86719079039732,1.529104077253219,1.1627963922784963,0.9291071545033588,0.0164910747519865,0.1527838306118982,2000-01-18,0.11,bmo,3264831817.0,2025-04-23,1999-12-31,0.3636363636363636,11.21375,1458597.203125
1999-09-30,ADM,USD,7084,1999-11-12,1999-11-12 00:00:00,1999,Q3,3221000000.0,2789900000.0,431100000.0,0.1338404222,0,170700000.0,0.0,170700000.0,158800000.0,329500000.0,3119400000.0,0.0,8500000.0,158800000.0,221900000.0,0.0688916486,63100000.0,0.0195901894,-8414000.0,54600000.0,0.0169512574,18300000.0,36300000.0,0.011269792,0.0518,0.0518,743223970,743223970,https://www.sec.gov/Archives/edgar/data/7084/000000708499000024/0000007084-99-000024-index.html,https://www.sec.gov/Archives/edgar/data/7084/000000708499000024/,4.333821472415644,0.0488412665162023,0.3967848345903053,0.1967105555005175,1.493762371523082,8.395584980931119,8.395584980931119,8.395584980931119,6.390132977008263,8175463670.0,12199563670.0,56.30484621212121,2.5381756193728657,27.72283374025093,55.91972414500684,1.3102124539248052,1.3102124539248052,3.787508124805961,54.97775425867508,41.368476330959645,83.44434794801641,0.0044401151378365,0.0178827777727743,0.7597679412801692,0.3229449791892315,18.13474538080216,1.406685112459836,7.423529411764706,8.12396694214876,0.0036089696182332,0.8128099173553719,0.0529959639863396,0.0,0.0,0.5042387249915226,0.0461657870226637,0.9363979848866498,0.0,3.037457420490756,0.0035735909517768,0.0024727688880714,-5.833403085748163,1822600000.0,6239800000.0,-2135900000.0,7412600000.0,2012850000.0,2169100000.0,2783100000.0,58.775225085377215,75.28656941109,91.4065020251622,1.5312574280960305,1.195432342103008,0.9846126698429504,0.0058174941504535,0.2000742790897877,1999-10-15,0.1,bmo,9222000000.0,2025-04-23,1999-09-30,-0.5,12.1528125,1306170.296875
1999-06-30,ADM,USD,7084,1999-09-22,1999-09-22 00:00:00,1999,Q2,3192200000.0,2754000000.0,438200000.0,0.1372721007,0,178300000.0,0.0,178300000.0,160200000.0,338500000.0,3092500000.0,0.0,16900000.0,160200000.0,230700000.0,0.0722699079,70500000.0,0.0220850824,-46100000.0,53600000.0,0.0167909279,11300000.0,42300000.0,0.0132510494,0.06,0.06,700643382,700643382,https://www.sec.gov/Archives/edgar/data/7084/000000708499000022/0000007084-99-000022-index.html,https://www.sec.gov/Archives/edgar/data/7084/000000708499000022/,4.556098126393207,0.0603730814944028,0.670241112760557,0.3933527484599862,1.2896717834123494,8.90695632089764,8.90695632089764,8.90695632089764,6.38998399902106,9346582715.88,13125382715.88,55.23985056666667,2.9279439621201675,19.90328517010221,33.913580246298984,1.497705784039996,1.497705784039996,4.111704378134202,56.89372655344603,27.950133551703576,47.62475586313497,0.0045257182529537,0.0294867127781099,0.7147069192064865,0.3179067562847917,16.379713914174253,1.5075905528213942,4.171597633136095,11.101654846335697,0.002385898748011,0.5271867612293144,0.055854896309755,0.0,0.0,0.4131175468483816,0.0607731345153812,1.2109862671660423,0.0,3.478384538279859,0.004855787436238,0.0030149894154626,-5.819936510868235,1949300000.0,6240600000.0,-1999700000.0,7516500000.0,1894800000.0,1894400000.0,2870400000.0,54.19397280872126,65.50326797385621,89.30392156862744,1.6607012797835814,1.37397725004989,1.0077944889669557,0.0067781944043841,0.2768883643005708,1999-07-16,0.05,bmo,2553760000.0,2025-04-23,1999-06-30,0.1999999999999999,13.176507936507935,1278404.3015873015
1999-03-31,ADM,USD,7084,1999-05-14,1999-05-14 00:00:00,1999,Q1,3378100000.0,2980200000.0,397900000.0,0.1177881057,0,173800000.0,0.0,173800000.0,159000000.0,332800000.0,3313000000.0,0.0,8200000.0,159000000.0,185100000.0,0.054794115,26100000.0,0.0077262366,-47200000.0,17900000.0,0.0052988366,6200000.0,11700000.0,0.0034634854,0.0164,0.0164,711355699,711355699,https://www.sec.gov/Archives/edgar/data/7084/000000708499000010/0000007084-99-000010-index.html,https://www.sec.gov/Archives/edgar/data/7084/,4.7488197602814175,0.0164474678651586,0.315032269109578,0.043157031064989,0.806909961931717,8.787305716095767,8.787305716095767,8.787305716095767,6.455982578695838,9027103820.31,13037403820.31,192.8868337673077,2.6722429236286667,40.28158777469879,294.0424697169381,1.4441286567230318,1.4441286567230318,3.8593895445102273,70.43438044467855,58.17672387465417,424.6711342120521,0.0012960967584837,0.0034008692722607,0.7333823929354173,0.328722626167018,21.665586169638036,1.4367105616769686,3.182926829268293,19.153846153846157,0.0030574590200129,2.358974358974359,0.0514490394008466,0.0,0.0,0.8630075858991522,0.0572511174920813,1.2163522012578616,0.0,1.80330277233282,0.0014787397207444,0.0008389622682097,-5.927133227339197,1787500000.0,6250900000.0,-1814300000.0,7323700000.0,1873350000.0,1887950000.0,3065900000.0,49.75163553476806,53.887658546406286,90.8425609019529,1.808985755596016,1.6701412239408204,0.990725042385559,0.0018717304708122,0.271875238044589,1999-04-16,0.15,bmo,25335000000.0,2025-04-23,1999-03-31,-0.8666666666666667,13.369508196721313,1392439.475409836
1998-12-31,ADM,USD,7084,1999-02-12,1999-02-12 00:00:00,1998,Q4,3911500000.0,3335600000.0,575900000.0,0.1472325195,0,182200000.0,0.0,182200000.0,154600000.0,336800000.0,3672400000.0,0.0,69100000.0,154600000.0,378300000.0,0.0967148153,223700000.0,0.0571903362,-69200000.0,169900000.0,0.043436022,59500000.0,95100000.0,0.0243129234,0.12,0.12,826006434,826006434,https://www.sec.gov/Archives/edgar/data/7084/000000708499000003/0000007084-99-000003-index.html,https://www.sec.gov/Archives/edgar/data/7084/,4.73543526901874,0.1151322751076779,0.090314066488252,-0.1522990558206717,0.5767509554289985,7.90865510376884,7.90865510376884,7.90865510376884,5.436277267544868,12216635158.86,16161535158.86,32.1152343818612,3.123260937967532,163.76186540026808,-97.11156724054052,1.870103046085785,1.870103046085785,4.1317998616540965,42.72147808316151,216.64256245120643,-128.47007280492844,0.0077844675529193,-0.0102974344706336,0.6768055598077335,0.3101904795313431,10.427967221781657,1.482617940856493,3.2373371924746746,0.6757246376811594,0.002332884597878,0.2996845425867508,0.0465805956794068,0.0,0.0,2.6863270777479893,0.0512335421193915,1.296248382923674,0.0,4.52627691824354,0.0124011566033072,0.0066720454625179,-5.173295054503171,1951900000.0,6532600000.0,-1724600000.0,7488200000.0,1991300000.0,1977600000.0,2898650000.0,43.24095615492778,53.73396090658352,84.28258784026862,2.081360080881179,1.674918403213658,1.067836219867465,0.0145577564828705,0.2426131223089238,1999-01-19,0.16,bmo,3911500000.0,2025-04-23,1998-12-31,0.0,14.65125,1242291.1875
1998-09-30,ADM,USD,7084,1998-09-30,1998-09-30 00:00:00,1998,Q3,3801400000.0,3359400000.0,442000000.0,0.1162729521,0,166800000.0,0.0,166800000.0,148400000.0,315200000.0,3674600000.0,0.0,0.0,148400000.0,143600000.0,0.0377755564,-4800000.0,-0.0012626927,183200000.0,178400000.0,0.0469300784,61500000.0,116900000.0,0.0307518283,0.15,0.15,789719669,789719669,,,4.813606839517632,0.1480272109064058,0.5717218624828249,0.2935218775714702,0.4862484943375521,8.132252813371425,8.132252813371425,8.132252813371425,5.286432849376074,11427243610.43,15218043610.43,24.438074444888795,3.006061874685642,25.30950965765227,49.297858543701466,1.7793347467269782,1.7793347467269782,4.003273428323776,105.97523405591922,33.705522946688816,65.65161177924935,0.010229938556075,0.0202848567775722,0.6500576126560992,0.301399136549374,26.3983286908078,1.511002057938895,0.0,3.862275449101797,0.0024852887510053,0.2429426860564585,0.04387857105277,0.0,0.0,0.4866002214839424,0.0577944967643499,1.4804582210242587,0.0,5.20436170945638,-0.0002784626637705,0.0084395801146454,-5.230875160081647,1936800000.0,6422200000.0,-1702200000.0,7386600000.0,2047000000.0,1799200000.0,2618150000.0,49.79665386436576,52.60850151812824,71.6270762636185,1.8073503542052964,1.71075011457962,1.256508078994614,0.0182024851297063,0.2781999849113546,1998-10-15,0.12,bmo,5068000000.0,2025-04-23,1998-09-30,-0.25,14.22484375,1504652.28125
1998-06-30,ADM,USD,7084,1998-09-24,1998-09-24 00:00:00,1998,Q2,4046700000.0,3576000000.0,470700000.0,0.116316999,0,160800000.0,0.0,160800000.0,161800000.0,322600000.0,3898600000.0,0.0,20900000.0,161800000.0,277700000.0,0.0686238169,115900000.0,0.0286406208,-53100000.0,95000000.0,0.0234759186,32300000.0,62700000.0,0.0154941063,0.079,0.079,789719669,789719669,https://www.sec.gov/Archives/edgar/data/7084/000000708498000029/0000007084-98-000029-index.html,https://www.sec.gov/Archives/edgar/data/7084/,5.124223390718156,0.0793952619660534,0.4666212764671561,0.2183053136036301,0.4385100353882664,8.236973517750892,8.236973517750892,8.236973517750892,5.615030464690123,12588131523.86,16655231523.86,50.19191197711323,3.1107152800701803,34.16046546502035,73.0170041987239,1.935176793472613,1.935176793472613,4.115756424706551,59.975626661361176,45.19737184222523,96.60807148410672,0.0049808821810573,0.0136954400002277,0.6784731510092392,0.3190371200346983,14.645660785019803,1.4665752024318726,5.545454545454546,5.87719298245614,0.0021369335035158,0.4290271132376395,0.03973608125139,0.0,0.0,0.532157394843962,0.048459238391776,1.2119901112484548,0.0,3.835945135244862,0.0065477423496683,0.0045324755123432,-5.328378113373291,1734400000.0,6504900000.0,-1876900000.0,7057100000.0,1931100000.0,1526650000.0,2551100000.0,44.27385276892282,41.14177852348993,64.4974832214765,2.0328025317727434,2.187557349972472,1.3954032855972216,0.0096388876078033,0.2483159628635259,1998-08-06,0.17,bmo,7644333333.0,2025-04-23,1998-06-30,-0.4705882352941177,16.96142857142857,1774223.603174603
1998-03-31,ADM,USD,7084,1998-05-15,1998-05-15 00:00:00,1998,Q1,4280300000.0,3755100000.0,525200000.0,0.1227016798,0,228100000.0,0.0,228100000.0,140700000.0,368800000.0,4123900000.0,0.0,19500000.0,140700000.0,266700000.0,0.0623087167,126000000.0,0.029437189,-49900000.0,106500000.0,0.0248814335,36200000.0,70300000.0,0.0164240824,0.0811,0.0811,845829472,845829472,https://www.sec.gov/Archives/edgar/data/7084/000000708498000014/0000007084-98-000014-index.html,https://www.sec.gov/Archives/edgar/data/7084/,5.060476303667981,0.0831136799167953,0.1059315180731843,-0.5527118828037243,0.3350557167627283,7.702261762758723,7.702261762758723,7.702261762758723,5.190407931304621,15267221969.6,19354521969.6,54.293108,3.566857923416583,170.39310233928572,-32.65715929326203,2.343467484742433,2.343467484742433,4.521767626007523,72.57038608773902,216.0102898392857,-41.40004699379679,0.0046046360064706,-0.0306211569420345,0.6708878246454227,0.3192902226637835,15.325459317585302,1.494259034615059,6.461538461538462,1.2745376955903271,0.0018536443667584,0.4025604551920341,0.0532906571969254,0.0,0.0,6.217633928571429,0.1301544284279139,3.9594882729211087,0.0,3.795217341954115,0.0071349258802363,0.0051355852960084,-4.985904534667244,1752000000.0,6514800000.0,-1877300000.0,7180500000.0,1898200000.0,1449700000.0,2549850000.0,39.3512136999743,34.00015978269553,60.865223296317005,2.287095912369757,2.647046383758635,1.47867690490254,0.0107908147602382,0.6586434008769086,1998-04-16,0.22,bmo,5885000000.0,2025-04-23,1998-03-31,-0.2727272727272727,18.289508196721314,1208407.1803278688
1997-12-12,ADM,USD,7084,1997-12-15,1997-12-15 00:00:00,1997,Q4,4130300000.0,3635600000.0,494700000.0,0.1197733821,0,136700000.0,0.0,136700000.0,132300000.0,269000000.0,3904600000.0,0.0,0.0,132300000.0,301900000.0,0.0730939641,169600000.0,0.0410623926,-16200000.0,209400000.0,0.0506984965,70200000.0,139200000.0,0.0337021524,0.17,0.17,807861297,807861297,https://www.sec.gov/Archives/edgar/data/7084/000000708497000042/0000007084-97-000042-index.html,https://www.sec.gov/Archives/edgar/data/7084/,5.11263507156229,0.1723068062759293,-0.1961970459391867,-0.3564968405708882,0.553807939136859,8.0271205268545,8.0271205268545,8.0271205268545,5.404516859779705,13709406210.089998,17628106210.089996,24.621778394558188,3.3192277098733745,-86.4946764043533,-47.60210489614583,2.114083118999815,2.114083118999815,4.267996564435997,58.3905472344816,-111.21833571034698,-61.208702118368045,0.0101536126267489,-0.0210074744001702,0.6732821366888725,0.321362853483682,12.98012586949321,1.585731483604678,0.0,-1.1386494252873562,0.0019621564630714,0.1932471264367816,0.0330968694767934,0.0,0.0,-0.8170347003154574,0.0313536546982059,0.9788359788359788,0.0,5.57856332628937,0.009716936007114,0.0102456904800459,-4.864974983446942,2043500000.0,6484800000.0,-1569100000.0,7196900000.0,1739150000.0,1368100000.0,2315800000.0,41.943926591288765,36.65749807459567,63.37825943448125,2.145721855680814,2.4551593733117234,1.4200453089602374,0.0214655810510732,0.1602997946317015,1998-01-16,0.26,bmo,5083446153.0,2025-04-23,1997-12-12,-0.2307692307692307,18.25359375,1360196.53125
1997-09-30,ADM,USD,7084,1997-10-01,1997-10-01 00:00:00,1997,Q3,3651300000.0,3200800000.0,450500000.0,0.1233807137,0,135000000.0,0.0,135000000.0,125300000.0,260300000.0,3461100000.0,0.0,0.0,125300000.0,251200000.0,0.0687974146,125900000.0,0.0344808698,73200000.0,199100000.0,0.0545285241,67700000.0,131400000.0,0.0359871826,0.16,0.16,825288632,825288632,https://www.sec.gov/Archives/edgar/data/7084/000000708497000034/0000007084-97-000034-index.html,https://www.sec.gov/Archives/edgar/data/7084/,4.424270320010902,0.1592170240871559,0.3802306100346236,0.1492811062978509,0.17545376779163,7.430854809108773,7.430854809108773,7.430854809108773,4.114439322605379,16249933164.080002,19500733164.08,30.916920022983263,4.450451391033331,51.78436317425112,131.89880815,2.6497624440009133,2.6497624440009133,5.340764430224852,77.63030718184714,62.143827801402175,158.28517178636366,0.0080861871044771,0.0075815696443804,0.5536966376414572,0.2824277004716,12.94108280254777,1.5530268063199006,0.0,2.3881278538812785,0.0015753910949361,0.1948249619482496,0.0369731328567907,0.0,0.0,0.6073932441045252,0.0522005860926245,1.5211492418196328,0.0,5.159473641315137,0.0081067570053827,0.0109291435510567,-4.295163973614506,1557600000.0,6132600000.0,-1516200000.0,6506400000.0,1441400000.0,1190850000.0,2082750000.0,38.289376386492485,35.29930017495626,58.24356410897275,2.350521436848204,2.549625617333121,1.5452351066911267,0.0214264749046081,0.2309495037367726,1997-10-15,0.21,bmo,4510058823.0,2025-04-23,1997-09-30,-0.1904761904761903,18.22125,1885650.671875
1997-06-30,ADM,USD,7084,1997-09-29,1997-09-29 00:00:00,1997,Q2,3449900000.0,2978400000.0,471500000.0,0.1366706281,0,145100000.0,0.0,145100000.0,128500000.0,273600000.0,3252000000.0,0.0,0.0,128500000.0,283861000.0,0.0822809357,155361000.0,0.0450334792,-12100000.0,185800000.0,0.0538566335,63200000.0,122600000.0,0.0355372619,0.15,0.15,825288632,825288632,https://www.sec.gov/Archives/edgar/data/7084/000000708497000032/0000007084-97-000032-index.html,https://www.sec.gov/Archives/edgar/data/7084/,4.18023448552724,0.1485540879230237,0.6035464208357108,0.3745356327651439,0.482013182510431,7.330889782570033,7.330889782570033,7.330889782570033,3.6028607261853085,15193563715.12,17769163715.120003,30.981981474551382,4.404059165517841,30.50303897835776,49.154201601811714,2.511291336526669,2.511291336526669,5.150631529934202,62.59811568028015,35.6738882054206,57.48678005538662,0.0080692062967421,0.0203441408346085,0.4914629510256029,0.2618720496019164,9.073454965634587,1.9051494130202773,0.0,4.062805872756933,0.0016849239901843,0.2088091353996737,0.0420591901214527,0.0,0.0,0.3794418791407348,0.0547841966433809,1.4708171206225682,0.0,4.9500764660319,0.0105315177723128,0.0107975762699922,-3.468362326842277,2035500000.0,6050100000.0,-1020000000.0,6744100000.0,1342900000.0,1114750000.0,2278950000.0,34.68100524652888,34.03404512489928,63.27860596293312,2.595080487437942,2.644410902956583,1.4222816484408576,0.0202641278656551,0.2290107880705668,1997-07-16,0.13,bmo,3184523076.0,2025-04-23,1997-06-30,0.3846153846153845,15.2296875,2102988.609375
1997-04-15,ADM,USD,7084,1997-05-15,1997-05-15 00:00:00,1997,Q1,3466000000.0,3136900000.0,329100000.0,0.0949509521,0,114700000.0,0.0,114700000.0,117800000.0,232500000.0,3369400000.0,0.0,0.0,117800000.0,169800000.0,0.0489901904,52000000.0,0.0150028852,-3900000.0,92700000.0,0.026745528,31500000.0,61200000.0,0.0176572418,0.0821,0.0821,745878835,745878835,https://www.sec.gov/Archives/edgar/data/7084/000000708497000006/0000007084-97-000006-index.html,https://www.sec.gov/Archives/edgar/data/7084/,4.646867342736706,0.0820508601775783,-0.0172950342531169,-0.2133054224551096,0.8479929585346124,8.077183206304547,8.077183206304547,8.077183206304547,4.315714361301055,10151410944.35,12737910944.35,41.46818196221405,2.9288548598817084,-786.9310809573643,-63.80522278032685,1.6849933513179298,1.6849933513179298,3.675104138589152,75.01714337073027,-987.4349569263566,-80.06229380483973,0.0060287186023202,-0.0156726981965547,0.5343093317398665,0.276684258479311,15.232626619552414,1.8464636391531144,0.0,-0.2107843137254902,0.0025809220160259,0.4281045751633986,0.0330929024812463,0.0,0.0,-11.333333333333334,0.0421811886901327,1.2410865874363328,0.0,3.8615600697783408,0.0034613582326633,0.0052603530969039,-3.65729642938588,2206900000.0,6024600000.0,-795500000.0,6833200000.0,1331300000.0,1173400000.0,2331600000.0,35.22100403923832,31.65163059071057,70.68825910931173,2.5552934237688,2.8434554024655547,1.2731958762886595,0.0101583507618763,0.1960103882019926,1997-04-15,0.22,bmo,9391250000.0,2025-04-23,1997-04-15,-0.6363636363636365,15.3327868852459,1801117.754098361
1996-12-31,ADM,USD,7084,1996-11-14,1996-11-14 00:00:00,1996,Q4,3548100000.0,3050700000.0,497400000.0,0.1401877061,0,108900000.0,0.0,108900000.0,116100000.0,225000000.0,3275700000.0,0.0,0.0,116100000.0,325000000.0,0.0915983202,208900000.0,0.0588765818,78800000.0,287700000.0,0.0810856515,97800000.0,189900000.0,0.0535216031,0.21,0.21,887984383,887984383,https://www.sec.gov/Archives/edgar/data/7084/000000708496000026/0000007084-96-000026-index.html,https://www.sec.gov/Archives/edgar/data/7084/,3.995678378951851,0.2138551123595605,-0.4857067401826142,-0.7294047197224188,0.3798490226375974,7.016114381371953,7.016114381371953,7.016114381371953,2.5716668487851098,15308850762.919998,17255150762.92,20.153831968035806,4.314661583078267,-35.494669053837235,-23.635712155195304,2.4572005333568745,2.4572005333568745,4.863208692798962,53.09277157821538,-40.00730526992812,-26.640652714096028,0.0124045888839652,-0.0423088584525765,0.3665371898173413,0.2072871847938565,5.988615384615384,2.12832066084671,0.0,-2.271195365982096,0.0017244926094612,0.1390205371248025,0.0306924833009216,0.0,0.0,-0.5017389288198469,0.0609903892224007,1.863910422049957,0.0,5.810311386707782,0.0150123648449566,0.0172376232231359,-2.668684320769186,2404000000.0,6230200000.0,-251800000.0,6700900000.0,1246600000.0,1174700000.0,1878400000.0,33.13266255178828,36.68797325204052,64.88543612941292,2.716352779053744,2.4531199742682537,1.3870601073019917,0.0304805624217521,0.2436979795398046,1997-01-16,0.32,bmo,4326153846.0,2025-04-23,1996-12-31,-0.1875,16.89171875,1425712.578125
1996-09-30,ADM,USD,7084,1996-09-30,1996-09-30 00:00:00,1996,Q3,3389400000.0,2911200000.0,478200000.0,0.141086918,0,306400000.0,0.0,306400000.0,113100000.0,419500000.0,3330700000.0,0.0,0.0,113100000.0,106200000.0,0.0313329793,-6900000.0,-0.0020357585,85100000.0,78200000.0,0.0230719301,74600000.0,3600000.0,0.0010621349,0.0061,0.0061,889697153,889697153,,,3.809610931732407,0.0040463206922277,0.6258309337312221,0.3696763543538056,0.5090496226416497,6.828390963728306,6.828390963728306,6.828390963728306,2.515575094798578,13416633067.24,15201833067.24,931.7106296694444,3.9584094728388495,24.095964560416668,40.79243863557312,2.2084265649262576,2.2084265649262576,4.48511036385201,143.14343754463275,27.302142721336207,46.22022823727577,0.0002683236533307,0.02451434710569,0.3683993942586252,0.2075216274606162,16.80979284369115,2.0571386889710173,0.0,154.66666666666666,0.0019304396170184,7.194444444444445,0.0903994807340532,0.0,0.0,0.4093031609195402,0.0672390393579984,2.015030946065429,0.0,0.7884616935216197,-3.539637383814682e-05,0.0003338000352344,-2.9086863898282025,2173900000.0,6075200000.0,-479400000.0,6387000000.0,1159300000.0,1049600000.0,1674000000.0,31.51885289431758,34.185902720527615,48.147155812036274,2.855433866891323,2.632664134563212,1.8692692949788108,0.0005925730840136,0.2561545793774165,1996-10-15,0.2,bmo,,2025-04-23,1996-09-30,0.1999999999999999,13.77921875,1209087.015625
1996-06-30,ADM,USD,7084,1996-09-30,1996-09-30 00:00:00,1996,Q2,3291500000.0,2875700000.0,415800000.0,0.1263253836,0,101800000.0,0.0,101800000.0,111500000.0,213300000.0,3089000000.0,0.0,0.0,111500000.0,255626000.0,0.0776624639,144126000.0,0.043787331,73374000.0,217500000.0,0.0660792952,74000000.0,143500000.0,0.0435971442,0.16,0.16,889697153,889697153,https://www.sec.gov/Archives/edgar/data/7084/000000708496000017/0000007084-96-000017-index.html,https://www.sec.gov/Archives/edgar/data/7084/,3.6995734884632143,0.1612908387040775,0.6376327024168863,0.3769822111592167,0.6009910205928242,6.906619830444709,6.906619830444709,6.906619830444709,2.380023351608949,12695978373.31,14278778373.31,22.118429221794425,3.857201389430351,22.379655161836773,37.85324500092427,2.0661337022051165,2.0661337022051165,4.338076370442048,55.85808318915134,25.169713332117045,42.57238632471675,0.0113027917802436,0.0264178143769598,0.3446003124593152,0.2026335180240959,6.191858418157778,2.6840719882468167,0.0,3.9533101045296166,0.0019454979579931,0.1721254355400696,0.0309281482606714,0.0,0.0,0.4087784241142252,0.070454200212669,2.0798206278026905,0.0,5.00643849097434,0.0106474254922523,0.0137321888247734,-2.2776289585361864,2751100000.0,6144800000.0,79600000.0,6865400000.0,1134100000.0,931800000.0,1946650000.0,30.941516026127903,31.090169350071285,56.03992071495635,2.908713326263697,2.8948057177370647,1.605997989500726,0.0233530790261684,0.2606504912576695,1996-07-15,0.22,bmo,,2025-04-23,1996-06-30,0.0,14.265714285714283,1133228.650793651
1996-02-09,ADM,USD,7084,1996-02-13,1996-02-13 00:00:00,1996,Q1,3486700000.0,3046900000.0,439800000.0,0.1261364614,0,121000000.0,0.0,121000000.0,100900000.0,221900000.0,3268800000.0,0.0,0.0,100900000.0,245300000.0,0.0703530559,144400000.0,0.041414518,103000000.0,247400000.0,0.0709553446,84100000.0,163300000.0,0.0468351163,0.17,0.17,937549671,937549671,https://www.sec.gov/Archives/edgar/data/7084/000000708496000003/0000007084-96-000003-index.html,https://www.sec.gov/Archives/edgar/data/7084/,3.718949627789907,0.1741774383279582,0.3033439281106633,0.1242600830692414,0.6081811104384677,6.473043709275644,6.473043709275644,6.473043709275644,2.3245701720266507,13556968242.66,15166168242.66,20.75469724840784,3.8881946375254537,47.668664706962026,116.36882611725322,2.2338795548807013,2.2338795548807013,4.349719861949694,61.82702096477782,53.32689255506329,130.1817016537339,0.0120454659977841,0.0085933667406114,0.3591154758766148,0.2095012881147383,6.560130452507134,2.830864817371658,0.0,1.741579914268218,0.0016891682262661,0.1402327005511328,0.0347033011156681,0.0,0.0,0.590365682137834,0.0481544153497576,1.66402378592666,0.0,5.036646588554439,0.0106938638066977,0.0156976967739454,-1.98389488848746,2917300000.0,6068800000.0,176700000.0,6889900000.0,1099550000.0,980650000.0,2226750000.0,29.33834284567069,25.704158324854767,62.11001345629984,3.0676579271511524,3.501378993334866,1.4490417082798306,0.0269081202214605,0.1790838450414218,1996-04-15,0.22,bmo,,2025-04-23,1996-02-09,0.1363636363636363,13.95873015873016,1556013.4126984128
1995-12-31,ADM,USD,7084,1995-12-31,1995-12-31 00:00:00,1995,Q4,3415100000.0,2914000000.0,501100000.0,0.146730696,0,128500000.0,0.0,128500000.0,104200000.0,232700000.0,3146700000.0,0.0,0.0,104200000.0,256000000.0,0.0749612017,151800000.0,0.0444496501,190600000.0,342400000.0,0.1002606073,116400000.0,226000000.0,0.0661766859,0.24,0.24,943547939,943547939,,,3.619423941108306,0.239521481271552,-0.2371898562326254,-0.4259455014293661,0.8202020989205934,6.340218395623034,6.340218395623034,6.340218395623034,2.5255738489827806,12851122929.179998,14460222929.179998,14.215843948207963,3.7630297587713386,-57.42235446461126,-31.975921694899224,2.14819098493556,2.14819098493556,4.234201905999824,56.485245817109366,-64.61225616255585,-35.9796539666086,0.0175860118407894,-0.0312735316761649,0.3983417749026294,0.2239577459494004,6.285546875,2.405860349127182,0.0,-0.9902654867256636,0.0018986667651117,0.1079646017699115,0.0376270094579953,0.0,0.0,-0.7957998212689902,0.0521507422915873,1.7092130518234163,0.0,5.84541840147969,0.0111018264016957,0.0212398030149242,-2.02631463752262,2706000000.0,5982300000.0,-27300000.0,6612600000.0,1062450000.0,977550000.0,1968350000.0,28.0006441978273,33.6990391214825,72.60535346602609,3.2142117647058823,2.670699294290166,1.239578015994555,0.0377781120973538,0.1887556451967407,1996-01-15,0.27,bmo,,2025-04-23,1995-12-31,0.148148148148148,12.414444444444444,1837961.6984126985
1995-09-30,ADM,USD,7084,1995-11-14,1995-11-14 00:00:00,1995,Q3,3120700000.0,2693800000.0,426900000.0,0.1367962316,0,98700000.0,0.0,98700000.0,102600000.0,201300000.0,2895100000.0,0.0,0.0,102600000.0,266600000.0,0.0854295511,164000000.0,0.052552312,83100000.0,247100000.0,0.079180953,84000000.0,163100000.0,0.0522639151,0.17,0.17,955430567,955430567,https://www.sec.gov/Archives/edgar/data/7084/000000708495000031/0000007084-95-000031-index.html,https://www.sec.gov/Archives/edgar/data/7084/,3.266276072576188,0.1707083755045907,0.2365425681424739,0.0519137671675518,0.6895320526206276,6.268587385481879,6.268587385481879,6.268587385481879,2.238885873953832,10958788603.49,12439088603.49,16.797652672424892,3.51164437577787,48.49021505969026,220.94331861875,1.829758332246377,1.829758332246377,3.985993079594322,46.6582468247937,55.04021505969026,250.78807668326613,0.0148830318661369,0.0045260477042329,0.3571595538636212,0.2110773420694282,5.552513128282071,2.770145871689562,0.0,1.3856529736358063,0.0011315119260582,0.0760269773145309,0.0316275194667863,0.0,0.0,0.7805309734513274,0.0565257794725542,1.719298245614035,0.0,4.906858293133609,0.0123130891308213,0.0160940182747528,-1.9849166077601537,2499800000.0,5989200000.0,-233000000.0,6332100000.0,1038000000.0,794500000.0,1529900000.0,30.63927964879674,28.86628554458386,52.98500259855965,2.937405873493976,3.117824074074074,1.6985938583769469,0.0272323515661524,0.1846288009749221,1995-10-16,0.24,bmo,,2025-04-23,1995-09-30,-0.0416666666666665,12.090476190476192,3711578.285714286
1995-06-30,ADM,USD,7084,1995-08-17,1995-08-17 00:00:00,1995,Q2,3135200000.0,2640100000.0,495100000.0,0.1579165603,0,108300000.0,0.0,108300000.0,100600000.0,208900000.0,2849000000.0,0.0,0.0,100600000.0,302301000.0,0.0964215999,201701000.0,0.0643343327,128299000.0,330000000.0,0.105256443,104400000.0,225600000.0,0.0719571319,0.24,0.24,955430567,955430567,https://www.sec.gov/Archives/edgar/data/7084/000000708495000024/0000007084-95-000024-index.html,https://www.sec.gov/Archives/edgar/data/7084/,3.281452476284444,0.2361239087298323,0.5031239491419789,0.3906092319945631,0.4758064224671179,6.127289833715357,6.127289833715357,6.127289833715357,2.182994842366185,12649900707.08,14281000707.08,14.018063726817376,4.034798643493238,26.31558291466611,33.8957682397642,2.1608248278295927,2.1608248278295927,4.555052534792039,47.240997241424935,29.708759532099023,38.26634701789925,0.0178341320792924,0.0295022078545742,0.3562741279764955,0.2137666676915823,5.395615628132226,3.1666666666666665,0.0,2.1307624113475176,0.0009644344475503,0.0540780141843971,0.0345432508292931,0.0,0.0,0.2236322030372373,0.0342880836948201,1.0685884691848906,0.0,5.705522900908583,0.0160335505612514,0.0231220982074224,-2.041958952732564,2540200000.0,5854200000.0,-190100000.0,6302500000.0,1057150000.0,729800000.0,1621350000.0,29.0967083439653,24.714972917692517,50.24468770122344,3.0931333859510657,3.64151724137931,1.7912341407151096,0.0385364353797273,0.1125147171474156,1995-07-17,0.24,bmo,,2025-04-23,1995-06-30,0.0833333333333334,13.296349206349204,1734846.7142857143
1995-03-31,ADM,USD,7084,1995-05-12,1995-05-12 00:00:00,1995,Q1,3299700000.0,2759900000.0,539800000.0,0.1635906295,0,98700000.0,0.0,98700000.0,114200000.0,212900000.0,2972800000.0,0.0,27900000.0,103400000.0,427800000.0,0.1296481498,324400000.0,0.0983119678,-30400000.0,296500000.0,0.0898566536,100800000.0,195700000.0,0.059308422,0.19,0.19,1024794052,1024794052,https://www.sec.gov/Archives/edgar/data/7084/000000708495000009/0000007084-95-000009-index.html,https://www.sec.gov/Archives/edgar/data/7084/,3.2198664634716283,0.1909651989275987,0.2948885187323472,0.1655942476137634,0.4463335819595487,5.667382620600924,5.667382620600924,5.667382620600924,2.161312310192838,13568273248.48,15297873248.48,17.333001083903934,4.111971769700276,44.89832312534745,79.95446817018268,2.336175424590644,2.336175424590644,4.636140633536382,35.75940450790089,50.621685137260094,90.1465718826164,0.0144233533933231,0.012507118399831,0.3765560701802717,0.2200223342287145,4.043010752688172,2.878370746858676,11.627240143369177,1.544200306591722,0.0008991564200232,0.062340316811446,0.0299118101645604,0.0,0.0,0.4384513567174057,0.040155165621117,1.281431334622824,0.0,4.93468733707538,0.0247488806539996,0.0196883268443344,-1.917141298942668,2660900000.0,5807900000.0,-54500000.0,6379900000.0,1071600000.0,845250000.0,1825100000.0,30.021820165469585,23.95521576868727,57.68035073734555,2.9978195693649496,3.757010618023414,1.560323383084577,0.0336954837376676,0.1292942711185837,1995-04-17,0.24,bmo,,2025-04-23,1995-03-31,0.1250000000000001,13.908253968253968,1692155.4444444445
1994-12-31,ADM,USD,7084,1995-02-13,1995-02-13 00:00:00,1994,Q4,3221800000.0,2636500000.0,585300000.0,0.1816686324,0,122100000.0,0.0,122100000.0,107700000.0,229800000.0,2866300000.0,0.0,15100000.0,107700000.0,448900000.0,0.1393320504,341200000.0,0.1059035322,-29400000.0,326100000.0,0.1012167112,106000000.0,220100000.0,0.0683158483,0.22,0.22,1024625199,1024625199,https://www.sec.gov/Archives/edgar/data/7084/000000708495000001/0000007084-95-000001-index.html,https://www.sec.gov/Archives/edgar/data/7084/,3.144369280732476,0.2148102547300322,-0.0190313492377811,-0.1870928025068023,0.27170910911786,5.357080818778496,5.357080818778496,5.357080818778496,2.096278719375903,15021005417.34,16875405417.34,17.061569079213992,4.662302258780806,-770.3079701199999,-78.35683577120501,2.7365650241100385,2.7365650241100385,5.237881127736048,37.59279442490532,-865.4054060174359,-88.03028386718832,0.0146528141016393,-0.0127621284111052,0.388558936053926,0.2215896103896104,4.130986856760972,2.846434606285908,22.596026490066222,-0.0885960926851431,0.0008255106536134,0.056338028169014,0.0378980694021975,0.0,0.0,-8.830769230769231,0.0534483828915513,1.5988857938718664,0.0,5.088418972927792,0.0279429338913725,0.0228675324675324,-2.08371314904583,2731800000.0,5489000000.0,75300000.0,6337600000.0,1056400000.0,856600000.0,1601700000.0,29.12191942392452,32.630760477906314,64.22378152854162,3.090455635491607,2.7581336959933047,1.401350058467099,0.0400983785753324,0.1680614532690211,1995-01-16,0.25,bmo,,2025-04-23,1994-12-31,0.24,13.401111111111112,1549451.5873015872
1994-09-30,ADM,USD,7084,1994-11-14,1994-11-14 00:00:00,1994,Q3,3015200000.0,2575300000.0,439900000.0,0.1458941364,0,100300000.0,0.0,100300000.0,95100000.0,195400000.0,2770700000.0,0.0,0.0,95100000.0,312400000.0,0.1036083842,217300000.0,0.0720681878,-15600000.0,228900000.0,0.0759153622,74400000.0,154500000.0,0.0512403821,0.1,0.1,1535443459,1535443459,https://www.sec.gov/Archives/edgar/data/7084/000000708494000021/0000007084-94-000021-index.html,https://www.sec.gov/Archives/edgar/data/7084/,1.9637323551879484,0.1006223961516775,0.2786165765287225,0.1832695293015019,0.2022868365353465,3.4738498306371044,3.4738498306371044,3.4738498306371044,1.3756286417577557,18916663414.88,20718263414.88,30.609487726343044,6.273767383550013,44.21847455558672,67.2233952199005,3.5464975749226646,3.5464975749226646,6.871273353303264,66.31966522048656,48.42978825357644,73.62566956247335,0.0081674022850387,0.0148757734822647,0.3959954254860421,0.2279098373922332,5.76696542893726,3.1514896867838043,0.0,2.768932038834952,0.000444052939769,0.0543689320388349,0.0332647917219421,0.0,0.0,0.3422159887798036,0.0485539931016184,1.5394321766561514,0.0,2.8044267883420675,0.0182077091241449,0.0166708028960799,-1.4064177924248789,2816300000.0,5333900000.0,191500000.0,6417400000.0,1056050000.0,724050000.0,1372050000.0,31.947134518439903,26.4656544868559,46.20044266687376,2.81715406895263,3.40063383071438,1.9480332829046896,0.0289656723973077,0.0953470472272206,1994-10-17,0.18,bmo,,2025-04-23,1994-09-30,0.1666666666666666,11.4903125,1029749.84375
1994-06-30,ADM,USD,7084,1994-09-27,1994-09-27 00:00:00,1994,Q2,2929200000.0,2529500000.0,399700000.0,0.1364536392,0,104600000.0,0.0,104600000.0,93200000.0,197800000.0,2727300000.0,0.0,0.0,93200000.0,262700000.0,0.0896831899,169500000.0,0.0578656288,-9300000.0,192600000.0,0.0657517411,54900000.0,137700000.0,0.0470094224,0.09,0.09,1535443459,1535443459,https://www.sec.gov/Archives/edgar/data/7084/000000708494000015/0000007084-94-000015-index.html,https://www.sec.gov/Archives/edgar/data/7084/,1.907722477718406,0.0896809317157669,0.2595341415303785,0.1553948460957298,0.2060642468763156,3.2859562300561405,3.2859562300561405,3.2859562300561405,1.3319279117786127,16198928492.45,17927628492.45,29.409819339960062,5.53015447646115,40.64975782296111,67.89156954086337,3.2106331494926077,3.2106331494926077,6.120315612607538,68.24373236562619,44.98777538883313,75.13674975880134,0.0085005622479399,0.0147293692981734,0.4053395171839695,0.2338085493146143,6.580510087552341,3.4700976042590947,0.0,2.893972403776325,0.0004691668343089,0.05519244734931,0.0357094087122763,0.0,0.0,0.401254705144291,0.0545882834903728,1.715665236051502,0.0,2.5749701680786385,0.0158543852947894,0.0157427202780413,-1.232673198681424,2783800000.0,5045400000.0,209300000.0,6322400000.0,998200000.0,697550000.0,1583050000.0,32.00942236788202,24.578770508005533,50.59853726032813,2.811672105970436,3.661696583671106,1.778707545179664,0.0272921869425615,0.1041392954346487,1994-07-13,0.2,bmo,,2025-04-23,1994-06-30,-0.15,10.68483870967742,1038310.6612903224
1994-03-31,ADM,USD,7084,1994-05-10,1994-05-10 00:00:00,1994,Q1,3010000000.0,2634100000.0,375900000.0,0.1248837209,0,92500000.0,0.0,92500000.0,90200000.0,182700000.0,2816800000.0,0.0,0.0,90200000.0,232600000.0,0.0772757475,142400000.0,0.0473089701,56000000.0,198400000.0,0.0659136213,67100000.0,131300000.0,0.0436212625,0.0859,0.0859,692051325,692051325,https://www.sec.gov/Archives/edgar/data/7084/000000708494000003/0000007084-94-000003-index.html,https://www.sec.gov/Archives/edgar/data/7084/,4.34938839254444,0.1897258126050116,0.1021600529411601,-0.0739829520592276,0.3235309173058804,7.022745025450244,7.022745025450244,7.022745025450244,3.042115409576017,7494915849.75,9376315849.75,14.27059377332445,2.4900052656976746,106.01012517326733,-146.3850751904297,1.542132023980988,1.542132023980988,3.1150550995847177,40.31090219153052,132.62115770509195,-183.1311689404297,0.0175185422534636,-0.006831297512394,0.4331803872348305,0.2406607224508459,8.088564058469476,2.9697176167764403,0.0,0.5384615384615384,0.0010540478583576,0.0601675552170601,0.0307308970099667,0.0,0.0,1.724186704384724,0.0404983388704318,1.3514412416851442,0.0,5.475300005488776,0.0125341840407831,0.0150091449474165,-2.999849758253118,2601800000.0,4860100000.0,34800000.0,6044500000.0,911000000.0,776600000.0,1719800000.0,28.542857142857144,24.06400668159903,59.58771496905965,3.153153153153154,3.7400255572909273,1.5103784403669724,0.0270159050225304,0.1761430050003878,1994-04-18,0.2,bmo,,2025-04-23,1994-03-31,-0.1,11.515079365079366,1581929.8095238097
1993-12-31,ADM,USD,7084,1994-02-09,1994-02-09 00:00:00,1993,Q4,2821600000.0,2412600000.0,409000000.0,0.144953218,0,90800000.0,0.0,90800000.0,86600000.0,177400000.0,2590000000.0,0.0,0.0,86600000.0,284500000.0,0.1008293167,197900000.0,0.0701375106,-9100000.0,222500000.0,0.0788559682,76400000.0,146100000.0,0.0517791324,0.0988,0.0988,691629664,691629664,https://www.sec.gov/Archives/edgar/data/7084/000000708494000001/0000007084-94-000001-index.html,https://www.sec.gov/Archives/edgar/data/7084/,4.079639938636293,0.211240216556125,-0.2178911747776046,-0.3863339210389911,0.3727428324994458,6.821714344513714,6.821714344513714,6.821714344513714,3.041222939795712,7103036649.28,8948636649.279999,12.154409050787132,2.5173790222852284,-47.1336207649635,-26.58322099281437,1.5054866682096606,1.5054866682096606,3.171475988545505,31.453907378840064,-59.38046880743197,-33.49040662155688,0.0205686676296129,-0.0376177138304762,0.4458150526695068,0.242841969151196,6.487170474516696,2.8033460734116966,0.0,-1.032191780821918,0.0011685143143448,0.0568104038329911,0.0321803232208675,0.0,0.0,-0.7730590577305906,0.0412886305642188,1.3452655889145495,0.0,5.694116204199716,0.0176156221326746,0.016867553338875,-3.1626029273377148,2500700000.0,4718100000.0,-56100000.0,5856100000.0,892850000.0,724200000.0,1332550000.0,27.667280975333146,31.667495647848792,63.252922158667,3.252939820152179,2.8420308634703733,1.4228591648973814,0.0309658548992179,0.1684427462613865,1994-01-17,0.19,bmo,,2025-04-23,1993-12-31,0.0526315789473684,10.1628125,1422253.359375
1993-09-30,ADM,USD,7084,1993-09-30,1993-09-30 00:00:00,1993,Q3,2613600000.0,2306000000.0,307600000.0,0.1176920722,0,83200000.0,0.0,83200000.0,84500000.0,167700000.0,2473700000.0,0.0,0.0,84500000.0,196000000.0,0.0749923477,111500000.0,0.0426614631,-15000000.0,124900000.0,0.047788491,55800000.0,69100000.0,0.0264386287,0.0473,0.0473,705575377,705575377,,,3.7042108968040135,0.0979342565691602,0.44205057342867,0.2775040149962602,0.643871675244132,6.744708156106757,6.744708156106757,6.744708156106757,3.033977757418256,7126311307.7,8812711307.7,25.78260241570188,2.7266266099250074,22.848064468419363,36.39586980439224,1.4974702783626468,1.4974702783626468,3.371866891528926,44.96281279438776,28.2549256418724,45.00874008018386,0.0096964610464515,0.0274756450491346,0.4498308432620984,0.2532803275003253,8.604081632653061,3.337058399423216,0.0,4.513748191027497,0.0011927629362494,0.1230101302460202,0.0318334863789409,0.0,0.0,0.3722346906059634,0.0444214876033057,1.3739644970414202,0.0,3.8551400141234833,0.0082977830859675,0.0081756764751121,-2.9270083216070053,2593200000.0,4758900000.0,9800000.0,5930700000.0,871600000.0,577500000.0,1050650000.0,31.62190082644628,23.397658282740675,37.83824804856895,2.846128716105848,3.846538782318599,2.378545642083548,0.0145201622223623,0.1645465584324097,1993-10-15,0.13,bmo,,2025-04-23,1993-09-30,-0.1538461538461538,10.21375,1554295.53125
1993-06-30,ADM,USD,7084,1993-06-30,1993-06-30 00:00:00,1993,Q2,2422300000.0,2128100000.0,294200000.0,0.1214548157,0,0.0,0.0,80300000.0,84900000.0,165200000.0,2293300000.0,0.0,0.0,84900000.0,173600000.0,0.0716674235,88700000.0,0.0366180902,-800000.0,128200000.0,0.0529249061,7000000.0,154200000.0,0.0636585064,0.17,0.17,705575377,705575377,,,3.433084655390405,0.2185450414321927,0.3564466791193026,0.2215213357707634,0.5477798865988488,6.921018163591613,6.921018163591613,6.921018163591613,2.9343427612270547,7161590076.55,8845490076.55,11.610878853031778,2.956524822090575,28.47550726262425,45.81951424536148,1.4665472276022362,1.4665472276022362,3.651690573649011,50.95328385109447,35.170934698011926,56.59302672136916,0.0215315311755854,0.0218247621449028,0.4239755902770667,0.246355945312407,9.699884792626728,4.084253280566549,0.0,2.075082508250825,0.000977436564391,0.0453955901426718,0.0,0.0,0.0,0.3785288270377733,0.0393014903191181,1.121319199057715,0.0,5.833735469627456,0.0112179990196183,0.0183481871943456,-2.763312132985616,2961500000.0,4883300000.0,400900000.0,6176300000.0,809900000.0,524800000.0,1218100000.0,30.648969987202246,23.49278699309243,47.86523189699732,2.9364771487453023,3.830963096309631,1.8802792012723093,0.031577007351586,0.1349253433485392,1993-07-19,0.17,bmo,,2025-04-23,1993-06-30,-0.0588235294117647,10.363015873015874,1339347.0634920634
1993-03-31,ADM,USD,7084,1993-03-31,1993-03-31 00:00:00,1993,Q1,2457100000.0,2108300000.0,348800000.0,0.1419559643,0,82000000.0,0.0,82000000.0,82800000.0,164800000.0,2273100000.0,0.0,0.0,82800000.0,219900000.0,0.089495747,137100000.0,0.0557974848,56300000.0,193400000.0,0.0787106752,63000000.0,130400000.0,0.0530706931,0.0777,0.0777,726411161,726411161,,,3.382519614122504,0.1795126603237859,0.3890358727569165,0.2640377933290042,0.8504825272088571,6.598191571563698,6.598191571563698,6.598191571563698,2.603484227027178,8041371552.27,9314771552.27,15.416739939167943,3.2727082952545685,28.454959491401272,41.92581622664234,1.6777324331879824,1.6777324331879824,3.790961520601522,42.359124839790816,32.960975061111114,48.56502373446298,0.0162161391439734,0.0238516525139118,0.3945754224911329,0.2287068725737988,5.7908140063665305,3.351551480959097,0.0,2.1671779141104293,0.0009948551622069,0.0613496932515337,0.0333726751047983,0.0,0.0,0.3213021939136589,0.036954132920923,1.0966183574879227,0.0,5.162395350279857,0.0127869903232272,0.0157695517045385,-2.216272390120944,2667600000.0,4793000000.0,325900000.0,5823100000.0,787300000.0,557250000.0,1366000000.0,29.116031093565585,21.09234928615472,55.68277759332163,3.091080639074097,4.266950010119409,1.6162986813860778,0.0272063425829334,0.1249980794279123,1993-04-20,0.18,bmo,,2025-04-23,1993-03-31,-0.0555555555555554,11.33274193548387,1380229.661290323
1992-12-31,ADM,USD,7084,1992-12-31,1992-12-31 00:00:00,1992,Q4,2547500000.0,2142700000.0,404800000.0,0.1589008832,0,83800000.0,0.0,83800000.0,79600000.0,163400000.0,2306100000.0,0.0,0.0,79600000.0,291300000.0,0.1143473994,211700000.0,0.0831010795,-7000000.0,234400000.0,0.0920117763,78100000.0,156300000.0,0.0613542689,0.0982,0.0982,726061249,726061249,,,3.5086571601344336,0.2152710948494649,0.0473789229867024,-0.0884222923182063,0.985316322810667,6.436509325399902,6.436509325399902,6.436509325399902,2.275978785916448,8269837626.110001,9206937626.11,13.22750739940819,3.2462561829676155,240.40225657296511,-128.8136701886293,1.7695927130956712,1.7695927130956712,3.614107017118744,31.60637702063165,267.64353564273256,-143.41024339735205,0.0189000083274332,-0.0077631512131875,0.3536045192904372,0.2083490934765615,3.216958462066598,3.009549208534068,0.0,0.2200895713371721,0.0007859888299956,0.0415866922584772,0.0328949950932286,0.0,0.0,2.866279069767442,0.0387046123650637,1.2386934673366834,0.0,5.583535995538278,0.0205472094795716,0.0197064830925183,-1.7135262372334652,2335900000.0,4673300000.0,240200000.0,5489900000.0,825000000.0,574500000.0,1271000000.0,27.54582924435721,26.05871097213796,59.9635973304709,3.2672822880595103,3.453739522888459,1.5009106192210704,0.0334453170136734,0.1358012153049088,1992-12-31,,bmo,,2025-04-23,1992-12-31,,11.36140625,1274661.34375
1992-09-30,ADM,USD,7084,1992-09-30,1992-09-30 00:00:00,1992,Q3,2384500000.0,2040700000.0,343800000.0,0.1441811701,0,78700000.0,0.0,78700000.0,81200000.0,159900000.0,2200600000.0,0.0,0.0,81200000.0,223300000.0,0.0936464668,142100000.0,0.0595932061,47800000.0,189900000.0,0.0796393374,63300000.0,126600000.0,0.0530928916,0.0736,0.0736,725281947,725281947,,,3.287686960723428,0.1745528073925711,0.1451849179971385,-0.0062044836750913,1.1340417383917043,6.381931908199006,6.381931908199006,6.381931908199006,2.3159269397891133,7753264013.429999,8610464013.43,15.310552949111374,3.251526111734116,73.63023754444444,-1722.9475585399998,1.675041375209022,1.675041375209022,3.6110144740742296,38.56007171262876,81.77078835166192,-1913.4364474288889,0.0163286068655351,-0.0005804007179692,0.3628880679240391,0.2136723868160944,3.838781907747425,3.015882820082944,0.0,0.8317535545023697,0.000993130117414,0.0608214849921011,0.0330048228140071,0.0,0.0,1.0427350427350428,0.0460473893898091,1.3522167487684729,0.0,5.006460121802451,0.0138541560030613,0.0161046164022846,-1.6544945106706206,2284600000.0,4628700000.0,185500000.0,5470700000.0,783550000.0,500800000.0,1069700000.0,32.84839589012372,23.3125888175626,49.147841426961335,2.739859818453407,3.8605751040484297,1.8312096195262024,0.0273510920992935,0.1513894016722299,1993-01-16,0.2,bmo,,2025-04-23,1992-09-30,0.0499999999999999,10.71859375,1318815.828125
1992-06-30,ADM,USD,7084,1992-06-30,1992-06-30 00:00:00,1992,Q2,2387100000.0,2038500000.0,348600000.0,0.1460349378,0,0.0,0.0,73800000.0,80600000.0,154400000.0,2192900000.0,0.0,0.0,80600000.0,238700000.0,0.0999958108,158100000.0,0.0662309916,38500000.0,196600000.0,0.0823593482,59400000.0,137200000.0,0.057475598,0.19,0.19,725281947,725281947,,,3.2912717735134804,0.1891678133827864,0.5079403968674819,0.3325603249848985,1.3296897902795863,6.194004991551237,6.194004991551237,6.194004991551237,2.1961114661523484,7013476427.49,7641876427.49,12.779658213356416,2.938073992497172,19.03766674128665,29.07743129141791,1.561186988578488,1.561186988578488,3.2013222854048844,32.01456400289066,20.74342135583605,31.68273809075456,0.0195623385090782,0.0343909332973007,0.3545543584720862,0.211681839324872,2.6325932132383745,3.4301878736122973,0.0,2.685131195335277,0.0010978863448972,0.0561224489795918,0.0,0.0,0.0,0.3452768729641693,0.0532864144778182,1.5781637717121588,0.0,5.134529536141629,0.0166715394710993,0.0182337696856934,-1.423722187310971,2276600000.0,4492400000.0,181300000.0,5336700000.0,688300000.0,456050000.0,1113750000.0,26.27120774161116,20.88300220750552,45.25386313465784,3.4258036739380024,4.309725158562368,1.988780487804878,0.0305404683465408,0.1753800718825833,1992-06-30,,bmo,,2025-04-23,1992-06-30,,10.093650793650792,2029559.142857143
1992-03-31,ADM,USD,7084,1992-03-31,1992-03-31 00:00:00,1992,Q1,2235700000.0,1923800000.0,311900000.0,0.1395088787,0,77200000.0,0.0,77200000.0,72900000.0,150100000.0,2073900000.0,0.0,0.0,73000000.0,201800000.0,0.0902625576,128800000.0,0.0576105918,37500000.0,166300000.0,0.0743838619,57200000.0,109100000.0,0.0487990339,0.0584,0.0584,731891647,731891647,,,3.054687137316106,0.1490657810444993,0.2128730402083684,0.0478212863112509,0.9168023747099822,5.972332131288828,5.972332131288828,5.972332131288828,1.6115773486891565,7897110871.129999,8405610871.129999,18.09603774319432,3.5322766342219434,50.68748954512195,225.63173917514283,1.8066644256891853,1.8066644256891853,3.759722177004965,41.65317577368681,53.95128928838253,240.1603106037143,0.0138151789661259,0.0044320005849166,0.2698405435702684,0.1686783170780539,2.519821605550049,2.612600654809309,0.0,1.4293577981651375,0.0009497144110535,0.0687442713107241,0.0345305720803327,0.0,0.0,0.7753530166880617,0.0540322941360647,1.6547945205479453,0.0,4.47560978646194,0.01389570235132,0.0156022080485084,-1.146891077990401,1822400000.0,4371100000.0,331000000.0,4782000000.0,698050000.0,510650000.0,1206800000.0,27.365925660866843,20.542156149287862,56.255847801226736,3.288761400411886,4.381234342974266,1.59983367983368,0.0249593923726293,0.1650517538971175,1992-03-31,,bmo,,2025-04-23,1992-03-31,,12.1084126984127,1627511.2857142857
1991-12-31,ADM,USD,7084,1991-12-31,1991-12-31 00:00:00,1991,Q4,2304500000.0,1959500000.0,345000000.0,0.1497070948,0,75500000.0,0.0,75500000.0,72100000.0,147600000.0,2107100000.0,0.0,0.0,72000000.0,269500000.0,0.1169451074,165800000.0,0.0719461922,2400000.0,199800000.0,0.0866999349,68700000.0,131100000.0,0.056888696,0.074,0.074,728938917,728938917,,,3.16144459604974,0.1798504606388027,-0.0289461839777173,-0.1937062169504115,1.0110586536292725,5.8741547475918345,5.8741547475918345,5.8741547475918345,1.6002712611377834,9884411714.52,10313911714.52,18.84899259061785,4.289178439800391,-468.45553149383886,-70.00291582521247,2.308417224717999,2.308417224717999,4.475552924504231,38.27054439525047,-488.81098173080574,-73.04470052776205,0.0132633083066963,-0.0142851192441306,0.2724257922884701,0.1675139295766557,1.5936920222634507,2.544397641112047,0.0,-0.1609458428680396,0.0007385366181455,0.0556826849733028,0.0327619874159253,0.0,0.0,-5.691943127962086,0.05211542633977,1.6680555555555556,0.0,4.875506367281765,0.0182131337793294,0.0188264690677235,-1.1001264732858267,1833200000.0,4281900000.0,338500000.0,4739000000.0,717250000.0,546550000.0,1077050000.0,27.97439791711868,26.740495024240875,55.62592498086246,3.2172274186793244,3.365681896255582,1.6179506234002148,0.0306172493519232,0.1647600329726942,1991-12-31,,bmo,,2025-04-23,1991-12-31,,11.5021875,1516919.4375
1991-09-30,ADM,USD,7084,1991-09-30,1991-09-30 00:00:00,1991,Q3,2304200000.0,1973000000.0,331200000.0,0.1437375228,0,68200000.0,0.0,68200000.0,68100000.0,136300000.0,2109300000.0,0.0,0.0,68100000.0,237100000.0,0.1028990539,169000000.0,0.0733443277,28000000.0,197000000.0,0.0854960507,70500000.0,126500000.0,0.0548997483,0.0701,0.0701,728203770,728203770,,,3.164224211582975,0.1737151127355465,0.50233192283528,0.3493527642681663,1.2007628029720308,5.637295725618119,5.637295725618119,5.637295725618119,1.7055665614035478,7638857547.3,8006457547.3,15.096556417588932,3.3151885892283657,20.882606744942592,30.02695576768868,1.860821306983996,1.860821306983996,3.4747233518357783,33.76827308013497,21.887527466648443,31.4719243211478,0.0165600679442847,0.0333034093677946,0.3025504859808531,0.181951362437738,1.5504006748207508,2.4634325315939667,0.0,2.891699604743083,0.0009818222101354,0.0592885375494071,0.0295981251627462,0.0,0.0,0.3045379989065063,0.0483464976998524,1.6358296622613804,0.0,4.694025767530015,0.0185362207820527,0.018532083211251,-1.1485109449515758,1794900000.0,4105100000.0,300500000.0,4625600000.0,678600000.0,436750000.0,930250000.0,28.05225240864508,23.305119107957424,43.015712113532686,3.208298524087998,3.861812487766686,2.092258748674443,0.0308153272758276,0.1529791585671137,1991-09-30,,bmo,,2025-04-23,1991-09-30,,9.95734375,1626510.296875
1991-06-30,ADM,USD,7084,1991-06-30,1991-06-30 00:00:00,1991,Q2,2099200000.0,1804700000.0,294500000.0,0.1402915396,0,0.0,0.0,68500000.0,70300000.0,138800000.0,1943500000.0,0.0,0.0,70300000.0,169300000.0,0.0806497713,99000000.0,0.0471608232,90600000.0,189600000.0,0.090320122,66200000.0,123400000.0,0.0587842988,0.17,0.17,726055728,728203770,,,2.891238122702339,0.1699594056504709,0.1849720273813472,-0.0271329034952534,0.8919425534784845,5.402202405047344,5.402202405047344,5.402202405047344,1.5385871317029265,6897529416.0,7367029416.0,13.973925072933548,3.2857895464939024,51.35911702159345,-350.128396751269,1.758542032990847,1.758542032990847,3.5094461775914634,43.5146451033668,54.85502171258377,-373.9608840609137,0.0178904637526811,-0.0028560951047635,0.2848073834229916,0.1784333769926205,2.773183697578264,2.954370404948069,0.0,1.0883306320907618,0.0010583499626788,0.0591572123176661,0.0,0.0,0.0,1.14668652271035,0.0733612804878048,2.190611664295875,0.0,4.545161160423391,0.0116295540662029,0.0197105708718014,-1.0366972822780347,1674700000.0,3922300000.0,193300000.0,4370300000.0,612400000.0,376800000.0,959250000.0,27.39615091463415,18.08278384218984,45.75552723444339,3.285133020344288,4.977109762824049,1.966975476839237,0.0314611324987889,0.2121049308766007,1991-06-30,,bmo,,2025-04-23,1991-06-30,,8.983125,1518273.234375
1991-03-31,ADM,USD,7084,1991-03-31,1991-03-31 00:00:00,1991,Q1,2092900000.0,1815400000.0,277500000.0,0.1325911415,0,74100000.0,0.0,74100000.0,64600000.0,138700000.0,1954100000.0,0.0,0.0,64600000.0,136200000.0,0.0650771657,71600000.0,0.0342109035,110100000.0,181700000.0,0.0868173348,63600000.0,118100000.0,0.0564288786,0.0594,0.0594,725958591,725958591,,,2.8829468043308824,0.1626814552016232,0.4741317263369916,0.3165469805701356,0.659679499543246,5.302506296808877,5.302506296808877,5.302506296808877,1.2225215198259152,6366656843.07,6775256843.07,13.477258346888233,3.0420262999044385,18.496969329081928,27.705208194386422,1.6539348581778976,1.6539348581778976,3.237257796870371,49.74491074207048,19.6840698520337,29.48327607950392,0.0185497668416902,0.0360942965302321,0.2305554112329194,0.1473762869478578,3.0,2.559006211180124,0.0,2.9144792548687555,0.0011623054583277,0.0626587637595258,0.0354054183190787,0.0,0.0,0.3323649041255084,0.0546609967031391,1.7708978328173377,0.0,4.405557559840112,0.0089516868737627,0.0196114247758219,-1.0384201101079056,1430700000.0,3849400000.0,175800000.0,3987300000.0,606350000.0,447200000.0,1113050000.0,25.19088346313728,19.384157761374905,49.62542690316184,3.572721065209969,4.642966751918158,1.8135864135864137,0.0306801059905439,0.157584745766856,1991-03-31,,bmo,,2025-04-23,1991-03-31,,8.357868852459017,2488099.7540983604
1990-12-31,ADM,USD,7084,1990-12-31,1990-12-31 00:00:00,1990,Q4,2193800000.0,1895800000.0,298000000.0,0.1358373598,0,70800000.0,0.0,70800000.0,57500000.0,128300000.0,2024100000.0,0.0,0.0,57500000.0,192300000.0,0.0876561218,134800000.0,0.061445893,43400000.0,178200000.0,0.0812289179,60800000.0,117400000.0,0.0535144498,0.0594,0.0594,735962549,735962549,,,2.9808582012506726,0.1595189866108255,-0.0331538609310403,-0.1673998224059088,0.4954056432564478,5.258147993071316,5.258147993071316,5.258147993071316,1.1803589750325734,6527987809.629999,7032087809.629999,13.901166545208683,2.975653117708997,-267.5404840012295,-52.986914039204535,1.686905734050855,1.686905734050855,3.2054370542574526,36.56831934284971,-288.2003200668033,-57.07863481842532,0.017984102210916,-0.0188725842622219,0.2244818853687529,0.1430429771118063,2.62142485699428,2.565082323703013,0.0,-0.2076595744680851,0.0011335805482178,0.0630323679727427,0.0322727687118242,0.0,0.0,-4.049180327868853,0.0450360105752575,1.7182608695652173,0.0,4.344240426628209,0.0170902224375141,0.0193314671496789,-1.027056337346318,1511400000.0,3869800000.0,273900000.0,3971200000.0,660000000.0,468300000.0,1049950000.0,25.71838818488467,23.898090515877204,58.15961599324823,3.499441697240389,3.765991259435837,1.547465513019345,0.0303374851413509,0.1342459614748684,1990-12-31,,bmo,,2025-04-23,1990-12-31,,9.05109375,1567039.296875
1990-09-30,ADM,USD,7084,1990-09-30,1990-09-30 00:00:00,1990,Q3,2082200000.0,1794700000.0,287500000.0,0.1380751129,0,65700000.0,0.0,65700000.0,69000000.0,134700000.0,1929400000.0,0.0,0.0,69000000.0,183800000.0,0.08827202,114800000.0,0.0551339929,53500000.0,168300000.0,0.0808279704,60600000.0,107700000.0,0.0517241379,0.052,0.052,736751784,736751784,,,2.8261892881958737,0.1461822045618555,0.3044444613112738,0.1680348832382331,1.0240898174737232,5.091809862519451,5.091809862519451,5.091809862519451,1.1571061224603698,7146492304.799999,7244492304.799999,16.588886501392757,3.43218341408126,31.8613121034329,57.72610908562197,1.9050200737857863,1.9050200737857863,3.4792490177696664,39.4150832687704,32.29822694962104,58.51770843941841,0.0150703303672016,0.0173231838389931,0.2272484938956123,0.1440447425781052,0.5331882480957563,2.7770163415919877,0.0,2.0826369545032497,0.0010354730243016,0.0687093779015784,0.0315531649217174,0.0,0.0,0.4480606330806955,0.0482662568437229,1.4565217391304348,0.0,4.0923672605889205,0.014522558537294,0.0181977932852339,-0.617813230839764,1685500000.0,3751400000.0,467100000.0,3916000000.0,663000000.0,374300000.0,823000000.0,29.958217270194982,21.723965008079343,43.86917033487491,3.00418410041841,4.142890120036935,2.051554641060814,0.0287092818681025,0.1364095780730407,1990-09-30,,bmo,,2025-04-23,1990-09-30,,9.225238095238094,1545342.984126984
1990-06-30,ADM,USD,7084,1990-06-30,1990-06-30 00:00:00,1990,Q2,2081700000.0,1780700000.0,301000000.0,0.1445933612,0,0.0,0.0,64700000.0,66100000.0,130800000.0,1911500000.0,0.0,0.0,66100000.0,198900000.0,0.0955469088,132800000.0,0.0637940145,51700000.0,184500000.0,0.0886294855,66700000.0,117800000.0,0.0565883653,0.16,0.16,730818729,736751784,,,2.848449167207919,0.161189081950854,0.4586636695239922,0.3292198057502163,0.5588253061861528,4.889310930617926,4.889310930617926,4.889310930617926,1.0551180058769405,6950086112.79,7312786112.79,14.749758303883702,3.338658842671854,20.73414711452864,28.886475946758104,1.94505936213758,1.94505936213758,3.512891441028967,36.76614435791855,21.816187687321,30.39395724351621,0.0169494302787438,0.0346182761041236,0.2158009627224896,0.1414862385321101,1.8235294117647056,3.406476415791808,0.0,2.845500848896435,0.0020143635305807,0.1188455008488964,0.0,0.0,0.0,0.2822195704057279,0.0454436278041984,1.4311649016641452,0.0,4.210977280426485,0.0176871567418191,0.0216146788990825,-0.8321146898248143,1627500000.0,3573200000.0,427000000.0,3759300000.0,702950000.0,342750000.0,825550000.0,27.36273238218763,15.940922109282866,38.97793002751727,3.289145204613683,5.645846544071021,2.308998962655602,0.0329676480465689,0.1294438637737758,1990-06-30,,bmo,,2025-04-23,1990-06-30,,9.087777777777776,2088281.7777777775
1990-03-31,ADM,USD,7084,1990-03-31,1990-03-31 00:00:00,1990,Q1,2030400000.0,1730600000.0,299800000.0,0.1476556344,0,64900000.0,0.0,64900000.0,61800000.0,126700000.0,1857300000.0,0.0,0.0,61900000.0,202800000.0,0.0998817967,140900000.0,0.0693951931,38400000.0,179300000.0,0.0883077226,62900000.0,116400000.0,0.0573286052,0.0565,0.0565,730883855,730883855,,,2.7780063632682106,0.1592592300455179,0.2238385741876867,0.087154750463054,0.5479666806978518,4.720175410086189,4.720175410086189,4.720175410086189,1.1696796887105956,6175968574.749999,6630368574.749999,13.26453731690292,3.041749692055752,37.75041916106357,96.95398076530611,1.7901877082669062,1.7901877082669062,3.26554795840721,32.69412512204141,40.527925273533,104.08741875588696,0.0188472461592329,0.0103141716524324,0.2478042841821502,0.1547806564915901,2.2406311637080867,2.8013628620102216,0.0,1.4054982817869417,1.6191792233017952e-05,0.0008591065292096,0.0319641449960598,0.0,0.0,0.6106356968215159,0.0492021276595744,1.6138933764135703,0.0,4.112658359689941,0.0192526055227789,0.0210743577209277,-0.893712449018319,1586100000.0,3449900000.0,393200000.0,3680600000.0,647700000.0,380600000.0,906700000.0,34.26418439716312,19.247081936900496,45.75927424014792,2.626649417852523,4.676033504458254,1.966814410728492,0.0337401084089393,0.1366838237246327,1990-03-31,,bmo,,2025-04-23,1990-03-31,,7.737301587301587,1834333.365079365
1989-12-31,ADM,USD,7084,1989-12-31,1989-12-31 00:00:00,1989,Q4,1785300000.0,1493200000.0,292100000.0,0.1636139584,0,53900000.0,0.0,53900000.0,62000000.0,115900000.0,1609100000.0,0.0,0.0,61900000.0,238200000.0,0.1334229541,121900000.0,0.0682798409,31000000.0,207200000.0,0.1160589257,75000000.0,132200000.0,0.0740491794,0.0671,0.0671,731234871,731234871,,,2.441486409911652,0.1807900651937043,-0.0789076154438482,-0.1770976811088102,0.7081172145030267,4.571034742132805,4.571034742132805,4.571034742132805,1.120706947248417,6244745798.339999,6546445798.339999,11.80927722832829,3.4978691527138293,-108.22783012720969,-48.22197527675675,1.86828595313089,1.86828595313089,3.666860358673612,27.48297984189756,-113.45659962461004,-50.55170500648648,0.0211697968610895,-0.0207374333851065,0.2451757666417352,0.1557511023262885,1.2665827036104114,3.0761194029850745,0.0,-0.4367903103709311,0.0011849961934346,0.0559757942511346,0.0301910043130006,0.0,0.0,-1.244367417677643,0.0402173304206575,1.159935379644588,0.0,4.31206998473352,0.0170284987631837,0.0251254371293903,-0.7422375785467704,1669200000.0,3342500000.0,554100000.0,3550200000.0,562100000.0,341000000.0,730200000.0,26.33506973617879,23.572863648540046,56.2650683096705,3.417496171516079,3.817949373561749,1.599571505088377,0.0395512341062079,0.0981900656649619,1989-12-31,,bmo,,2025-04-23,1989-12-31,,,
1989-09-30,ADM,USD,7084,1989-09-30,1989-09-30 00:00:00,1989,Q3,1853900000.0,1592700000.0,261200000.0,0.1408921733,0,48200000.0,0.0,48200000.0,58200000.0,106400000.0,1699100000.0,0.0,0.0,58200000.0,163200000.0,0.0880306381,105000000.0,0.0566373591,77200000.0,182200000.0,0.0982793031,65000000.0,117200000.0,0.0632180808,0.0377,0.0377,724184746,724184746,,,2.559982118154143,0.1618371563987623,0.3724187805524421,0.2880480445800497,0.9236593337468614,4.357727800027425,4.357727800027425,4.357727800027425,1.1161516511699627,5670366561.18,5809766561.18,12.095491811390785,3.0586151147203195,21.024718432258062,27.182965298082458,1.7968079603206797,1.7968079603206797,3.1338079514429045,35.59905981115196,21.54158902921765,27.85122991936721,0.0206688577776197,0.0367877451570944,0.2561315672729577,0.1620456686914857,0.8541666666666666,3.03620153991625,0.0,2.301194539249147,0.0007230573113331,0.0349829351535836,0.0259992448352122,0.0,0.0,0.2265480163144234,0.0329575489508603,1.049828178694158,0.0,3.9834597022081377,0.0154918031920113,0.0234959202902908,-0.6194551907891195,1507400000.0,3155800000.0,415400000.0,3348700000.0,556350000.0,287150000.0,610950000.0,29.215168024165276,16.43812394047843,29.773968732341302,3.0805915586573613,5.475077346167068,3.0227747200607324,0.037137968185563,0.0843707359723923,1989-09-30,,bmo,,2025-04-23,1989-09-30,,,
1989-06-30,ADM,USD,7084,1989-06-30,1989-06-30 00:00:00,1989,Q2,2022700000.0,0.0,2022700000.0,1.0,0,0.0,0.0,0.0,-7306500000.0,-7306500000.0,-7306500000.0,0.0,0.0,0.0,-5283800000.0,-2.6122509517,-5283800000.0,-2.6122509517,5283800000.0,0.0,0.0,0.0,0.0,0.0,0.0,0.0,723952943,724184746,,,2.7939661266077622,0.0,,,0.5989339558496691,4.190189472024842,4.190189472024842,4.190189472024842,0.9743727224546967,4864963776.96,5136763776.96,0.0,2.4051830607405944,0.0,0.0,1.6037460942673478,1.6037460942673478,2.53955790624413,-0.9721722580264204,0.0,0.0,0.0,,0.2325366738091313,0.1491868113275384,-0.051440251334267,3.4045270816491517,0.0,0.0,0.0008768556547619,0.0,0.0,0.0,0.0,0.0,,0.0,,0.0,,0.0,-0.7328169670829006,1487200000.0,3033500000.0,410900000.0,3319500000.0,,,,22.732486280713896,0.0,0.0,3.959091798786455,0.0,0.0,0.0,,1989-06-30,,bmo,,2025-04-23,1989-06-30,,,
1989-03-31,ADM,USD,7084,1989-03-31,1989-03-31 00:00:00,1989,Q1,2083200000.0,0.0,2083200000.0,1.0,0,0.0,0.0,0.0,0.0,0.0,0.0,0.0,0.0,0.0,2083200000.0,1.0,2083200000.0,1.0,-2083200000.0,0.0,0.0,0.0,0.0,0.0,0.0,0.0,720936192,720936192,,,2.8895761138317217,0.0,,,,,,,,4037242675.2,,0.0,1.938000516129032,0.0,0.0,0.0,0.0,,,0.0,0.0,0.0,,0.0,0.0,,0.0,0.0,0.0,0.0010522267857142,0.0,0.0,0.0,0.0,0.0,,0.0,,,0.0,0.0,,,,,,,,,,0.0,0.0,0.0,0.0,0.0,0.0,,1989-06-30,,bmo,,2025-04-23,1989-03-31,,,
1988-12-31,ADM,USD,7084,1988-12-31,1988-12-31 00:00:00,1988,Q4,1851000000.0,0.0,1851000000.0,1.0,0,0.0,0.0,0.0,0.0,0.0,0.0,0.0,0.0,0.0,1851000000.0,1.0,1851000000.0,1.0,-1851000000.0,0.0,0.0,0.0,0.0,0.0,0.0,0.0,719994630,719994630,,,2.570852507608286,0.0,,,,,,,,3542373579.6,,0.0,1.9137620635332253,0.0,0.0,0.0,0.0,,,0.0,0.0,0.0,,0.0,0.0,,0.0,0.0,0.0,0.001197656504065,0.0,0.0,0.0,0.0,0.0,,0.0,,,0.0,0.0,,,,,,,,,,0.0,0.0,0.0,0.0,0.0,0.0,,1988-12-31,,,,,,,,
1988-09-30,ADM,USD,7084,1988-09-30,1988-09-30 00:00:00,1988,Q3,1971800000.0,0.0,1971800000.0,1.0,0,0.0,0.0,0.0,0.0,0.0,0.0,0.0,0.0,0.0,1971800000.0,1.0,1971800000.0,1.0,-1971800000.0,0.0,0.0,0.0,0.0,0.0,0.0,0.0,725911127,725911127,,,2.7163104774945817,0.0,,,,,,,,3339191184.2,,0.0,1.693473569428948,0.0,0.0,0.0,0.0,,,0.0,0.0,0.0,,0.0,0.0,,0.0,0.0,0.0,0.0127852173913043,0.0,0.0,0.0,0.0,0.0,,0.0,,,0.0,0.0,,,,,,,,,,0.0,0.0,0.0,0.0,0.0,0.0,,1988-06-30,,bmo,,2025-04-23,1988-09-30,,,
1988-06-30,ADM,USD,7084,1988-06-30,1988-06-30 00:00:00,1988,Q2,1875300000.0,0.0,1875300000.0,1.0,0,0.0,0.0,0.0,-6257500000.0,-6257500000.0,-6257500000.0,0.0,0.0,0.0,-4382200000.0,-2.3367994454,-4382200000.0,-2.3367994454,4382200000.0,0.0,0.0,0.0,0.0,0.0,0.0,0.0,720086248,725911127,,,2.6042713705594887,0.0,,,0.8948928017855995,3.65303462926291,3.65303462926291,3.65303462926291,0.9854375110910324,3276392428.4,3341592428.4,0.0,1.747129754385965,0.0,0.0,1.245539794107584,1.245539794107584,1.7818975248760198,-0.7625376359819269,0.0,0.0,0.0,,0.2697586010264208,0.1613607422230307,-0.0148783715941764,2.983805097873539,0.0,0.0,0.001233378021978,0.0,0.0,0.0,0.0,0.0,,0.0,,0.0,,0.0,-0.3575960528550463,1408700000.0,2630500000.0,351700000.0,3069900000.0,,,,30.60950247960326,0.0,0.0,2.940263405456256,0.0,0.0,0.0,,1988-06-30,,bmo,,2025-04-23,1988-06-30,,,
1988-06-30,ADM,USD,7084,1988-06-30,1988-06-30 00:00:00,1988,Q2,1875300000.0,0.0,1875300000.0,1.0,0,0.0,0.0,0.0,-6257500000.0,-6257500000.0,-6257500000.0,0.0,0.0,0.0,-4382200000.0,-2.3367994454,-4382200000.0,-2.3367994454,4382200000.0,0.0,0.0,0.0,0.0,0.0,0.0,0.0,720086248,725911127,,,2.6042713705594887,0.0,,,0.8948928017855995,3.65303462926291,3.65303462926291,3.65303462926291,0.9854375110910324,3276392428.4,3341592428.4,0.0,1.747129754385965,0.0,0.0,1.245539794107584,1.245539794107584,1.7818975248760198,-0.7625376359819269,0.0,0.0,0.0,,0.2697586010264208,0.1613607422230307,-0.0148783715941764,2.983805097873539,0.0,0.0,0.001233378021978,0.0,0.0,0.0,0.0,0.0,,0.0,,0.0,,0.0,-0.3575960528550463,1408700000.0,2630500000.0,351700000.0,3069900000.0,,,,30.60950247960326,0.0,0.0,2.940263405456256,0.0,0.0,0.0,,1988-06-30,,bmo,,2025-04-23,1988-06-30,,,
1988-03-31,ADM,USD,7084,1988-03-31,1988-03-31 00:00:00,1988,Q1,1681200000.0,0.0,1681200000.0,1.0,0,0.0,0.0,0.0,0.0,0.0,0.0,0.0,0.0,0.0,1681200000.0,1.0,1681200000.0,1.0,-1681200000.0,0.0,0.0,0.0,0.0,0.0,0.0,0.0,720086248,720086248,,,2.3347203264462286,0.0,,,,,,,,3233187253.52,,0.0,1.9231425490839875,0.0,0.0,0.0,0.0,,,0.0,0.0,0.0,,0.0,0.0,,0.0,0.0,0.0,0.0012498596881959,0.0,0.0,0.0,0.0,0.0,,0.0,,,0.0,0.0,,,,,,,,,,0.0,0.0,0.0,0.0,0.0,0.0,,1988-06-30,,bmo,,2025-04-23,1988-03-31,,,
1987-12-31,ADM,USD,7084,1987-12-31,1987-12-31 00:00:00,1987,Q4,1654200000.0,0.0,1654200000.0,1.0,0,0.0,0.0,0.0,0.0,0.0,0.0,0.0,0.0,0.0,1654200000.0,1.0,1654200000.0,1.0,-1654200000.0,0.0,0.0,0.0,0.0,0.0,0.0,0.0,698963472,698963472,,,2.366647280245856,0.0,,,,,,,,3334055761.44,,0.0,2.015509467682263,0.0,0.0,0.0,0.0,,,0.0,0.0,0.0,,0.0,0.0,,0.0,0.0,0.0,0.0011764926624737,0.0,0.0,0.0,0.0,0.0,,0.0,,,0.0,0.0,,,,,,,,,,0.0,0.0,0.0,0.0,0.0,0.0,,1987-12-31,,,,,,,,
1987-09-30,ADM,USD,7084,1987-09-30,1987-09-30 00:00:00,1987,Q3,1587700000.0,0.0,1587700000.0,1.0,0,0.0,0.0,0.0,0.0,0.0,0.0,0.0,0.0,0.0,1587700000.0,1.0,1587700000.0,1.0,-1587700000.0,0.0,0.0,0.0,0.0,0.0,0.0,0.0,740816063,740816063,,,2.143177070932383,0.0,,,,,,,,4407855574.85,,0.0,2.7762521728601124,0.0,0.0,0.0,0.0,,,0.0,0.0,0.0,,0.0,0.0,,0.0,0.0,0.0,0.0008982588235294,0.0,0.0,0.0,0.0,0.0,,0.0,,,0.0,0.0,,,,,,,,,,0.0,0.0,0.0,0.0,0.0,0.0,,1987-06-30,,bmo,,2025-04-23,1987-09-30,,,
1987-06-30,ADM,USD,7084,1987-06-30,1987-06-30 00:00:00,1987,Q2,1507000000.0,0.0,1507000000.0,1.0,0,0.0,0.0,0.0,-5393800000.0,-5393800000.0,-5393800000.0,0.0,0.0,0.0,-3886800000.0,-2.5791639018,-3886800000.0,-2.5791639018,3886800000.0,0.0,0.0,0.0,0.0,0.0,0.0,0.0,735931643,740816063,,,2.0477445348820256,0.0,,,0.6319880445744062,3.217282505136146,3.217282505136146,3.217282505136146,0.9120412288074424,3856281809.32,4062381809.32,0.0,2.558912945799602,0.0,0.0,1.6287037248468978,1.6287037248468978,2.69567472416722,-1.0451738729340332,0.0,0.0,0.0,,0.2834818600329433,0.1737914606043344,-0.0530256251929607,3.518399356525236,0.0,0.0,0.0010199694656488,0.0,0.0,0.0,0.0,0.0,,0.0,,0.0,,0.0,-0.4064575872571904,1252400000.0,2367700000.0,255300000.0,2730900000.0,,,,26.9163901791639,0.0,0.0,3.3436875970712228,0.0,0.0,0.0,,1987-06-30,,bmo,,2025-04-23,1987-06-30,,,
1987-06-30,ADM,USD,7084,1987-06-30,1987-06-30 00:00:00,1987,Q2,1507000000.0,0.0,1507000000.0,1.0,0,0.0,0.0,0.0,-5393800000.0,-5393800000.0,-5393800000.0,0.0,0.0,0.0,-3886800000.0,-2.5791639018,-3886800000.0,-2.5791639018,3886800000.0,0.0,0.0,0.0,0.0,0.0,0.0,0.0,735931643,740816063,,,2.0477445348820256,0.0,,,0.6319880445744062,3.217282505136146,3.217282505136146,3.217282505136146,0.9120412288074424,3856281809.32,4062381809.32,0.0,2.558912945799602,0.0,0.0,1.6287037248468978,1.6287037248468978,2.69567472416722,-1.0451738729340332,0.0,0.0,0.0,,0.2834818600329433,0.1737914606043344,-0.0530256251929607,3.518399356525236,0.0,0.0,0.0010199694656488,0.0,0.0,0.0,0.0,0.0,,0.0,,0.0,,0.0,-0.4064575872571904,1252400000.0,2367700000.0,255300000.0,2730900000.0,,,,26.9163901791639,0.0,0.0,3.3436875970712228,0.0,0.0,0.0,,1987-06-30,,bmo,,2025-04-23,1987-06-30,,,
1987-03-31,ADM,USD,7084,1987-03-31,1987-03-31 00:00:00,1987,Q1,1431700000.0,0.0,1431700000.0,1.0,0,0.0,0.0,0.0,0.0,0.0,0.0,0.0,0.0,0.0,1431700000.0,1.0,1431700000.0,1.0,-1431700000.0,0.0,0.0,0.0,0.0,0.0,0.0,0.0,735931643,735931643,,,1.9454252492306543,0.0,,,,,,,,3090912900.6,,0.0,2.1589110152965008,0.0,0.0,0.0,0.0,,,0.0,0.0,0.0,,0.0,0.0,,0.0,0.0,0.0,0.0012725333333333,0.0,0.0,0.0,0.0,0.0,,0.0,,,0.0,0.0,,,,,,,,,,0.0,0.0,0.0,0.0,0.0,0.0,,1987-06-30,,bmo,,2025-04-23,1987-03-31,,,
1986-12-31,ADM,USD,7084,1986-12-31,1986-12-31 00:00:00,1986,Q4,1464900000.0,0.0,1464900000.0,1.0,0,0.0,0.0,0.0,0.0,0.0,0.0,0.0,0.0,0.0,1464900000.0,1.0,1464900000.0,1.0,-1464900000.0,0.0,0.0,0.0,0.0,0.0,0.0,0.0,735931643,735931643,,,1.9905381348033704,0.0,,,,,,,,2892211356.99,,0.0,1.974340471697727,0.0,0.0,0.0,0.0,,,0.0,0.0,0.0,,0.0,0.0,,0.0,0.0,0.0,0.0013600508905852,0.0,0.0,0.0,0.0,0.0,,0.0,,,0.0,0.0,,,,,,,,,,0.0,0.0,0.0,0.0,0.0,0.0,,1986-12-31,,,,,,,,
1986-09-30,ADM,USD,7084,1986-09-30,1986-09-30 00:00:00,1986,Q3,1371000000.0,0.0,1371000000.0,1.0,0,0.0,0.0,0.0,0.0,0.0,0.0,0.0,0.0,0.0,1371000000.0,1.0,1371000000.0,1.0,-1371000000.0,0.0,0.0,0.0,0.0,0.0,0.0,0.0,731609066,731609066,,,1.8739516276032588,0.0,,,,,,,,2772798360.14,,0.0,2.022464157651349,0.0,0.0,0.0,0.0,,,0.0,0.0,0.0,,0.0,0.0,,0.0,0.0,0.0,0.0013430079155672,0.0,0.0,0.0,0.0,0.0,,0.0,,,0.0,0.0,,,,,,,,,,0.0,0.0,0.0,0.0,0.0,0.0,,1986-06-30,,bmo,,2025-04-23,1986-09-30,,,
1986-06-30,ADM,USD,7084,1986-06-30,1986-06-30 00:00:00,1986,Q2,1390700000.0,0.0,1390700000.0,1.0,0,0.0,0.0,0.0,-4982500000.0,-4982500000.0,-4982500000.0,0.0,0.0,0.0,-3591800000.0,-2.5827281225,-3591800000.0,-2.5827281225,3591800000.0,0.0,0.0,0.0,0.0,0.0,0.0,0.0,729841846,731609066,,,1.9054813143723195,0.0,,,0.8157931793897167,2.8443148490008614,2.8443148490008614,2.8443148490008614,0.7986661811660495,2715011667.1200004,2702511667.1200004,0.0,1.9522626498310207,0.0,0.0,1.3078720878269667,1.3078720878269667,1.9432743705472064,-0.7524115115318226,0.0,0.0,0.0,,0.2807938725372128,0.1758158894854316,0.0034801492287989,4.160242290748899,0.0,0.0,0.0012771505376344,0.0,0.0,0.0,0.0,0.0,,0.0,,0.0,,0.0,-0.1534921580805055,1147800000.0,2075900000.0,271500000.0,2462900000.0,,,,23.40763644207953,0.0,0.0,3.844899087641692,0.0,0.0,0.0,,1986-06-30,,bmo,,2025-04-23,1986-06-30,,,
1986-06-30,ADM,USD,7084,1986-06-30,1986-06-30 00:00:00,1986,Q2,1390700000.0,0.0,1390700000.0,1.0,0,0.0,0.0,0.0,-4982500000.0,-4982500000.0,-4982500000.0,0.0,0.0,0.0,-3591800000.0,-2.5827281225,-3591800000.0,-2.5827281225,3591800000.0,0.0,0.0,0.0,0.0,0.0,0.0,0.0,729841846,731609066,,,1.9054813143723195,0.0,,,0.8157931793897167,2.8443148490008614,2.8443148490008614,2.8443148490008614,0.7986661811660495,2715011667.1200004,2702511667.1200004,0.0,1.9522626498310207,0.0,0.0,1.3078720878269667,1.3078720878269667,1.9432743705472064,-0.7524115115318226,0.0,0.0,0.0,,0.2807938725372128,0.1758158894854316,0.0034801492287989,4.160242290748899,0.0,0.0,0.0012771505376344,0.0,0.0,0.0,0.0,0.0,,0.0,,0.0,,0.0,-0.1534921580805055,1147800000.0,2075900000.0,271500000.0,2462900000.0,,,,23.40763644207953,0.0,0.0,3.844899087641692,0.0,0.0,0.0,,1986-06-30,,bmo,,2025-04-23,1986-06-30,,,
1986-03-31,ADM,USD,7084,1986-03-31,1986-03-31 00:00:00,1986,Q1,1331500000.0,0.0,1331500000.0,1.0,0,0.0,0.0,0.0,0.0,0.0,0.0,0.0,0.0,0.0,1331500000.0,1.0,1331500000.0,1.0,-1331500000.0,0.0,0.0,0.0,0.0,0.0,0.0,0.0,691678232,691678232,,,1.9250280526393664,0.0,,,,,,,,2794380057.28,,0.0,2.098670715193391,0.0,0.0,0.0,0.0,,,0.0,0.0,0.0,,0.0,0.0,,0.0,0.0,0.0,0.0011759900990099,0.0,0.0,0.0,0.0,0.0,,0.0,,,0.0,0.0,,,,,,,,,,0.0,0.0,0.0,0.0,0.0,0.0,,1986-06-30,,bmo,,2025-04-23,1986-03-31,,,
1985-12-31,ADM,USD,7084,1985-12-31,1985-12-31 00:00:00,1985,Q4,1328000000.0,0.0,1328000000.0,1.0,0,0.0,0.0,0.0,0.0,0.0,0.0,0.0,0.0,0.0,1328000000.0,1.0,1328000000.0,1.0,-1328000000.0,0.0,0.0,0.0,0.0,0.0,0.0,0.0,691678232,691678232,,,1.9199678962862023,0.0,,,,,,,,2441624158.96,,0.0,1.8385724088554216,0.0,0.0,0.0,0.0,,,0.0,0.0,0.0,,0.0,0.0,,0.0,0.0,0.0,0.0013458923512747,0.0,0.0,0.0,0.0,0.0,,0.0,,,0.0,0.0,,,,,,,,,,0.0,0.0,0.0,0.0,0.0,0.0,,1985-12-31,,,,,,,,
1985-09-30,ADM,USD,7084,1985-09-30,1985-09-30 00:00:00,1985,Q3,1285800000.0,0.0,1285800000.0,1.0,0,0.0,0.0,0.0,0.0,0.0,0.0,0.0,0.0,0.0,1285800000.0,1.0,1285800000.0,1.0,-1285800000.0,0.0,0.0,0.0,0.0,0.0,0.0,0.0,719205396,719205396,,,1.7878063862579807,0.0,,,,,,,,2013775108.8,,0.0,1.566165118058796,0.0,0.0,0.0,0.0,,,0.0,0.0,0.0,,0.0,0.0,,0.0,0.0,0.0,0.0016160714285714,0.0,0.0,0.0,0.0,0.0,,0.0,,,0.0,0.0,,,,,,,,,,0.0,0.0,0.0,0.0,0.0,0.0,,1985-09-30,,,,,,,,
