date,symbol,reportedCurrency,cik,fillingDate,acceptedDate,calendarYear,period,revenue,costOfRevenue,grossProfit,grossProfitRatio,researchAndDevelopmentExpenses,generalAndAdministrativeExpenses,sellingAndMarketingExpenses,sellingGeneralAndAdministrativeExpenses,otherExpenses,operatingExpenses,costAndExpenses,interestIncome,interestExpense,depreciationAndAmortization,ebitda,ebitdaratio,operatingIncome,operatingIncomeRatio,totalOtherIncomeExpensesNet,incomeBeforeTax,incomeBeforeTaxRatio,incomeTaxExpense,netIncome,netIncomeRatio,eps,epsdiluted,weightedAverageShsOut,weightedAverageShsOutDil,link,finalLink,revenuePerShare,netIncomePerShare,operatingCashFlowPerShare,freeCashFlowPerShare,cashPerShare,bookValuePerShare,tangibleBookValuePerShare,shareholdersEquityPerShare,interestDebtPerShare,marketCap,enterpriseValue,peRatio,priceToSalesRatio,pocfratio,pfcfRatio,pbRatio,ptbRatio,evToSales,enterpriseValueOverEBITDA,evToOperatingCashFlow,evToFreeCashFlow,earningsYield,freeCashFlowYield,debtToEquity,debtToAssets,netDebtToEBITDA,currentRatio,interestCoverage,incomeQuality,dividendYield,payoutRatio,salesGeneralAndAdministrativeToRevenue,researchAndDdevelopementToRevenue,intangiblesToTotalAssets,capexToOperatingCashFlow,capexToRevenue,capexToDepreciation,stockBasedCompensationToRevenue,grahamNumber,roic,returnOnTangibleAssets,grahamNetNet,workingCapital,tangibleAssetValue,netCurrentAssetValue,investedCapital,averageReceivables,averagePayables,averageInventory,daysSalesOutstanding,daysPayablesOutstanding,daysOfInventoryOnHand,receivablesTurnover,payablesTurnover,inventoryTurnover,roe,capexPerShare,report_date,epsEstimated,time,revenueEstimated,updatedFromDate,fiscalDateEnding,surprise(%),QuarterAvgPrice,QuarterAvgVolume
2025-03-31,ADP,USD,8670,2025-05-01,2025-05-01 14:47:20,2025,Q3,5553000000.0,2904200000.0,2648800000.0,0.4770034216,247100000,0.0,0.0,1015800000.0,1271800000.0,2534700000.0,5438900000.0,0.0,74800000.0,122400000.0,1819100000.0,0.3275886908,114100000.0,0.0205474518,1507800000.0,1621900000.0,0.2920763551,372400000.0,1249500000.0,0.2250135062,3.07,3.06,406900000,408500000,https://www.sec.gov/Archives/edgar/data/8670/000000867025000015/0000008670-25-000015-index.htm,https://www.sec.gov/Archives/edgar/data/8670/000000867025000015/adp-20250331.htm,13.647087736544606,3.0707790611943966,3.749815679528139,3.660358810518555,6.587859424920127,14.390022118456622,2.3366920619316787,14.390022118456622,10.668960432538707,124320156999.99998,125905956999.99998,24.87398099239696,22.387926706284887,81.47867151658146,83.4699590439103,21.23207299369801,21.23207299369801,22.67350207095264,69.21332362157109,82.51799515008518,84.5346830938633,0.0100506629829947,0.0119803581007382,0.7286390108107185,0.0755802623980045,0.8717497663679842,1.0150811204613768,1.5254010695187166,1.2211284513805525,0.0050514736721254,0.5026010404161665,0.0,0.0444984692958761,0.0868843514276704,0.023856337658933,0.0065550153070412,0.2476190476190476,0.0113092022330271,31.531619348811105,0.0075751956408101,0.0242413777716557,-111.21104694028016,691400000.0,950800000.0,-4056500000.0,6601900000.0,3525700000.0,166350000.0,0.0,57.502431118314426,4.533778665381172,0.0,1.5651512162124073,19.850991114149007,0.0,0.2133964100900039,0.0894568690095846,2025-04-30,2.97,bmo,5491238230.0,2025-05-11,2025-03-31,0.0303030303030302,,
2024-12-31,ADP,USD,8670,2025-01-30,2025-01-30 14:40:43,2025,Q2,5048400000.0,2742500000.0,2305900000.0,0.456758577,239500000,0.0,0.0,1006100000.0,0.0,2376100000.0,5118600000.0,356700000.0,129600000.0,126900000.0,1517800000.0,0.3006497108,1027000000.0,0.20343079,234300000.0,1261300000.0,0.249841534,298100000.0,963200000.0,0.1907931226,2.36,2.35,407600000,409000000,https://www.sec.gov/Archives/edgar/data/8670/000000867025000007/0000008670-25-000007-index.htm,https://www.sec.gov/Archives/edgar/data/8670/000000867025000007/adp-20241231.htm,12.38567222767419,2.363101079489696,2.8221295387634937,2.7254661432777234,5.437684003925417,12.458537782139352,0.3805201177625122,12.458537782139352,10.82531894013739,119316748000.0,121383148000.0,30.96884032392027,23.634566991522068,103.72663479092412,107.40548024124584,23.49633681888896,23.49633681888896,24.04388479518263,79.97308472789564,105.52303572980962,109.26559366279594,0.00807263034021,0.0093105118822045,0.8433863059018136,0.0668177924916571,1.3614441955461851,0.9991031819546212,7.924382716049383,1.194248338870432,0.0047981528963561,0.5943729235880398,0.0,0.0474407733143174,0.0768058261969805,0.0342519342780144,0.007804452895967,0.3294314381270903,0.0156683305601774,25.737475436439468,0.0763872243910384,0.016277501660366,-132.91112610402357,-48700000.0,155100000.0,-4764200000.0,5899400000.0,3410100000.0,165800000.0,0.0,62.45840266222962,6.117046490428441,0.0,1.440959040959041,14.712982832618026,0.0,0.1896772414879581,0.0966633954857703,2025-01-29,2.3,bmo,4970434842.0,2025-04-29,2024-12-31,0.0217391304347827,296.92214285714283,1977686.357142857
2024-09-30,ADP,USD,8670,2024-11-01,2024-11-01 13:08:12,2025,Q1,4832700000.0,2633700000.0,2199000000.0,0.4550251412,232600000,0.0,0.0,926700000.0,1019000000.0,1945700000.0,3560700000.0,345000000.0,137800000.0,138600000.0,1513700000.0,0.313220353,1272000000.0,0.263206903,-35800000.0,1236200000.0,0.2557990357,279900000.0,956300000.0,0.1978811017,2.34,2.34,407900000,409500000,https://www.sec.gov/Archives/edgar/data/8670/000000867024000030/0000008670-24-000030-index.htm,https://www.sec.gov/Archives/edgar/data/8670/000000867024000030/adp-20240930.htm,11.847756803138024,2.344447168423633,2.021083598921304,1.8769306202500613,18.012012748222602,13.112527580289289,4.043392988477568,13.112527580289289,21.60088256925717,112878167000.0,119446467000.0,29.509088936526197,23.357164111159392,136.9215999514799,147.4375222048067,21.104245410013835,21.104245410013835,24.716300825625428,78.91026425315452,144.88897016011646,156.0168064263323,0.0084719660623121,0.0067825339509632,1.6215832180383651,0.1751758180944186,4.339234987117659,3.747002769562972,9.23076923076923,0.8620725713688173,0.0050727258886122,0.5987660775907142,0.0,0.0481304446789579,0.0747161259831069,0.0713245997088791,0.0121671115525482,0.4242424242424242,0.0125395741510956,26.299935998418995,0.0222443953670736,0.0208743978119317,-84.15831086050503,29259700000.0,1649300000.0,-4251600000.0,34014000000.0,3372450000.0,122900000.0,0.0,61.7673350301074,4.961840756350382,0.0,1.4570808333584586,18.13842975206612,0.0,0.1787944508843435,0.1441529786712429,2024-10-30,2.21,bmo,4774179156.0,2025-04-25,2024-09-30,0.0542986425339367,301.6301666666667,1795061.2666666666
2024-06-30,ADP,USD,8670,2024-08-07,2024-08-07 15:06:59,2024,Q4,4768500000.0,2408300000.0,2360200000.0,0.4949564853,247900000,0.0,0.0,1043600000.0,989300000.0,1262600000.0,3670900000.0,82000000.0,102200000.0,135700000.0,1328300000.0,0.2785571983,1097600000.0,0.2301772046,-8200000.0,1089400000.0,0.2284575862,260100000.0,829300000.0,0.1739121317,2.03,2.02,408900000,410600000,https://www.sec.gov/Archives/edgar/data/8670/000000867024000024/0000008670-24-000024-index.htm,https://www.sec.gov/Archives/edgar/data/8670/000000867024000024/adp-20240630.htm,11.661775495231108,2.028124235754463,3.180728784543898,2.822450476889215,8.064074345805821,11.121545610173635,2.098312545854732,11.121545610173635,9.539740767913916,96365463000.0,97250663000.0,29.050242071626677,20.208758100031456,74.09308242349685,83.49836495970887,21.19039999120415,21.19039999120415,20.39439299570095,73.21438154031469,74.77369137321236,84.26536955203188,0.0086057802679783,0.0119762824156202,0.8352977394669716,0.0698751165780949,0.6664157193405105,1.010259538598048,10.73972602739726,1.5683106234173398,0.0059679057423301,0.6934764259013626,0.0,0.0519869980077592,0.067870065320523,0.1126403198523758,0.0307224494075705,1.079587324981577,0.0114920834644018,22.527920771754346,0.0855965544701468,0.016365685146557,-107.47505502567866,462500000.0,858000000.0,-4272600000.0,5208300000.0,3444450000.0,92600000.0,0.0,64.70336583831393,3.759498401361957,0.0,1.3909631876786652,23.939363817097416,0.0,0.1823599261148737,0.3582783076546832,2024-07-31,2.06,bmo,4742077188.0,2025-04-25,2024-06-30,0.0145631067961164,295.52421875,1671063.28125
2024-03-31,ADP,USD,8670,2024-05-02,2024-05-02 12:41:00,2024,Q3,5253800000.0,2768200000.0,2485600000.0,0.473105181,242700000,0.0,0.0,940900000.0,1222900000.0,932500000.0,3700700000.0,55900000.0,62700000.0,144600000.0,1752500000.0,0.3335680841,1553100000.0,0.2956146028,-6800000.0,1546300000.0,0.2943203015,361400000.0,1184900000.0,0.2255319959,2.89,2.88,410500000,412100000,https://www.sec.gov/Archives/edgar/data/8670/000000867024000014/0000008670-24-000014-index.htm,https://www.sec.gov/Archives/edgar/data/8670/000000867024000014/adp-20240331.htm,12.798538367844092,2.8864799025578565,3.6494518879415354,3.266747868453106,8.018757612667478,11.270889159561513,2.377588306942753,11.270889159561513,8.42338611449452,100699755000.0,100803155000.0,21.24646700143472,19.16703243366706,67.21831319671584,75.09303131991051,21.76491992132621,21.76491992132621,19.186713426472267,57.51963195435093,67.28733395634471,75.17013795674869,0.0117666621929715,0.0133168149217443,0.733805952406683,0.0528983384646066,0.0590014265335235,1.0134366934477677,24.770334928229666,1.264326103468647,0.0057189811434993,0.4860325765887416,0.0,0.0461951349499409,0.0568807882633028,0.1048661638074894,0.0299021660512391,1.086445366528354,0.0107160531424873,27.05544101411413,0.1269451423397788,0.0195751260926237,-130.7373325213155,737700000.0,976000000.0,-3915300000.0,5419700000.0,3416550000.0,80700000.0,0.0,59.28337584224752,2.750523806083375,0.0,1.5181321697922383,32.7210401891253,0.0,0.2561004603713229,0.3827040194884287,2024-05-01,2.79,bmo,5224828452.0,2025-04-25,2024-03-31,0.0322580645161289,261.50375,1563292.015625
2023-12-31,ADP,USD,8670,2024-02-01,2024-02-01 15:48:23,2024,Q2,4668000000.0,2561600000.0,2106400000.0,0.4512425021,228700000,0.0,0.0,922500000.0,8500000.0,922500000.0,3484100000.0,56900000.0,104900000.0,140100000.0,1389900000.0,0.2977506427,1183900000.0,0.2536203942,-48600000.0,1143800000.0,0.2450299914,265400000.0,878400000.0,0.1881748072,2.14,2.13,411100000,412500000,https://www.sec.gov/Archives/edgar/data/8670/000000867024000007/0000008670-24-000007-index.htm,https://www.sec.gov/Archives/edgar/data/8670/000000867024000007/adp-20231231.htm,11.354901483823888,2.136706397470202,2.5113111165166626,2.1865726100705425,4.051812211140842,10.50741911943566,1.543906592070056,10.50741911943566,8.32376550717587,95773967000.0,97449667000.0,27.258073485883425,20.51713089117395,92.76827489345214,106.54574146178663,22.17195272710436,22.17195272710436,20.876106898029136,70.11271818116411,94.39138609066254,108.4099087773946,0.0091715946150586,0.0093856402544127,0.767895175479211,0.0581222161088078,1.2056263040506512,1.0092665553654332,11.285986653956147,1.1753187613843352,0.0053908177260737,0.5877732229052823,0.0,0.0489931448157669,0.0645687531321513,0.1293103448275862,0.028598971722365,0.9528907922912204,0.0157669237360754,22.47562161991243,0.100011599924172,0.0164542142382152,-118.1094624179032,445700000.0,634700000.0,-4206400000.0,5173600000.0,3233750000.0,72100000.0,0.0,65.02056555269924,2.698313554028732,0.0,1.3841774403985292,33.354166666666664,0.0,0.2033521622372442,0.3247385064461202,2024-01-31,2.1,bmo,4658040000.0,2025-04-25,2023-12-31,0.0142857142857141,245.52079365079365,1494980.3174603174
2023-09-30,ADP,USD,8670,2023-11-02,2023-11-02 12:51:01,2024,Q1,4512400000.0,2515400000.0,1997000000.0,0.4425582838,236500000,0.0,0.0,880300000.0,8500000.0,880300000.0,3395700000.0,46500000.0,91600000.0,141500000.0,1327000000.0,0.2940785391,1116700000.0,0.2474736282,-32400000.0,1092800000.0,0.242177112,233400000.0,859400000.0,0.190452974,2.09,2.08,411700000,413600000,https://www.sec.gov/Archives/edgar/data/8670/000000867023000040/0000008670-23-000040-index.htm,https://www.sec.gov/Archives/edgar/data/8670/000000867023000040/adp-20230930.htm,10.960408064124362,2.0874423123633714,0.7930531940733544,0.4862764148651931,3.537284430410493,8.435268399319893,-0.5137235851348069,8.435268399319893,8.2965751760991,99046786000.0,100929486000.0,28.81277228298813,21.949912685045653,303.35922205206737,494.7391908091908,28.52072851877448,28.52072851877448,22.36714076766244,76.05839186134138,309.12553139356817,504.1432867132867,0.0086767075915012,0.0020212670000215,0.9571815249942408,0.067393702000665,1.4187641296156746,0.9818427454661436,12.191048034934498,0.3799162206190365,0.0052076399430063,0.6001861752385386,0.0,0.0524111337647371,0.0746964941731747,0.3868300153139357,0.0279895399344029,0.8925795053003533,0.0130307596844251,19.90434786396793,0.1084874974241775,0.0188302625149816,-102.1937697352441,-748600000.0,-211500000.0,-5370700000.0,3976600000.0,3052350000.0,82100000.0,0.0,61.731894335608544,2.411544883517532,0.0,1.4579173532357597,37.32047477744807,0.0,0.2474660216539967,0.3067767792081612,2023-10-25,2.03,bmo,4512160000.0,2025-04-25,2023-09-30,0.0246305418719213,244.3377049180328,1902769.9836065571
2023-06-30,ADP,USD,8670,2023-08-03,2023-08-03 16:49:01,2023,Q4,4477800000.0,2485300000.0,1992500000.0,0.4449729778,222300000,0.0,0.0,957400000.0,13100000.0,957200000.0,3442500000.0,66700000.0,106900000.0,140400000.0,1253900000.0,0.2800259056,1035300000.0,0.2312072893,-29700000.0,1005600000.0,0.2245745679,228900000.0,776700000.0,0.1734557149,1.88,1.87,412400000,414300000,https://www.sec.gov/Archives/edgar/data/8670/000000867023000030/0000008670-23-000030-index.htm,https://www.sec.gov/Archives/edgar/data/8670/000000867023000030/adp-20230630.htm,10.857904946653736,1.8833656644034915,2.875121241513094,2.533462657613967,5.087778855480116,8.508971871968962,-0.4216779825412221,8.508971871968962,8.355480116391853,90641396000.0,91896796000.0,29.17516286854641,20.24239492607977,76.4454718731551,86.75478177641654,25.830382719215752,25.830382719215752,20.52275581758899,73.28877581944333,77.50425571392427,87.95635145482389,0.0085689324555416,0.0115267421521177,0.9514975349804792,0.065505875890212,1.0011962676449475,0.9860408346505298,9.684752104770814,1.526586841766448,0.0057093118910039,0.6662804171494786,0.0,0.0496449149135736,0.0722567734594181,0.1188327570211689,0.0314663450801733,1.0035612535612537,0.0097815891732547,18.988782818243845,0.0974765985615254,0.0164248858061241,-104.52594568380214,-597000000.0,-173900000.0,-5291300000.0,4169800000.0,3040850000.0,85800000.0,0.0,60.49041940238509,3.505411821510481,0.0,1.4878389154704943,25.674586776859503,0.0,0.2213388048217491,0.341658583899127,2023-07-26,1.83,bmo,4386350000.0,2025-04-25,2023-06-30,0.0327868852459015,232.9893650793651,1708627.6825396826
2023-03-31,ADP,USD,8670,2023-05-01,2023-05-01 12:35:43,2023,Q3,4927800000.0,2623800000.0,2304000000.0,0.4675514428,208600000,0.0,0.0,938000000.0,13100000.0,924900000.0,3548700000.0,24100000.0,38300000.0,137000000.0,1538200000.0,0.3121474086,1379100000.0,0.2798611957,-15100000.0,1364000000.0,0.2767969479,320900000.0,1043100000.0,0.2116766103,2.52,2.51,413700000,415500000,https://www.sec.gov/Archives/edgar/data/8670/000000867023000017/0000008670-23-000017-index.htm,https://www.sec.gov/Archives/edgar/data/8670/000000867023000017/adp-20230331.htm,11.91153009427121,2.521392313270486,3.394005317863186,3.01401982112642,4.483200386753686,8.92869228909838,-0.0053178631858834,8.92869228909838,8.119410200628474,92102031000.0,93594331000.0,22.074113459879204,18.690294046024597,65.5950651662987,73.86480952762852,24.934222480913963,24.934222480913963,18.99312695320427,60.84665908204395,66.65788120504237,75.06161761167697,0.0113254831481403,0.013538246512718,0.8989929070334073,0.0554542448623788,0.970159927187622,0.9996526706522224,36.007832898172325,1.3460837887067396,0.0056524269263942,0.4990892531876138,0.0,0.0423312634441332,0.0617215915353245,0.1119578377608432,0.0319006453183976,1.1474452554744523,0.0137180892081659,22.506367151742364,0.1263701684295813,0.0185651890691242,-125.7655910079768,-17900000.0,-2200000.0,-4669800000.0,4735900000.0,3117200000.0,80050000.0,0.0,56.10799951296725,2.5657443402698377,0.0,1.604049347351974,35.07754010695187,0.0,0.2823921165195733,0.3799854967367658,2023-04-26,2.45,bmo,4878250000.0,2025-04-25,2023-03-31,0.0285714285714285,243.8211111111111,1503395.873015873
2022-12-31,ADP,USD,8670,2023-02-02,2023-02-02 14:37:14,2023,Q2,4203800000.0,2450700000.0,1753100000.0,0.4170274514,204200000,0.0,0.0,855700000.0,13100000.0,855700000.0,3306400000.0,216100000.0,57000000.0,136800000.0,1250800000.0,0.2975403207,897400000.0,0.213473524,160700000.0,1058100000.0,0.2517008421,245000000.0,813100000.0,0.1934202388,1.96,1.95,414300000,416200000,https://www.sec.gov/Archives/edgar/data/8670/000000867023000008/0000008670-23-000008-index.htm,https://www.sec.gov/Archives/edgar/data/8670/000000867023000008/adp-20221231.htm,10.14675356022206,1.9625874969828627,2.171614771904417,1.8293507120444124,3.286024619840695,7.209027274921555,-1.674873280231716,7.209027274921555,8.156408399710354,98959698000.0,100936898000.0,30.42666892141188,23.54053427850992,109.99188396132044,130.5709170075208,33.133457662302874,33.133457662302874,24.01087064084875,80.69787176207227,112.18950539068578,133.1797044464969,0.0082164761658832,0.0076586733318446,1.1123313355877724,0.0610104126494408,1.5807483210745124,0.9856858141954172,15.743859649122808,1.1063698967043778,0.004371476558063,0.5320378797195917,0.0,0.0485750987202055,0.067592235505849,0.1576080915860842,0.0337313858889576,1.036549707602339,0.0138921927779627,17.842023508876828,0.0902713103319423,0.0160146063609362,-115.2140357229061,-670100000.0,-693900000.0,-5322700000.0,4065900000.0,3050750000.0,84000000.0,0.0,67.70231695132975,3.1325743665075283,0.0,1.3293488916295102,28.730363423212196,0.0,0.2722402651756119,0.3422640598600048,2023-01-25,1.94,bmo,4373270722.0,2025-04-25,2022-12-31,0.0103092783505154,215.6114516129032,1726480.1451612904
2022-09-30,ADP,USD,8670,2022-11-02,2022-11-02 11:53:10,2023,Q1,4074600000.0,2393600000.0,1681000000.0,0.4125558337,209800000,0.0,0.0,800300000.0,11600000.0,800300000.0,3193900000.0,170700000.0,51200000.0,135100000.0,1197400000.0,0.2938693369,880700000.0,0.216143916,129300000.0,1010000000.0,0.2478770922,231000000.0,779000000.0,0.1911844107,1.88,1.87,414600000,416900000,https://www.sec.gov/Archives/edgar/data/8670/000000867022000046/0000008670-22-000046-index.htm,https://www.sec.gov/Archives/edgar/data/8670/000000867022000046/adp-20220930.htm,9.827785817655572,1.878919440424505,1.7320308731307283,1.4143753014954172,2.97178002894356,6.214423540762181,-2.5701881331403764,6.214423540762181,8.574288470815244,93778374000.0,96074374000.0,30.095755455712453,23.01535709026653,130.5923603954881,159.92219304229195,36.39758354356685,36.39758354356685,23.57884798507829,80.23582261566727,133.7896866731653,163.83760914051842,0.008306819224654,0.006253040813013,1.3598680380360957,0.0755682663750655,1.9174878904292632,0.9694277208409292,17.201171875,0.9218228498074454,0.0046162028785016,0.5557124518613608,0.0,0.0514897167820154,0.0785532959341913,0.1834006405793065,0.0323221911353261,0.9748334566987416,0.012418396897855,16.208609657827516,0.0943630720646559,0.01823390898494,-97.32682103232032,-1197400000.0,-1065600000.0,-5819400000.0,3508800000.0,3054900000.0,96450000.0,0.0,64.92121926078633,3.109542112299465,0.0,1.386295590636908,28.94316807738815,0.0,0.3023481467106539,0.3176555716353111,2022-10-26,1.8,bmo,4158529534.0,2025-04-25,2022-09-30,0.0333333333333333,225.59129032258065,2094833.1129032257
2022-06-30,ADP,USD,8670,2022-08-03,2022-08-03 14:16:38,2022,Q4,4000800000.0,2385900000.0,1614900000.0,0.4036442711,212800000,0.0,0.0,914200000.0,8600000.0,914200000.0,3300100000.0,143900000.0,26600000.0,130500000.0,961500000.0,0.2403269346,700700000.0,0.175139972,-24300000.0,803300000.0,0.200784843,177900000.0,625400000.0,0.1563187363,1.5,1.5,415800000,418400000,https://www.sec.gov/Archives/edgar/data/8670/000000867022000038/0000008670-22-000038-index.htm,https://www.sec.gov/Archives/edgar/data/8670/000000867022000038/adp-20220630.htm,9.62193362193362,1.504088504088504,2.195526695526695,1.8484848484848484,3.532948532948533,7.756854256854257,-0.981962481962482,7.756854256854257,8.13997113997114,87334632000.0,89256332000.0,34.91150943396226,21.829292141571685,95.66724942490964,113.62819672131148,27.077987163984744,27.077987163984744,22.309621075784843,92.83029849193969,97.77229926607517,116.12845693468644,0.0071609622171419,0.008800632491358,1.0411434595231452,0.0532439486143571,1.9986479459178368,0.9935857806656068,26.342105263157897,1.45947242206235,0.0049728268162852,0.6944355612408059,0.0,0.0531893621275744,0.0576138212284479,0.1580676963522839,0.0360677864427114,1.1057471264367815,0.013872225554889,16.202079946770738,0.0689704718337131,0.0105224902666123,-134.67039442039442,-353800000.0,-408300000.0,-5038000000.0,4383300000.0,3210650000.0,95950000.0,0.0,71.32423515296941,4.156921916258016,0.0,1.261843184255346,21.650635208711435,0.0,0.1939044429975506,0.347041847041847,2022-07-27,1.46,bmo,4052902943.0,2025-04-25,2022-06-30,0.0273972602739726,245.52301587301588,1671600.5555555555
2022-03-31,ADP,USD,8670,2022-04-29,2022-04-29 11:43:53,2022,Q3,4395000000.0,2512200000.0,1882800000.0,0.4283959044,197300000,0.0,0.0,817500000.0,17800000.0,817500000.0,3329700000.0,123600000.0,18400000.0,129000000.0,1336200000.0,0.3040273038,1065300000.0,0.2423890785,6600000.0,1189900000.0,0.2707394767,261400000.0,928500000.0,0.2112627986,2.22,2.21,418100000,420200000,https://www.sec.gov/Archives/edgar/data/8670/000000867022000023/0000008670-22-000023-index.htm,https://www.sec.gov/Archives/edgar/data/8670/000000867022000023/adp-20220331.htm,10.51183927290122,2.220760583592442,2.322410906481703,1.9574264530016745,3.974647213585267,10.028462090408992,1.2951447022243483,10.028462090408992,8.01219803874671,95134474000.0,96831774000.0,25.61509800753904,21.64606916951081,97.97577136972193,116.2444696969697,22.689421164349252,22.689421164349252,22.032258020477816,72.46802424786709,99.723763130793,118.31839442815247,0.0097598689619075,0.0086025597829026,0.7945574661928498,0.0462271101916104,1.2702439754527766,1.0126341977450817,57.89673913043478,1.0457727517501347,0.0046008558369703,0.47140549273021,0.0,0.0448919226393629,0.0506659673281243,0.1571575695159629,0.034721274175199,1.1829457364341085,0.0109897610921501,22.38511335239796,0.0927593753180503,0.013571247955543,-152.53617555608707,797300000.0,541500000.0,-3971400000.0,5544700000.0,2993350000.0,92600000.0,0.0,66.56723549488055,2.926916646763793,0.0,1.3520164887562678,30.74908200734394,0.0,0.2214457773855803,0.3649844534800287,2022-04-27,2.08,bmo,4457481935.0,2025-04-25,2022-03-31,0.0624999999999999,235.92765625,1609136.03125
2021-12-31,ADP,USD,8670,2022-01-31,2022-01-31 15:19:08,2022,Q2,3919400000.0,2341200000.0,1578200000.0,0.402663673,199700000,0.0,0.0,782300000.0,17700000.0,782300000.0,3123500000.0,114500000.0,18400000.0,126500000.0,1055000000.0,0.2691738531,795900000.0,0.2030667959,8200000.0,910100000.0,0.2322039088,215700000.0,694400000.0,0.177169975,1.65,1.65,419800000,422000000,https://www.sec.gov/Archives/edgar/data/8670/000000867022000014/0000008670-22-000014-index.htm,https://www.sec.gov/Archives/edgar/data/8670/000000867022000014/adp-20211231.htm,9.336350643163412,1.654121010004764,2.605288232491662,2.3018103858980465,4.203668413530252,12.028585040495472,3.5645545497856124,12.028585040495472,8.02286803239638,103514284000.0,105118884000.0,37.26752736175115,26.410747563402563,94.64595775806896,107.12437545275796,20.499501742712297,20.499501742712297,26.820146961269582,99.63875260663508,96.1130876840084,108.7849363551692,0.0067082529402415,0.0093349435716523,0.663339670468948,0.0566743256641839,1.520947867298578,1.0412211718686333,43.255434782608695,1.575028801843318,0.0038043058869054,0.5671082949308756,0.0,0.0509516762769811,0.0601191825740322,0.1164853250434305,0.0325049752513139,1.0071146245059288,0.014185844772159,21.158368150983023,0.0606138772411827,0.0125005850648251,-119.66722248689852,2023300000.0,1496400000.0,-2945700000.0,6693100000.0,2752850000.0,90650000.0,0.0,62.825942746338725,3.978728856996412,0.0,1.4325292397660818,22.620289855072464,0.0,0.1375158428390367,0.303477846593616,2022-01-26,1.63,bmo,3976169338.0,2025-04-25,2021-12-31,0.0122699386503067,219.1359677419355,1869242.935483871
2021-09-30,ADP,USD,8670,2021-10-29,2021-10-29 11:51:44,2022,Q1,3731200000.0,2222600000.0,1508600000.0,0.4043203259,188800000,0.0,0.0,719200000.0,17700000.0,719200000.0,2941800000.0,110800000.0,18500000.0,129100000.0,1048400000.0,0.2809819897,789400000.0,0.2115673242,10300000.0,900800000.0,0.2414236707,200300000.0,700500000.0,0.1877412093,1.66,1.65,421400000,423800000,https://www.sec.gov/Archives/edgar/data/8670/000000867021000035/0000008670-21-000035-index.htm,https://www.sec.gov/Archives/edgar/data/8670/000000867021000035/adp-20210930.htm,8.854295206454674,1.6623160892263882,0.2892738490745135,-0.0170859041290935,3.869482676791647,12.697437114380635,4.303037494067395,12.697437114380635,7.948979591836735,84246288000.0,85975388000.0,30.066483940042826,22.578872212692968,691.1098277276456,-11700.873333333331,15.74490963799129,15.74490963799129,23.042288807890223,82.00628386112172,705.294405250205,-11941.02611111111,0.0083149064086954,-8.546370612791866e-05,0.6225727474909825,0.0555318467939827,1.6492750858450973,1.0478760778660718,42.67027027027027,0.1740185581727337,0.0046672679513191,0.5613133476088508,0.0,0.0506003430531732,0.0589692467726448,1.059064807219032,0.0346001286449399,1.0,0.0113368353344768,21.79245202269452,0.0594991587445453,0.0124092556572388,-120.85577835785476,2378000000.0,1813300000.0,-2588600000.0,7026500000.0,2748550000.0,109450000.0,0.0,66.80772941680961,3.150364438045532,0.0,1.3471495107773406,28.5681233933162,0.0,0.130917450053264,0.306359753203607,2021-10-27,1.49,bmo,3977530000.0,2025-04-25,2021-09-30,0.1073825503355704,214.10758064516128,2056405.5483870967
2021-06-30,ADP,USD,8670,2021-08-04,2021-08-04 14:06:37,2021,Q4,3633700000.0,2205500000.0,1428200000.0,0.3930429039,194900000,0.0,0.0,840700000.0,18300000.0,840700000.0,3046200000.0,110700000.0,17200000.0,126000000.0,840300000.0,0.231251892,587500000.0,0.1616809313,6300000.0,697100000.0,0.191843025,158900000.0,538200000.0,0.1481134931,1.27,1.26,423300000,425700000,https://www.sec.gov/Archives/edgar/data/8670/000000867021000027/0000008670-21-000027-index.htm,https://www.sec.gov/Archives/edgar/data/8670/000000867021000027/adp-20210630.htm,8.584219229860619,1.271438695960312,1.5421686746987953,1.2577368296716276,6.0836286321757616,13.394991731632413,5.0120481927710845,13.394991731632413,7.90314197968344,84075846000.0,84828846000.0,39.05418338907469,23.137806092963096,128.79265625,157.91856874530427,14.82793001887092,14.82793001887092,23.345032886589426,100.9506676187076,129.94614889705883,159.3329188580015,0.006401362883699,0.0063323775534771,0.5869737747129681,0.0682392741811471,0.8961085326669047,1.0694845490723144,34.156976744186046,1.2129319955406912,0.004710032891016,0.7357859531772575,0.0,0.0536367889479043,0.0727561638218258,0.1844362745098039,0.0331342708534001,0.9555555555555556,0.0134573575143792,19.575379777733104,0.04238615293202,0.0119007606580576,-90.9086935979211,2647000000.0,2121600000.0,-2360600000.0,7342200000.0,2746400000.0,126650000.0,0.0,67.55263230316206,5.757878032192247,0.0,1.3322944929236635,15.630758327427356,0.0,0.0949189608648877,0.2844318450271675,2021-07-28,1.14,bmo,3752170000.0,2025-04-25,2021-06-30,0.0526315789473684,226.4084375,1387883.09375
2021-03-31,ADP,USD,8670,2021-04-30,2021-04-30 12:22:42,2021,Q3,3994600000.0,2278100000.0,1716500000.0,0.4297051019,0,0.0,0.0,763000000.0,15500000.0,763000000.0,3041100000.0,112100000.0,13500000.0,126900000.0,1206600000.0,0.302057778,953500000.0,0.2386972413,5300000.0,1066200000.0,0.2669103289,255500000.0,810700000.0,0.2029489811,1.9,1.9,425800000,427700000,https://www.sec.gov/Archives/edgar/data/8670/000000867021000014/0000008670-21-000014-index.htm,https://www.sec.gov/Archives/edgar/data/8670/000000867021000014/adp-20210331.htm,9.381399718177548,1.9039455143259747,2.9408172851103807,2.5735086895255987,4.466885861906999,13.325270079849696,4.996007515265383,13.325270079849696,5.562940347581024,80250526000.0,80714226000.0,24.747294313556186,20.089752666099237,64.08762657722409,73.23464683336375,14.143803380390914,14.143803380390914,20.205834376408152,66.89393833913476,64.45793483469095,73.65780799415951,0.0101021144708758,0.0136547391602143,0.4150936745448457,0.0432879904866406,0.384303000165755,1.0479029568398217,70.62962962962963,1.5445910941161958,0.0049569768552046,0.4906870605649439,0.0,0.0,0.0651856262992186,0.1249001756907842,0.0391528563560807,1.2324665090622535,0.011390377008962,23.89222121117077,0.0740369657832015,0.0159394901014724,-105.11449037106622,2137200000.0,2127300000.0,-1981400000.0,6879000000.0,2637600000.0,113050000.0,0.0,62.30561257697891,4.432641236117817,0.0,1.444492659289795,20.30392156862745,0.0,0.14288232080227,0.3673085955847815,2021-04-28,1.82,bmo,4079690000.0,2025-04-25,2021-03-31,0.0384615384615383,205.97984375,1471295.0625
2020-12-31,ADP,USD,8670,2021-02-01,2021-02-01 15:25:31,2021,Q2,3590300000.0,2122400000.0,1467900000.0,0.408851628,0,0.0,0.0,755800000.0,11500000.0,755800000.0,2878200000.0,115800000.0,13900000.0,126700000.0,973200000.0,0.2710636994,712100000.0,0.1983399716,15100000.0,832600000.0,0.2319026265,185100000.0,647500000.0,0.1803470462,1.51,1.51,427400000,429000000,https://www.sec.gov/Archives/edgar/data/8670/000000867021000007/0000008670-21-000007-index.htm,https://www.sec.gov/Archives/edgar/data/8670/000000867021000007/adp-20201231.htm,8.400327562002808,1.5149742629854936,1.6527842770238652,1.3972859148338792,3.773514272344408,13.804398689751988,5.4894712213383245,13.804398689751988,5.534394010294806,75307880000.0,76057180000.0,29.076401544401545,20.975372531543325,106.60798414496035,126.10160750167448,12.764047457627118,12.764047457627118,21.184073754282373,78.15164406083025,107.66871460928652,127.35629604822503,0.0085980378149006,0.0079301130240288,0.3985593220338983,0.0476727236603893,0.76993423756679,1.0634513037152376,51.23021582733813,1.090965250965251,0.0051880360992767,0.6033976833976834,0.0,0.0,0.0720473422684634,0.1545866364665911,0.0304152856307272,0.861878453038674,0.0131186808901763,21.692151724684,0.0545637214367576,0.0141461720130822,-93.42711745437528,2485800000.0,2346200000.0,-1763600000.0,7233400000.0,2499450000.0,112550000.0,0.0,62.914519678021335,4.829909536373916,0.0,1.4305123914256117,18.63388937664618,0.0,0.1097457627118644,0.2554983621899859,2021-01-27,1.29,bmo,3036776744.0,2025-04-25,2020-12-31,0.1782945736434108,194.32698412698412,1602625.603174603
2020-09-30,ADP,USD,8670,2020-10-30,2020-10-30 12:09:46,2021,Q1,3364200000.0,2034300000.0,1329900000.0,0.3953094346,0,0.0,0.0,681000000.0,13400000.0,681000000.0,2715300000.0,120300000.0,15100000.0,131100000.0,911400000.0,0.2709113608,648900000.0,0.1928838951,9800000.0,765200000.0,0.227453778,163100000.0,602100000.0,0.1789727127,1.4,1.4,428600000,430000000,https://www.sec.gov/Archives/edgar/data/8670/000000867020000038/0000008670-20-000038-index.htm,https://www.sec.gov/Archives/edgar/data/8670/000000867020000038/adp-20200930.htm,7.849276714885674,1.4048063462435838,1.1243583761082594,0.8446103593093793,3.771581894540364,13.553196453569765,5.28861409239384,13.553196453569765,5.45823611759216,59785414000.00001,60496614000.00001,24.823706194984226,17.77106414600797,124.06186760738744,165.15307734806632,10.292037046600903,10.292037046600903,17.982466559657574,66.37767610269916,125.53769246731687,167.1177182320442,0.0100710183256404,0.0060549885963823,0.4001273907280208,0.054831198794058,0.7803379416282642,1.076889290309809,42.97350993377484,0.800365387809334,0.0065400567436063,0.6493937884072413,0.0,0.0,0.0835619637604063,0.2488068063913675,0.035639973842221,0.9145690312738368,0.0100469651031448,20.697617466072487,0.0507518496369312,0.0154989072768412,-77.223226784881,2485800000.0,2266700000.0,-1765800000.0,7208500000.0,2465200000.0,106600000.0,0.0,66.58908507223114,4.919628373396255,0.0,1.351572857659395,18.29406474820144,0.0,0.1036512937044879,0.27974801679888,2020-10-28,0.98,bmo,2411773049.0,2025-04-25,2020-09-30,0.4387755102040815,173.55524590163935,2120969.8360655736
2020-06-30,ADP,USD,8670,2020-08-05,2020-08-05 17:28:42,2020,Q4,3262000000.0,2067200000.0,1194800000.0,0.3662783568,0,2237400000.0,-1471800000.0,765600000.0,13400000.0,765600000.0,2832800000.0,129300000.0,15600000.0,124500000.0,671400000.0,0.2058246475,429200000.0,0.1315757204,-12800000.0,531300000.0,0.1628755365,119800000.0,411500000.0,0.1261496015,0.96,0.96,429000000,430300000,https://www.sec.gov/Archives/edgar/data/8670/000000867020000032/0000008670-20-000032-index.htm,https://www.sec.gov/Archives/edgar/data/8670/000000867020000032/adp-20200630.htm,7.603729603729604,0.9592074592074592,1.8102564102564105,1.3065268065268063,4.448717948717949,13.408391608391607,5.191142191142191,13.408391608391607,5.511888111888112,63873809999.99999,64314309999.99999,38.80547387606318,19.581180257510727,82.24801699716713,113.9586262265834,11.104240116824863,11.104240116824863,19.71622011036174,95.79134644027404,82.81523306721606,114.7445316681534,0.0064423900813181,0.0087751145579072,0.408365494941066,0.0599762546118395,0.6560917485850462,1.0477153080666255,27.512820512820515,1.8867832847424684,0.0061308382888072,0.951640340218712,0.685898221949724,0.0,0.0900077874660096,0.2782642286891578,0.066247700797057,1.73574297188755,0.0073881054567749,17.011236229379055,0.0327515797171656,0.011545918524816,-69.16975524475525,1437500000.0,2227000000.0,-1849200000.0,6160300000.0,2530950000.0,108750000.0,0.0,67.35652973635806,4.440789473684211,0.0,1.3361733502642037,20.266666666666666,0.0,0.0715378463892076,0.5037296037296037,2020-07-29,0.96,bmo,2843621052.0,2025-04-25,2020-06-30,0.1874999999999999,164.2384375,1767934.984375
2020-03-31,ADP,USD,8670,2020-05-01,2020-05-01 15:49:44,2020,Q3,3888900000.0,2239100000.0,1649800000.0,0.4242330736,0,756600000.0,0.0,756600000.0,30000000.0,756600000.0,2995700000.0,171000000.0,20000000.0,120600000.0,1217300000.0,0.3130191057,893200000.0,0.2296793438,24600000.0,1076700000.0,0.2768649232,255800000.0,820900000.0,0.2110879683,1.91,1.9,430000000,431800000,https://www.sec.gov/Archives/edgar/data/8670/000000867020000020/0000008670-20-000020-index.htm,https://www.sec.gov/Archives/edgar/data/8670/000000867020000020/adp-20200331.htm,9.043953488372091,1.9090697674418604,2.601627906976744,2.2948837209302324,3.972558139534884,12.76906976744186,4.848139534883721,12.76906976744186,5.548372093023255,58772400000.0,59433200000.0,17.898769643074676,15.112859677543778,52.53633681952267,59.55857316578841,10.70399038373978,10.70399038373978,15.28277919205945,48.82379035570525,53.12702243675695,60.22821240372922,0.0139674404992819,0.0167901940366566,0.4308740233485712,0.0545323787439435,0.542840713053479,1.029876444936665,44.66,1.3627725666950907,0.0066851106982188,0.4786210257034962,0.1945537298464861,0.0,0.0785092915723525,0.1179047108250648,0.0339170459512972,1.093698175787728,0.008588546889866,23.419724884294222,0.0701160911163471,0.0205341017674986,-79.57918604651162,1035900000.0,2084700000.0,-2184000000.0,5706100000.0,2604250000.0,124200000.0,0.0,60.64799814857672,4.642490286275736,0.0,1.483973135923071,19.386147186147188,0.0,0.1495073487897718,0.3067441860465116,2020-04-29,1.89,bmo,3984553125.0,2025-04-25,2020-03-31,0.0158730158730158,140.1315625,2094148.890625
2019-12-31,ADP,USD,8670,2020-01-31,2020-01-31 14:47:28,2020,Q2,3531800000.0,2094100000.0,1437700000.0,0.4070728807,0,754300000.0,0.0,754300000.0,13000000.0,754300000.0,2848400000.0,163400000.0,31600000.0,117600000.0,984700000.0,0.2788096721,683400000.0,0.1934990656,14400000.0,835500000.0,0.2365649244,183900000.0,651600000.0,0.1844951583,1.51,1.5,431500000,433300000,https://www.sec.gov/Archives/edgar/data/8670/000000867020000007/0000008670-20-000007-index.htm,https://www.sec.gov/Archives/edgar/data/8670/000000867020000007/q2fy2010q.htm,8.184936268829665,1.5100811123986095,1.6178447276940904,1.3318655851680186,3.493858632676709,12.431981460023176,4.512166859791425,12.431981460023176,5.553650057937428,73570750000.0,74435150000.0,28.226960558624924,20.830950223681977,105.38712218879816,128.0159213502697,13.714627917381254,13.714627917381254,21.075697944390964,75.59170305676857,106.6253402091391,129.5200104402297,0.0088567807178804,0.0078115283587567,0.4408321527104615,0.048202790902457,0.877830811414644,1.0207934377035912,21.626582278481013,1.0713627992633517,0.0046581012154966,0.5259361571516268,0.2135738150518149,0.0,0.0696584140857817,0.1767655063744449,0.0349396908092191,1.0493197278911566,0.0102497310153462,20.55235409461871,0.0558759549830244,0.0142763244380176,-93.27108922363848,842600000.0,1947000000.0,-2330000000.0,5521500000.0,2539150000.0,120850000.0,0.0,65.94682598108614,5.711761615968674,0.0,1.3647358862398082,15.756960120391271,0.0,0.1214674520915666,0.2859791425260718,2020-01-29,1.45,bmo,3500509868.0,2025-04-25,2019-12-31,0.0482758620689655,143.22095238095238,2379449.9523809524
2019-09-30,ADP,USD,8670,2019-11-04,2019-11-04 15:17:10,2020,Q1,3361800000.0,2044800000.0,1317000000.0,0.3917544173,0,726500000.0,0.0,726500000.0,18100000.0,726500000.0,2771300000.0,166200000.0,39900000.0,117300000.0,896300000.0,0.2666131239,590500000.0,0.1756499494,14700000.0,739100000.0,0.21985246,156700000.0,582400000.0,0.1732405259,1.35,1.34,432700000,435400000,https://www.sec.gov/Archives/edgar/data/8670/000000867019000027/0000008670-19-000027-index.htm,https://www.sec.gov/Archives/edgar/data/8670/000000867019000027/q1fy2010q.htm,7.769355211462908,1.345967182805639,1.0002311070025425,0.6651259533163855,11.43748555581234,12.388953085278484,4.572452045296973,12.388953085278484,13.720129419921424,69846434000.0,74339334000.0,29.98215745192308,20.776498899399133,161.38270332717187,242.6908756080612,13.029349525248568,13.029349525248568,22.112955559521684,82.94023652794823,171.76371072088725,258.302063933287,0.0083382925461878,0.0041204680542459,1.1000055962840674,0.1563528279424203,5.012718955706795,1.0105339218996674,14.799498746867169,0.7431318681318682,0.0049150683913225,0.5894574175824175,0.216104467844607,0.0,0.0896785603491476,0.3350277264325323,0.0431316556606579,1.23614663256607,0.0110357546552442,19.36982953841693,0.0345171783773215,0.0169635185320032,-59.01825745320083,307600000.0,1978500000.0,-2845500000.0,4960900000.0,2464850000.0,117150000.0,0.0,66.67142602177404,4.788732394366197,0.0,1.3499036299389655,18.794117647058822,0.0,0.108642528028056,0.3351051536861567,2019-10-30,1.33,bmo,3469612686.0,2025-04-25,2019-09-30,0.0075187969924812,161.13290322580644,2760746.935483871
2019-06-30,ADP,USD,8670,2019-08-09,2019-08-09 16:04:22,2019,Q4,3351800000.0,2020500000.0,1331300000.0,0.3971895698,0,854800000.0,0.0,854800000.0,1400000.0,854800000.0,2875300000.0,172900000.0,33700000.0,109400000.0,776400000.0,0.2316367325,476500000.0,0.1421624202,9900000.0,633300000.0,0.1889432544,157800000.0,475500000.0,0.141864073,1.1,1.09,433500000,436100000,https://www.sec.gov/Archives/edgar/data/8670/000000867019000021/0000008670-19-000021-index.htm,https://www.sec.gov/Archives/edgar/data/8670/000000867019000021/q4fy1910k.htm,7.73194925028835,1.0968858131487889,1.689273356401384,1.4209919261822377,4.520645905420992,12.456516724336794,4.626066897347174,12.456516724336794,4.696424452133795,72130065000.0,72183065000.0,37.92327287066246,21.51979980905782,98.49797214256452,117.09426136363636,13.357666808644604,13.357666808644604,21.535612208365656,92.97149021123133,98.5703468523829,117.18030032467531,0.0065922580272179,0.0085401281698553,0.370784644160077,0.0477992346201868,0.068263781555899,1.0525504402700772,14.13946587537092,1.5403870424905344,0.0047608441778057,0.7221871713985278,0.2550271495912644,0.0,0.081038109039169,0.1588146934316537,0.0346977743302106,1.063071297989031,0.0134554567694969,17.533566970640976,0.0375729903603522,0.0123528311493978,-75.42935409457901,1714600000.0,2005400000.0,-2145500000.0,5873300000.0,2462250000.0,140900000.0,0.0,65.49823975177516,5.590200445434299,0.0,1.3740827286516624,16.099601593625497,0.0,0.0880571862441897,0.2682814302191464,2019-07-31,1.13,bmo,3448779824.0,2025-04-25,2019-06-30,0.0088495575221239,165.5809375,1762906.609375
2019-03-31,ADP,USD,8670,2019-05-03,2019-05-03 11:48:54,2019,Q3,3680000000.0,2111800000.0,1568200000.0,0.4261413043,0,750400000.0,0.0,750400000.0,5900000.0,750400000.0,2862200000.0,182400000.0,21700000.0,103100000.0,1109300000.0,0.3014402174,817800000.0,0.2222282609,-700000.0,984500000.0,0.2675271739,230800000.0,753700000.0,0.2048097826,1.74,1.73,434100000,436600000,https://www.sec.gov/Archives/edgar/data/8670/000000867019000013/0000008670-19-000013-index.htm,https://www.sec.gov/Archives/edgar/data/8670/000000867019000013/q3fy1910q.htm,8.47730937571988,1.736235890347846,2.3600552868002764,1.8281501958074176,4.223681179451739,12.085233817092837,4.301313061506566,12.085233817092837,4.662520156645934,70354587000.0,70530687000.0,23.33640274645084,19.11809429347826,68.67212005856516,88.65245337701613,13.410580420113604,13.410580420113604,19.165947554347827,63.58125574686739,68.84400878477307,88.87435357862903,0.0107128764752751,0.011280003676235,0.3816667302047196,0.0415446828905953,0.1587487604795817,1.044885870397794,37.68663594470046,1.3591138232953035,0.0048980459511474,0.4572110919463977,0.2039130434782608,0.0,0.0701091162599618,0.225378233284529,0.0627445652173913,2.239573229873909,0.0122826086956521,21.7281700948526,0.0693310412250316,0.0168171665852249,-90.42317438378254,1758000000.0,1867200000.0,-2026100000.0,5902800000.0,2561650000.0,153800000.0,0.0,60.77934782608696,6.661142153613032,0.0,1.480766135522292,13.511196417146513,0.0,0.1436658915024208,0.5319050909928588,2019-05-01,1.69,bmo,3655174011.0,2025-04-25,2019-03-31,0.0473372781065089,165.1475,2191676.015625
2018-12-31,ADP,USD,8670,2019-01-31,2019-01-31 14:32:17,2019,Q2,3376800000.0,2013700000.0,1363100000.0,0.4036661928,0,745200000.0,0.0,745200000.0,900000.0,745200000.0,2758900000.0,157200000.0,38600000.0,97500000.0,877100000.0,0.2597429519,617900000.0,0.1829838901,-6000000.0,741000000.0,0.2194385217,182800000.0,558200000.0,0.1653044302,1.28,1.27,435700000,438000000,https://www.sec.gov/Archives/edgar/data/8670/000000867019000005/0000008670-19-000005-index.htm,https://www.sec.gov/Archives/edgar/data/8670/000000867019000005/q2fy1910q.htm,7.750286894652284,1.2811567592380078,1.795501491852192,1.560706908423227,6.4011934817535,10.93389947211384,3.4789993114528346,10.93389947211384,7.452145971999082,57128984000.0,57551684000.0,25.58625223934074,16.918083392561005,73.02695129745622,84.01321176470589,11.992061966036232,11.992061966036232,17.04326107557451,65.61587504275454,73.56728109420938,84.63482941176471,0.009770872172346,0.0119028897835816,0.673460819916455,0.0826747203418001,0.4819290844829552,1.0457373526664444,16.007772020725387,1.401469007524185,0.0052932851037574,0.5417413113579362,0.220682302771855,0.0,0.0837003270087588,0.130768247475393,0.0302949538024164,1.0492307692307692,0.0114309405354181,17.753334399609823,0.0479103268217241,0.0156982074458212,-67.190325912325,1385700000.0,1515800000.0,-2359800000.0,5406500000.0,2427250000.0,141550000.0,0.0,70.31183368869937,6.7621790733475695,0.0,1.2800121299420038,13.3093192333113,0.0,0.1171729045529923,0.2347945834289649,2019-01-30,1.18,bmo,3075397014.0,2025-04-25,2018-12-31,0.1355932203389832,162.48365079365078,1483002.6825396826
2018-09-30,ADP,USD,8670,2018-11-01,2018-11-01 16:53:24,2019,Q1,3204700000.0,1940500000.0,1264200000.0,0.3944831029,0,713900000.0,0.0,713900000.0,-1600000.0,713900000.0,2654400000.0,147000000.0,35900000.0,99000000.0,781700000.0,0.2439229881,550300000.0,0.1717165413,-22000000.0,646800000.0,0.2018285643,141400000.0,505400000.0,0.1577058695,1.16,1.15,436800000,439900000,https://www.sec.gov/Archives/edgar/data/8670/000000867018000017/0000008670-18-000017-index.htm,https://www.sec.gov/Archives/edgar/data/8670/000000867018000017/q1fy1910q.htm,7.3367673992674,1.1570512820512822,0.3415750915750916,0.0737179487179487,3.702838827838828,10.711538461538462,3.288919413919414,10.711538461538462,4.666437728937729,65843232000.00001,66355332000.00001,32.56986149584488,20.54583330732986,441.3085254691689,2044.8208695652177,14.072675044883304,14.072675044883304,20.705629856148786,84.88593066393759,444.74083109919576,2060.7245962732923,0.0076758078947278,0.0004890403921848,0.4279729845259468,0.0535162106759815,0.655110656261993,1.031635172691676,15.328690807799443,0.2952117134942619,0.0045957646793523,0.5987336762960032,0.2227665616126314,0.0,0.0866511477495343,0.7841823056300268,0.0365088775860455,1.181818181818182,0.0119824008487533,16.699116278038655,0.0486839726853766,0.0147888045179885,-67.44093406593407,918600000.0,1436600000.0,-2782000000.0,4948500000.0,2100300000.0,133600000.0,0.0,62.24482790900865,6.112857510950786,0.0,1.4459032665583829,14.723065250379364,0.0,0.1080191502094554,0.2678571428571428,2018-10-31,1.11,bmo,3062027500.0,2025-04-25,2018-09-30,0.0810810810810809,145.26098360655735,2229414.8524590163
2018-06-30,ADP,USD,8670,2018-08-03,2018-08-03 16:50:24,2018,Q4,3193000000.0,1952200000.0,1240800000.0,0.3886000626,0,836700000.0,0.0,836700000.0,0.0,836700000.0,2789100000.0,149700000.0,28500000.0,99300000.0,332300000.0,0.1040714062,403900000.0,0.1264954588,-199400000.0,204500000.0,0.0640463514,95800000.0,108700000.0,0.0340432195,0.25,0.25,438000000,440900000,https://www.sec.gov/Archives/edgar/data/8670/000000867018000011/0000008670-18-000011-index.htm,https://www.sec.gov/Archives/edgar/data/8670/000000867018000011/q4fy1810k.htm,7.289954337899544,0.2481735159817351,1.6100456621004566,1.3465753424657534,4.961872146118721,7.898630136986301,0.7527397260273972,7.898630136986301,4.63675799086758,58753319999.99999,58585719999.99999,135.12723091076356,18.400663952395863,83.31440726035166,99.61566632756866,16.982691640652096,16.982691640652096,18.348174130911367,176.30370147457114,83.0767441860465,99.33150220413698,0.0018501082151612,0.0100385816495135,0.5787952364435195,0.0539894900603148,-0.5043635269334938,1.0538048767656574,14.171929824561404,6.4875804967801285,0.0047418596940564,2.563017479300828,0.2620419668023802,0.0,0.0843895849679282,0.1636415201361316,0.0361415596617601,1.162134944612286,0.0175383651738177,6.641174089123222,0.0321626858405535,0.0032009376067469,-68.41929223744292,1636400000.0,329700000.0,-1579100000.0,5560000000.0,2013800000.0,120550000.0,0.0,55.92796742875039,6.242188300379059,0.0,1.6092127809696604,14.418020679468242,0.0,0.0314198173199213,0.2634703196347032,2018-08-01,0.9,bmo,3244108695.0,2025-04-25,2018-06-30,0.0222222222222222,141.1757142857143,2412971.8253968256
2018-03-31,ADP,USD,8670,2018-05-04,2018-05-04 10:30:40,2018,Q3,3558200000.0,2077400000.0,1480800000.0,0.4161654769,0,755100000.0,0.0,755100000.0,1089600000.0,755100000.0,2832500000.0,145800000.0,18600000.0,96300000.0,967500000.0,0.2719071441,725700000.0,0.2039514361,126900000.0,852600000.0,0.2396155359,209500000.0,643100000.0,0.1807374515,1.46,1.45,441000000,443400000,https://www.sec.gov/Archives/edgar/data/8670/000000867018000007/0000008670-18-000007-index.htm,https://www.sec.gov/Archives/edgar/data/8670/000000867018000007/q3fy1810q.htm,8.068480725623584,1.4582766439909296,2.573469387755102,2.336054421768708,5.200907029478458,9.136507936507936,2.0195011337868483,9.136507936507936,4.582766439909297,50044680000.0,49753480000.0,19.45447053335407,14.064605699510988,44.09611419508327,48.57763541059988,12.420500347463518,12.420500347463518,13.98276656736552,51.42478552971576,43.83952771169266,48.29497185012619,0.0128505167782069,0.0205856047036368,0.4969721036434031,0.0454414451214669,-0.3009819121447028,1.0536944901091962,39.016129032258064,1.7647333229668791,0.0055630288773951,0.4329031254859275,0.2122140408071496,0.0,0.071225788882459,0.0922548242135871,0.0294249901635658,1.087227414330218,0.0117194086897869,17.314156432167405,0.0747350242634144,0.0157133816634047,-82.10918367346939,1972800000.0,890600000.0,-1322300000.0,5906000000.0,2044450000.0,121250000.0,0.0,51.68512169074251,4.579281794550881,0.0,1.7413134971126554,19.65373699148533,0.0,0.1596098481088057,0.2374149659863945,2018-05-02,1.44,bmo,3501473684.0,2025-04-25,2018-03-31,0.0555555555555556,141.43571428571428,1918597.984126984
2017-12-31,ADP,USD,8670,2018-02-01,2018-02-01 16:21:30,2018,Q2,3128700000.0,1946700000.0,1182000000.0,0.3777926935,0,717200000.0,0.0,717200000.0,1002100000.0,717200000.0,2663900000.0,129400000.0,27500000.0,94800000.0,688000000.0,0.2198996388,464800000.0,0.1485601048,100900000.0,565700000.0,0.1808099211,98200000.0,467500000.0,0.1494230831,1.06,1.05,441037736,445238095,https://www.sec.gov/Archives/edgar/data/8670/000000867018000003/0000008670-18-000003-index.htm,https://www.sec.gov/Archives/edgar/data/8670/000000867018000003/q2fy1810q.htm,7.093950799711161,1.0599999996372194,0.9758802135697522,0.7316834222094774,4.02822673658927,8.91352299160179,2.118186095531744,8.91352299160179,4.602554009119982,51685212281.84,51914212281.84,27.63915095285561,16.51970859521207,120.0864597626394,160.16489706179112,13.14743902163207,13.14743902163207,16.592901934298588,75.45670389802325,120.6185229596654,160.87453449594048,0.0090451403672431,0.0062435653401269,0.5093610093610094,0.0449517908655195,0.3328488372093023,1.056350316368195,16.901818181818182,0.9206417112299464,0.0048950171399197,0.5411764705882353,0.2292325886150797,0.0,0.06727952318416,0.2502323420074349,0.0344232428804295,1.1360759493670889,0.012369354684054,14.580381451695477,0.0526574802505611,0.0112519104179452,-84.58136788549086,2099100000.0,934200000.0,-1264300000.0,5896000000.0,1917100000.0,124700000.0,0.0,58.840732572634,6.324549237170596,0.0,1.5295526766071863,14.230263157894736,0.0,0.1189204314204314,0.2441967913602749,2018-01-31,0.9,bmo,2943909090.0,2025-04-25,2017-12-31,0.0999999999999999,126.74578125,2417616.953125
2017-09-30,ADP,USD,8670,2017-11-02,2017-11-02 16:57:30,2018,Q1,2979400000.0,1866400000.0,1113000000.0,0.3735651473,0,662400000.0,0.0,662400000.0,984500000.0,662400000.0,2528800000.0,125200000.0,28000000.0,87200000.0,663400000.0,0.222662281,450600000.0,0.1512385044,97600000.0,548200000.0,0.1839967779,146700000.0,401500000.0,0.1347586762,0.93,0.93,442200000,445000000,https://www.sec.gov/Archives/edgar/data/8670/000000867017000012/0000008670-17-000012-index.htm,https://www.sec.gov/Archives/edgar/data/8670/000000867017000012/q1fy1810q.htm,6.73767526006332,0.9079601990049752,0.5533695160560832,0.2299864314789688,5.601085481682497,8.940298507462687,3.4120307553143374,8.940298507462687,4.8835368611488015,48341304000.0,48109204000.0,30.100438356164386,16.225180908907834,197.55334695545565,475.33238938053097,12.2277796327212,12.2277796327212,16.147279317983486,72.51914983418752,196.6048385778504,473.05018682399214,0.0083055268844216,0.0021037909941361,0.5391561693731978,0.0597710109895656,-0.3498643352426892,1.0960171954211535,16.09285714285714,0.609464508094645,0.0052481000512522,0.6318804483188045,0.2223266429482446,0.0,0.0685508859794005,0.5843890478136494,0.0479962408538631,1.639908256880734,0.0130898838692354,13.514521533150678,0.043979538520305,0.0120873662185961,-63.069595205789234,2716000000.0,1508800000.0,-705100000.0,5961000000.0,1746150000.0,131150000.0,0.0,54.03201986977244,5.429704243463353,0.0,1.6656789847375189,16.575488454706928,0.0,0.1015581524763494,0.3233830845771144,2017-11-02,0.85,bmo,2874307692.0,2025-04-25,2017-09-30,0.0705882352941177,116.61262295081968,2194550.672131148
2017-06-30,ADP,USD,8670,2017-08-04,2017-08-04 16:22:32,2017,Q4,2960100000.0,1847200000.0,1112900000.0,0.3759670281,0,829600000.0,0.0,829600000.0,0.0,829600000.0,2676800000.0,127000000.0,22900000.0,82500000.0,493800000.0,0.1668186886,283300000.0,0.0957062261,500000.0,388400000.0,0.1312117834,122600000.0,265800000.0,0.0897942637,0.6,0.59,444300000,447100000,https://www.sec.gov/Archives/edgar/data/8670/000000867017000010/0000008670-17-000010-index.htm,https://www.sec.gov/Archives/edgar/data/8670/000000867017000010/q4fy1710k.htm,6.662390276839973,0.5982444294395679,1.0290344361917625,0.7274364168354716,6.265136169255008,8.951159126716183,3.636731937879811,8.951159126716183,4.558406482106685,45522978000.0,44744978000.0,42.816946952595934,15.37886490321273,99.56906824146982,140.85079826732672,11.446562232838822,11.446562232838822,15.116035944731596,90.61356419603078,97.86740594925634,138.44362004950494,0.0058388095787582,0.007099711271086,0.5034950968066382,0.0538569123184507,-1.5755366545159983,1.0953451011037736,12.37117903930131,1.7200902934537246,0.0056191402943805,0.962377727614748,0.2802608019999324,0.0,0.0635072619688004,0.2930883639545056,0.0452687409209148,1.6242424242424245,0.012736056214317,10.976660439458117,0.0263270775410269,0.0076338070237917,-65.59014179608373,2842800000.0,1615800000.0,-544300000.0,5983900000.0,1757550000.0,138100000.0,0.0,51.79689875342049,7.293741879601559,0.0,1.7375557642639117,12.33934535738143,0.0,0.0668342972089514,0.3015980193562907,2017-07-27,0.67,bmo,3111337878.0,2025-04-25,2017-06-30,-0.0149253731343283,114.34396825396826,1990857.238095238
2017-03-31,ADP,USD,8670,2017-05-04,2017-05-04 14:35:22,2017,Q3,3299200000.0,1911000000.0,1388200000.0,0.4207686712,0,665000000.0,0.0,665000000.0,1036500000.0,665000000.0,2576000000.0,121700000.0,16800000.0,77600000.0,922300000.0,0.2795526188,723200000.0,0.2192046557,-6900000.0,827900000.0,0.2509396217,240000000.0,587900000.0,0.1781947139,1.32,1.31,446500000,449200000,https://www.sec.gov/Archives/edgar/data/8670/000000867017000005/0000008670-17-000005-index.htm,https://www.sec.gov/Archives/edgar/data/8670/000000867017000005/q3fy1710-q.htm,7.389025755879059,1.3166853303471444,1.8535274356103024,1.606494960806271,6.716013437849944,9.189473684210526,3.990145576707727,9.189473684210526,4.522508398656215,45717135000.0,44724135000.0,19.440863667290355,13.857036554316196,55.24061744804253,63.73502718527813,11.142096219931272,11.142096219931272,13.556054498060137,48.49196031659981,54.04076244562591,62.35066917607696,0.0128595109907915,0.0156899595742384,0.4880456240403597,0.0456609030939964,-1.076656185622899,1.0850089926822906,43.04761904761905,1.407482993197279,0.0056237119845764,0.4373192719850314,0.2015640155189136,0.0,0.052934724860281,0.1332769453842436,0.0334323472356935,1.4213917525773196,0.0103964597478176,16.499758084779618,0.0690498684656,0.0141545321468469,-79.27318029115341,3095900000.0,1781600000.0,-238400000.0,6168000000.0,1825500000.0,131950000.0,0.0,49.416525218234725,5.957613814756672,0.0,1.8212531051614684,15.106719367588934,0.0,0.1432819088006629,0.2470324748040313,2017-05-03,1.23,bmo,3202506870.0,2025-04-25,2017-03-31,0.0650406504065041,107.09222222222223,4943398.365079365
2016-12-31,ADP,USD,8670,2017-02-01,2017-02-01 16:20:28,2017,Q2,2895500000.0,1767800000.0,1127700000.0,0.3894664134,0,640800000.0,0.0,640800000.0,919600000.0,640800000.0,2408600000.0,113100000.0,20500000.0,78400000.0,885100000.0,0.3056812295,486900000.0,0.1681574858,207500000.0,786200000.0,0.2715247798,275300000.0,510900000.0,0.1764462096,1.14,1.13,447900000,450300000,https://www.sec.gov/Archives/edgar/data/8670/000000867017000003/0000008670-17-000003-index.htm,https://www.sec.gov/Archives/edgar/data/8670/000000867017000003/q2fy1710-q.htm,6.464612636749274,1.1406563965170795,1.1415494530029024,0.8727394507702613,6.131279303415941,8.517749497655727,3.59410582719357,8.517749497655727,4.5166331770484485,46035162000.0,45332462000.0,22.526503229594837,15.89886444482818,90.03552122041854,117.76710667689946,12.066567586694976,12.066567586694976,15.65617751683647,51.21733363461756,88.6611813025621,115.96946022000512,0.0110980384950095,0.0084913353840266,0.5248879452701108,0.0500632509487642,-0.7939215907807028,1.086532772186198,23.75121951219512,1.000782932080642,0.0052242674849281,0.4707379134860051,0.2213089276463477,0.0,0.0551333269999049,0.2354781928417758,0.0415817648074598,1.5357142857142858,0.0123640131238128,14.785333022617408,0.0449240377038046,0.0135179829655951,-71.57507256083947,2851800000.0,1609800000.0,-376200000.0,5790300000.0,1730050000.0,127600000.0,0.0,57.17665342773269,6.995135196289173,0.0,1.574069040500136,12.86608442503639,0.0,0.1339152315797751,0.2688100022326412,2017-02-01,0.81,bmo,2781279310.0,2025-04-25,2016-12-31,0.074074074074074,101.22380952380954,2388356.587301587
2016-09-30,ADP,USD,8670,2016-11-03,2016-11-03 15:42:56,2017,Q1,2827700000.0,1743600000.0,1084100000.0,0.3833857906,0,647700000.0,0.0,647700000.0,23000000.0,647700000.0,2391300000.0,89200000.0,19900000.0,77600000.0,626200000.0,0.2214520635,436400000.0,0.1543303745,3100000.0,528700000.0,0.1869717438,160000000.0,368700000.0,0.1303886551,0.82,0.81,452300000,455300000,https://www.sec.gov/Archives/edgar/data/8670/000000867016000059/0000008670-16-000059-index.htm,https://www.sec.gov/Archives/edgar/data/8670/000000867016000059/q1fy1710-q.htm,6.251824010612426,0.8151669246075613,0.7291620605792616,0.4950254256024762,6.22949369887243,9.396639398629228,4.416979880610215,9.396639398629228,4.482865354852974,39892860000.0,39123960000.0,27.049674532139957,14.107882731548608,120.9607640994542,178.1726663689147,9.386334439189667,9.386334439189667,13.835965625773596,62.47837751517087,118.62935112189206,174.73854399285395,0.0092422553810381,0.0056125331700961,0.4723888849674125,0.0584697734831408,-1.2278824656659215,1.1274322306347846,21.92964824120603,0.8944941687008408,0.0060612350179957,0.6558177379983726,0.2290554160625243,0.0,0.0655932015819485,0.3211036992116434,0.0374509318527425,1.3646907216494846,0.0109983378717685,13.128067904497742,0.0399486308958172,0.0114913152834181,-57.60391333185939,3404900000.0,1997800000.0,36900000.0,6358200000.0,1681700000.0,135050000.0,0.0,51.58043639707183,6.080523055746731,0.0,1.7448475873133409,14.801358234295416,0.0,0.086750899978824,0.2341366349767853,2016-11-02,0.76,bmo,2577725581.0,2025-04-25,2016-09-30,0.131578947368421,101.99548387096776,1861839.225806452
2016-06-30,ADP,USD,8670,2016-08-05,2016-08-05 15:09:42,2016,Q4,2800900000.0,1698500000.0,1102400000.0,0.3935877754,0,770300000.0,0.0,770300000.0,0.0,770300000.0,2468800000.0,114100000.0,18100000.0,73900000.0,519000000.0,0.1852975829,332100000.0,0.1185690314,-2400000.0,427000000.0,0.1524509979,145000000.0,282000000.0,0.1006819237,0.62,0.62,453400000,456100000,https://www.sec.gov/Archives/edgar/data/8670/000000867016000053/0000008670-16-000053-index.htm,https://www.sec.gov/Archives/edgar/data/8670/000000867016000053/q4fy1610kinq4fy16.htm,6.177547419497133,0.6219673577415086,1.4536832818703131,1.2368769298632554,7.089986766651963,9.8844287604764,4.996471107190119,9.8844287604764,4.468019408910454,41653858000.0,40470458000.0,36.92717907801419,14.871597700739049,63.198085267789416,74.27578102710413,9.294416726169226,9.294416726169226,14.44909064943411,77.97776107899807,61.40260658473676,72.16558131241084,0.0067700811771144,0.0134633387380347,0.447987325955016,0.0459743531028165,-2.280154142581888,1.1019041827301284,18.34806629834254,2.337234042553192,0.0058193889267111,0.8595744680851064,0.2750187439751508,0.0,0.0507487978016945,0.1491427704445456,0.0350958620443428,1.3301759133964817,0.0125673890535185,11.76117854962239,0.028037480545619,0.0068027539091711,-76.45941773268638,3653000000.0,2265400000.0,312000000.0,6554200000.0,1908600000.0,155350000.0,0.0,56.00057124495698,8.070061819252281,0.0,1.607126463162727,11.152330925804334,0.0,0.0629239557300963,0.2168063520070577,2016-07-28,0.67,bmo,2814291304.0,2025-04-25,2016-06-30,0.0298507462686565,93.30206349206348,1956841.1904761903
2016-03-31,ADP,USD,8670,2016-05-05,2016-05-05 11:51:57,2016,Q3,3145800000.0,1812700000.0,1333100000.0,0.4237713777,0,634400000.0,0.0,634400000.0,977200000.0,634400000.0,2447100000.0,112500000.0,16300000.0,73300000.0,884400000.0,0.2811367538,698700000.0,0.2221056647,-6700000.0,794800000.0,0.2526543328,262300000.0,532500000.0,0.1692733168,1.17,1.17,454400000,456900000,https://www.sec.gov/Archives/edgar/data/8670/000000867016000034/0000008670-16-000034-index.htm,https://www.sec.gov/Archives/edgar/data/8670/000000867016000034/q3fy1610q.htm,6.922975352112676,1.171875,1.558318661971831,1.3765404929577465,6.525308098591549,9.910211267605634,5.061619718309859,9.910211267605634,4.454225352112676,40764224000.0,39830524000.0,19.13813333333333,12.95830122703287,57.56845643270725,65.17062190247802,9.052279268076036,9.052279268076036,12.6614927840295,45.03677521483492,56.24985736477898,63.67789608313349,0.0130629249804927,0.0153443372306069,0.4458385148338959,0.0392699547780368,-1.0557440072365445,1.0825102195586631,42.86503067484663,1.3297652582159625,0.0059463906390073,0.4552112676056338,0.2016657130141776,0.0,0.0430938707809786,0.1166501906510379,0.0262572318647085,1.1268758526603002,0.0100769279674486,16.1649125780986,0.0594416566658289,0.0108845845665789,-92.65294894366195,3568600000.0,2300000000.0,196600000.0,6439800000.0,1854300000.0,148550000.0,0.0,59.34770169750143,7.864511502179069,0.0,1.5164866949479368,11.443813131313131,0.0,0.1182492449813466,0.1817781690140845,2016-04-28,1.18,bmo,3276365811.0,2025-04-25,2016-03-31,-0.0084745762711864,90.60953125,1669720.828125
2015-12-31,ADP,USD,8670,2016-02-03,2016-02-03 12:28:57,2016,Q2,2717700000.0,1682500000.0,1035200000.0,0.3809103286,0,627200000.0,0.0,627200000.0,852200000.0,627200000.0,2309700000.0,106600000.0,16800000.0,72600000.0,597300000.0,0.2197814328,408000000.0,0.1501269456,10600000.0,507900000.0,0.1868859698,166500000.0,341400000.0,0.1256209295,0.75,0.74,457600000,460300000,https://www.sec.gov/Archives/edgar/data/8670/000000867016000030/0000008670-16-000030-index.htm,https://www.sec.gov/Archives/edgar/data/8670/000000867016000030/q2fy1610q.htm,5.93902972027972,0.7460664335664335,0.8730332167832168,0.645541958041958,6.166520979020979,9.19187062937063,4.457386363636363,9.19187062937063,4.395979020979021,38767872000.0,37967772000.0,28.388892794376098,14.264956396953306,97.04098122653316,131.23856465809072,9.216839903000333,9.216839903000333,13.970553041174522,63.56566549472627,95.0382277847309,128.53003385240353,0.0088062610194338,0.0076197114971902,0.4742522942323237,0.049995613980125,-1.3395278754394777,1.0982841619928485,24.285714285714285,1.1701816051552432,0.0059275887002515,0.6731107205623902,0.2307833830076903,0.0,0.0542989260517049,0.2605757196495619,0.0383044486146373,1.4338842975206612,0.0132464951981454,12.421726454515827,0.036904117887031,0.0090477831076246,-69.15614073426573,3191100000.0,2039700000.0,-34100000.0,6037200000.0,1599700000.0,142600000.0,0.0,54.1185561320234,7.419316493313522,0.0,1.6630155427732225,12.130497476568133,0.0,0.081165897960154,0.2274912587412587,2016-02-03,0.72,bmo,2807000000.0,2025-04-25,2015-12-31,0.0,88.30875,1988883.84375
2015-09-30,ADP,USD,8670,2015-11-05,2015-11-05 12:03:30,2016,Q1,2626200000.0,1646500000.0,979700000.0,0.3730485112,0,605300000.0,0.0,605300000.0,834500000.0,605300000.0,2251800000.0,106400000.0,4900000.0,68800000.0,578700000.0,0.2203564085,374400000.0,0.1425633996,42800000.0,505000000.0,0.192293047,167500000.0,336600000.0,0.1281699794,0.73,0.72,462400000,465700000,https://www.sec.gov/Archives/edgar/data/8670/000000867015000026/0000008670-15-000026-index.htm,https://www.sec.gov/Archives/edgar/data/8670/000000867015000026/q1fy1610q.htm,5.679498269896194,0.7279411764705882,0.2015570934256055,-0.0168685121107266,6.946150519031142,10.01340830449827,5.340397923875432,10.01340830449827,4.325475778546712,37158464000.0,35968964000.0,27.59838383838384,14.149137156347576,398.695965665236,-4763.905641025641,8.025239514491814,8.025239514491814,13.696201355570787,62.15476758251253,385.93309012875534,-4611.405641025641,0.0090585014493602,-0.0002099117982917,0.430910111874217,0.0580332341486258,-2.055469155002592,1.1349817394018948,76.40816326530613,0.2768865121806298,0.0061627951036942,0.6803327391562686,0.230485111568045,0.0,0.0628499460446825,1.0836909871244635,0.0384586093976087,1.4680232558139534,0.0132130073870992,12.806497373883252,0.0321080228130602,0.0104470894954918,-54.85358996539792,3588800000.0,2469400000.0,426000000.0,6429600000.0,1556050000.0,170500000.0,0.0,53.63947909527074,8.007895535985424,0.0,1.677868642984922,11.238907849829353,0.0,0.0726966437734871,0.2184256055363321,2015-10-28,0.65,bmo,2594264705.0,2025-04-25,2015-09-30,0.0461538461538461,83.79459016393443,1996925.6393442624
2015-06-30,ADP,USD,8670,2015-08-07,2015-08-07 14:22:14,2015,Q4,2599100000.0,1601800000.0,997300000.0,0.3837097457,0,720500000.0,0.0,720500000.0,0.0,720500000.0,2327000000.0,108400000.0,1500000.0,69500000.0,202600000.0,0.0779500596,272100000.0,0.104690085,21100000.0,381600000.0,0.1468200531,124600000.0,336200000.0,0.1293524682,0.72,0.72,465100000,468800000,https://www.sec.gov/Archives/edgar/data/8670/000000867015000021/0000008670-15-000021-index.htm,https://www.sec.gov/Archives/edgar/data/8670/000000867015000021/q4fy1510k.htm,5.588260589120619,0.7228552999354978,0.949043216512578,0.7428509997849925,3.5818103633627176,10.33863685228983,5.4005590195656845,10.33863685228983,0.0230058052031821,37314973000.0,35684873000.0,27.7476003866746,14.356882382363125,84.53777299501586,108.00281620839364,7.760210668607674,7.760210668607674,13.729703743603554,176.13461500493582,80.84475079293158,103.28472648335746,0.0090097881083821,0.0092590178210768,0.0019132785692003,0.0002778574772353,-8.045903257650544,1.0625329630408245,181.4,1.712179984484096,0.0062012640341452,0.6882807852468769,0.2772113423877496,0.0,0.0693647030398212,0.2172632532850022,0.0368973875572313,1.3798561151079136,0.0123889038513331,12.967270914216629,0.0305586197334595,0.010910695857051,-54.77515588045581,1695500000.0,2511800000.0,507200000.0,4664200000.0,1563800000.0,162650000.0,0.0,53.56508022007618,10.928330628043453,0.0,1.6801991078932057,8.23547557840617,0.0,0.0699178538005615,0.2061922167275854,2015-07-30,0.59,bmo,2866005454.0,2025-04-25,2015-06-30,-0.0677966101694914,86.12703125,1630731.015625
2015-03-31,ADP,USD,8670,2015-05-06,2015-05-06 13:46:49,2015,Q3,2930300000.0,1688000000.0,1242300000.0,0.4239497662,0,608200000.0,0.0,608200000.0,876500000.0,608200000.0,2296200000.0,108600000.0,800000.0,70400000.0,810700000.0,0.2766610927,634100000.0,0.2163942258,108500000.0,742600000.0,0.2534211514,250600000.0,489600000.0,0.1670818688,1.04,1.03,470300000,474000000,https://www.sec.gov/Archives/edgar/data/8670/000000867015000012/0000008670-15-000012-index.htm,https://www.sec.gov/Archives/edgar/data/8670/000000867015000012/q3fy1510q.htm,6.230703806081225,1.0410376355517754,1.8224537529236653,1.6644694875611312,3.90282798213906,11.010206251328938,6.154156921114183,11.010206251328938,0.022326174782054,40276492000.0,38477592000.0,20.566019199346407,13.744835682353342,46.99159024617897,51.45182933060807,7.778237577489813,7.778237577489813,13.130939494249736,47.46218329838411,44.89276863843192,49.153796627491054,0.0121559742591286,0.0194356549224793,0.0018732739808037,0.0002614040903002,-2.2189465893672136,1.0676581571690429,792.625,1.750612745098039,0.0058321861794716,0.4797794117647059,0.2075555403883561,0.0,0.0615458413843098,0.0866876677167191,0.0253557656212674,1.0553977272727273,0.0122513053270996,16.05913694329397,0.0657189143732789,0.0140594713340129,-61.46752073144801,2078100000.0,2894300000.0,863600000.0,5007900000.0,1588150000.0,133600000.0,0.0,48.54895403201038,6.9739336492891,0.0,1.8537989498323528,12.905198776758407,0.0,0.0945520557733531,0.1579842653625345,2015-04-30,1.02,bmo,2966140384.0,2025-04-25,2015-03-31,0.0196078431372549,80.0784375,2199905.84375
2014-12-31,ADP,USD,8670,2015-02-05,2015-02-05 14:03:33,2015,Q2,2570300000.0,1587000000.0,983300000.0,0.3825623468,0,590200000.0,0.0,590200000.0,795800000.0,590200000.0,2177200000.0,109300000.0,2200000.0,69700000.0,570400000.0,0.2219196203,393100000.0,0.1529393456,108000000.0,501100000.0,0.194957787,167100000.0,331500000.0,0.1289732716,0.7,0.69,476600000,480300000,https://www.sec.gov/Archives/edgar/data/8670/000000867015000004/0000008670-15-000004-index.htm,https://www.sec.gov/Archives/edgar/data/8670/000000867015000004/q2fy1510q.htm,5.392992026856903,0.69555182543013,0.4802769618128409,0.3023499790180445,4.0971464540495175,11.523709609735628,6.629248845992446,11.523709609735628,0.0262274443978178,39734142000.0,37893642000.0,29.965416289592763,15.458951095202895,173.5873394495413,275.7400555170021,7.23464950293143,7.23464950293143,14.742886822549895,66.43345371669004,165.54671035386633,262.96767522553785,0.0083429510067186,0.0036266040424378,0.0018753869123484,0.0002367647363061,-3.2266830294530155,1.063796226291943,178.6818181818182,0.6904977375565611,0.005826223704541,0.698340874811463,0.2296230012060849,0.0,0.0536214660564419,0.3704674530362604,0.0329922577131074,1.2166427546628409,0.0141228650352098,13.429262386017813,0.038915529473116,0.0080519013660299,-73.14624422996224,2345800000.0,3159500000.0,1105100000.0,5328500000.0,1492950000.0,141650000.0,0.0,55.87052095086177,7.735349716446125,0.0,1.6108673853096014,11.634897360703812,0.0,0.060358326353738,0.1779269827947964,2015-02-04,0.68,bmo,2577782857.0,2025-04-25,2014-12-31,0.0294117647058822,85.26539682539683,1629483.5714285714
2014-09-30,ADP,USD,8670,2014-10-30,2014-10-30 15:46:14,2015,Q1,2483500000.0,1561900000.0,921600000.0,0.3710891886,0,578000000.0,0.0,578000000.0,785300000.0,578000000.0,2139900000.0,108600000.0,1900000.0,68300000.0,520000000.0,0.2093819207,343600000.0,0.1383531307,20700000.0,452500000.0,0.1822025367,154500000.0,295200000.0,0.1188645057,0.62,0.61,478400000,481700000,https://www.sec.gov/Archives/edgar/data/8670/000000867014000020/0000008670-14-000020-index.htm,https://www.sec.gov/Archives/edgar/data/8670/000000867014000020/q1fy1510q.htm,5.19126254180602,0.617056856187291,0.7905518394648829,0.6222826086956522,5.182901337792642,12.180811036789295,7.25188127090301,12.180811036789295,4.07566889632107,34865792000.0,34637992000.0,29.52726287262872,14.038974028588685,92.18876784769962,117.11720524017468,5.983181233161155,5.983181233161155,13.947248641030804,66.61152307692308,91.58644103648864,116.35200537453812,0.0084667515942273,0.0085384551138261,0.3342714464674892,0.064482704969859,-0.4380769230769231,1.1137383254243436,180.8421052631579,1.2811653116531163,0.0065909875215225,0.7784552845528455,0.2327360579826857,0.0,0.0780585339693658,0.2128503437334743,0.0324139319508757,1.178623718887262,0.0156231125427823,13.004448919269317,0.0251822242804454,0.0105996028739573,-43.60070025083612,2634100000.0,3469300000.0,1412600000.0,4992750000.0,1444550000.0,149500000.0,0.0,50.38332997785383,8.464690441129394,0.0,1.7863051140041717,10.632402995234854,0.0,0.0506581092444185,0.1682692307692307,2014-10-29,0.6,bmo,2483322580.0,2025-04-25,2014-09-30,0.0333333333333333,86.11868852459015,2100357.5409836066
2014-06-30,ADP,USD,8670,2014-08-08,2014-08-08 13:50:03,2014,Q4,2978600000.0,1845600000.0,1133000000.0,0.3803800443,0,776400000.0,0.0,776400000.0,100000.0,776400000.0,2622100000.0,108900000.0,1300000.0,89100000.0,267400000.0,0.0897737192,356500000.0,0.1196871013,92800000.0,449300000.0,0.1508426778,160600000.0,288700000.0,0.0969247297,0.6,0.6,478500000,482700000,https://www.sec.gov/Archives/edgar/data/8670/000000867014000015/0000008670-14-000015-index.htm,https://www.sec.gov/Archives/edgar/data/8670/000000867014000015/q4fy1410k.htm,6.2248693834900735,0.6033437826541275,1.2633228840125392,1.0672936259143155,2.960501567398119,13.939811912225704,6.110971786833856,13.939811912225704,4.568025078369906,33279675000.0,34063975000.0,28.818561655697955,11.172925199758277,55.05322580645161,65.16482279224594,4.9893069173338125,4.9893069173338125,11.436236822668368,127.38958489154824,56.35066170388751,66.70055805756805,0.0086749645241427,0.0153457027449937,0.32750142424515,0.0681555112521332,2.933059087509349,1.0805337125648318,274.2307692307692,2.09314404432133,0.0069441783911651,0.8004849324558365,0.2606593701739072,0.0,0.1168767959265811,0.1551695616211745,0.0314913046397636,1.0527497194163862,0.0122540790975626,13.75631578925512,0.0227770319523595,0.0101993951726866,-47.73416927899687,1925400000.0,2924100000.0,451900000.0,6448500000.0,1667000000.0,148850000.0,0.0,45.28704760625797,7.417100130039011,0.0,1.9873231918868428,12.134122287968442,0.0,0.0432820605079308,0.1960292580982236,2014-07-31,0.63,bmo,2545600000.0,2025-04-25,2014-06-30,0.0,81.04375,2072162.28125
2014-03-31,ADP,USD,8670,2014-05-01,2014-05-01 16:01:05,2014,Q3,3219900000.0,1884400000.0,1335500000.0,0.4147644337,0,673200000.0,0.0,673200000.0,100000.0,673200000.0,2557600000.0,106800000.0,900000.0,82700000.0,726600000.0,0.225659182,662300000.0,0.2056896177,115700000.0,769800000.0,0.2390757477,259400000.0,521600000.0,0.1619926085,1.09,1.08,478900000,483000000,https://www.sec.gov/Archives/edgar/data/8670/000000867014000006/0000008670-14-000006-index.htm,https://www.sec.gov/Archives/edgar/data/8670/000000867014000006/q3fy1410-q.htm,6.723533096679891,1.0891626644393402,1.5533514303612446,1.3374399665901022,3.537064105241177,13.815201503445396,6.009396533723115,13.815201503445396,0.027145541866778,32459842000.0,30800942000.0,15.557823044478528,10.0810093481164,43.63468476945826,50.67891022638564,4.906189749248046,4.906189749248046,9.565807012640144,42.39050646848335,41.40468073665815,48.08890241998439,0.0160690862266057,0.019732073865301,0.001828871994075,0.0003306327107783,-2.283099366914396,1.0683877920932738,735.8888888888889,1.4557729941291586,0.0071226471157807,0.4432515337423313,0.2090748159880741,0.0,0.1021463801183173,0.1389971770399247,0.0321127985341159,1.2503022974607014,0.0110562439827323,18.39993309181657,0.054765267448892,0.0158742235599528,-56.19148047609104,1954400000.0,2877900000.0,552200000.0,6459600000.0,1782800000.0,143100000.0,0.0,51.296002981459054,6.9539375928677565,0.0,1.7545226678291197,12.942307692307692,0.0,0.0788379861247562,0.2159114637711422,2014-04-30,1.08,bmo,2878403773.0,2025-04-25,2014-03-31,-0.0185185185185185,72.155625,1416717.375
2013-12-31,ADP,USD,8670,2014-02-05,2014-02-05 14:38:57,2014,Q2,2893600000.0,1772400000.0,1121200000.0,0.3874758087,0,675600000.0,0.0,675600000.0,853100000.0,675600000.0,2448000000.0,105900000.0,2000000.0,83900000.0,531000000.0,0.1835084324,445600000.0,0.1539950235,124800000.0,561100000.0,0.1939106995,184100000.0,377000000.0,0.1302875311,0.79,0.78,478400000,482800000,https://www.sec.gov/Archives/edgar/data/8670/000000867014000003/0000008670-14-000003-index.htm,https://www.sec.gov/Archives/edgar/data/8670/000000867014000003/q2fy1410-q.htm,6.048494983277592,0.7880434782608695,0.8187709030100334,0.6279264214046822,2.6941889632107023,13.082148829431436,5.2370401337792645,13.082148829431436,0.0305183946488294,33908992000.0,32655192000.0,22.48606896551724,11.718617638927286,86.56878223129947,112.87946737683087,5.418070144603339,5.418070144603339,11.285316560685647,61.49753672316383,83.36786316058208,108.70569906790944,0.0111179948964569,0.0088590070739938,0.0020132619637293,0.0003287945764551,-2.36120527306968,1.0540414423233806,222.8,1.0389920424403185,0.0061989456955842,0.5575596816976127,0.2334807851810893,0.0,0.0979364226106289,0.2330865458258871,0.0315523914846557,1.0882002383790226,0.0135125794857616,15.23020999527285,0.0390001284471512,0.0109058194262439,-61.61496655518395,1656100000.0,2505400000.0,237800000.0,6148500000.0,1658100000.0,144750000.0,0.0,53.820846004976495,7.139471902505078,0.0,1.6722145168747111,12.60597439544808,0.0,0.0602380762163457,0.1908444816053511,2014-02-05,0.77,bmo,2400186250.0,2025-04-25,2013-12-31,0.0389610389610389,68.19428571428571,1839229.6984126985
2013-09-30,ADP,USD,8670,2013-11-01,2013-11-01 13:32:42,2014,Q1,2750400000.0,1724400000.0,1026000000.0,0.3730366492,0,638600000.0,0.0,638600000.0,22600000.0,638600000.0,2363000000.0,89200000.0,1900000.0,80500000.0,469500000.0,0.1707024433,387400000.0,0.1408522397,113800000.0,497300000.0,0.180810064,168700000.0,328600000.0,0.1194735311,0.68,0.68,480100000,484300000,https://www.sec.gov/Archives/edgar/data/8670/000000867013000019/0000008670-13-000019-index.htm,https://www.sec.gov/Archives/edgar/data/8670/000000867013000019/q1fy1410-q.htm,5.728806498646115,0.6844407415121849,0.1693397208914809,0.0043740887315142,2.457196417413039,12.89897937929598,5.1197667152676525,12.89897937929598,5.902936888148303,30486350000.0,32169450000.0,23.194118989653077,11.084333187899942,374.9858548585486,14517.309523809525,4.922870107221289,4.922870107221289,11.696280541012216,68.5185303514377,395.6881918819189,15318.785714285714,0.0107785943545225,6.88832871104609e-05,0.4573214055031649,0.0960642848178336,3.584877529286475,0.9605651296382548,203.8947368421053,0.2474132684114424,0.0069080096502205,0.6409007912355448,0.2321844095404305,0.0,0.1266836944096766,0.974169741697417,0.0287958115183246,0.9838509316770186,0.0098894706224549,14.094084140166888,0.0246140868607942,0.0127628998116248,-43.57310976879817,-863600000.0,2458000000.0,-2252700000.0,3606200000.0,1590550000.0,152700000.0,0.0,51.8913612565445,7.771398747390396,0.0,1.7343927355278093,11.580926796507724,0.0,0.0530616199457434,0.1649656321599666,2013-10-30,0.66,bmo,2292529411.0,2025-04-25,2013-09-30,0.0303030303030303,68.0683606557377,2218532.3278688523
2013-06-30,ADP,USD,8670,2013-08-19,2013-08-19 12:00:04,2013,Q4,2710000000.0,1692800000.0,1017200000.0,0.3753505535,0,730100000.0,0.0,730100000.0,0.0,730100000.0,2422900000.0,113700000.0,1800000.0,80300000.0,447200000.0,0.1650184502,287100000.0,0.1059409594,78000000.0,365100000.0,0.1347232472,138100000.0,227000000.0,0.0837638376,0.47,0.47,482500000,486700000,https://www.sec.gov/Archives/edgar/data/8670/000000867013000015/0000008670-13-000015-index.htm,https://www.sec.gov/Archives/edgar/data/8670/000000867013000015/q4fy1310-k.htm,5.616580310880829,0.4704663212435233,1.1927461139896374,1.02860103626943,3.5780310880829016,12.82880829015544,5.169119170984456,12.82880829015544,0.5438341968911917,29398725000.0,27960925000.0,32.377450440528634,10.848238007380074,51.083796698523024,59.23579488212774,4.749466873455145,4.749466873455145,10.31768450184502,62.52442978533095,48.5854474370113,56.33875680032239,0.0077214232930169,0.0168816844948207,0.0421008416937268,0.0080760875291696,-3.2151162790697674,1.0593624660370036,159.5,2.5352422907488985,0.0071703789875241,0.9286343612334802,0.2694095940959409,0.0,0.1145341684202044,0.137619461337967,0.0292250922509225,0.9863013698630136,0.0118450184501845,11.653293545160375,0.0229403816399901,0.0079447576848906,-47.99031088082901,1468200000.0,2494100000.0,122800000.0,5892000000.0,1659450000.0,153100000.0,0.0,52.98044280442805,8.32053402646503,0.0,1.698740048893625,10.816613418530352,0.0,0.0366726441461089,0.1641450777202072,2013-08-01,0.57,bmo,2889381818.0,2025-04-25,2013-06-30,-0.0350877192982454,67.20734374999999,2018948.96875
2013-03-31,ADP,USD,8670,2013-05-03,2013-05-03 12:02:06,2013,Q3,3002300000.0,1745900000.0,1256400000.0,0.418479166,0,654400000.0,0.0,654400000.0,863800000.0,654400000.0,2400300000.0,118000000.0,1200000.0,81100000.0,805300000.0,0.2682276921,602000000.0,0.2005129401,122800000.0,724800000.0,0.2414149152,242100000.0,482700000.0,0.1607767378,1.0,0.99,482700000,486500000,https://www.sec.gov/Archives/edgar/data/8670/000000867013000007/0000008670-13-000007-index.htm,https://www.sec.gov/Archives/edgar/data/8670/000000867013000007/q3fy1310-q.htm,6.219805262067537,1.0,1.2809198259788688,1.1371452247772944,3.481044126786824,13.592500517920032,5.900559353635798,13.592500517920032,0.0341827221876942,27393225000.0,25760825000.0,14.1875,9.124079872098058,44.30409995147987,49.90567498633631,4.175096401518038,4.175096401518038,8.580363388069147,31.989103439711908,41.66395762574802,46.931727090544726,0.0176211453744493,0.0200378013176615,0.0023319260489856,0.0003809163403151,-2.0270706568980503,1.0720675000389184,501.6666666666667,1.2809198259788688,0.0076807312757077,0.435881499896416,0.2179662258934816,0.0,0.0924381882324237,0.1122432476144266,0.0231156113646204,0.8557336621454994,0.0074609466076008,17.488031954831303,0.0498170986303854,0.0132415632012377,-63.46012015744769,2314700000.0,2848200000.0,828000000.0,6743600000.0,1663850000.0,145550000.0,0.0,51.668387569530026,7.716936823414858,0.0,1.74187746576932,11.662658650634604,0.0,0.0735699806434896,0.1437746012015744,2013-05-03,0.98,bmo,3082842424.0,2025-04-25,2013-03-31,0.010204081632653,63.48625,1958914.421875
2012-12-31,ADP,USD,8670,2013-02-06,2013-02-06 12:41:25,2013,Q2,2646100000.0,1624300000.0,1021800000.0,0.3861532066,0,624700000.0,0.0,624700000.0,776900000.0,624700000.0,2249000000.0,123200000.0,3000000.0,77300000.0,609100000.0,0.2301878236,397100000.0,0.1500699142,30000000.0,528800000.0,0.1998412758,176800000.0,390900000.0,0.1477268433,0.81,0.8,482100000,486800000,https://www.sec.gov/Archives/edgar/data/8670/000000867013000003/0000008670-13-000003-index.htm,https://www.sec.gov/Archives/edgar/data/8670/000000867013000003/q2fy1310-q.htm,5.488695291433313,0.8108276291225887,0.9303049159925326,0.7844845467745281,2.976146027795063,13.26550508193321,5.442854179630782,13.26550508193321,0.0669985480190831,24076074000.0,22714474000.0,15.397847275518036,9.09870148520464,53.68132441471572,63.65963511369646,3.7646512282457434,3.7646512282457434,8.584132874796872,37.29186340502381,50.645426978818286,60.05942358540455,0.0162360358254423,0.0157085411849124,0.0045814895313746,0.0008790879087908,-2.2354293219504187,1.0830984531320635,132.36666666666667,1.2665913583733408,0.0079830291267587,0.4916858531593758,0.2360832923925777,0.0,0.1131503150315031,0.1567447045707915,0.0265674010808359,0.9094437257438552,0.0091833264048977,15.556698100197709,0.0334958916615217,0.0132245328786448,-50.39789462767061,2113900000.0,2624000000.0,617700000.0,6597200000.0,802050000.0,140100000.0,0.0,54.55916254109822,7.834759588745922,0.0,1.6495854373168757,11.487270155586987,0.0,0.0611230122120932,0.1458203692180045,2013-02-05,0.71,bmo,2709636111.0,2025-04-25,2012-12-31,0.0140845070422535,59.6234375,2035657.125
2012-09-30,ADP,USD,8670,2012-11-02,2012-11-02 09:22:33,2013,Q1,2530700000.0,1586500000.0,944200000.0,0.3730983522,0,611400000.0,0.0,611400000.0,800000.0,611400000.0,2197900000.0,130600000.0,3100000.0,78300000.0,547000000.0,0.2161457304,332800000.0,0.1315051172,26000000.0,465600000.0,0.1839807168,163100000.0,305300000.0,0.1206385585,0.63,0.63,483500000,488400000,https://www.sec.gov/Archives/edgar/data/8670/000000867012000009/0000008670-12-000009-index.htm,https://www.sec.gov/Archives/edgar/data/8670/000000867012000009/adp-2012930x10q.htm,5.234126163391934,0.6314374353671148,-0.1346432264736297,-0.2670113753877973,2.3849017580144776,13.014891416752844,5.212202688728024,13.014891416752844,0.9557394002068252,24818055000.0,24159655000.0,20.32267851293809,9.806794562769197,-381.2297235023041,-192.23900077459336,3.9439437761215377,3.9439437761215377,9.546629391077568,44.16755941499086,-371.11605222734255,-187.1390782339272,0.0123015280609217,-0.0052018580827546,0.0729416625613806,0.0152268603142903,-1.203656307129799,1.0725467650361726,107.35483870967742,-0.2132328856862103,0.007740332592542,0.629217163445791,0.2415932350732998,0.0,0.1251521856681738,-0.9831029185867896,0.0252894456079345,0.8173690932311622,0.006954597542182,13.5980519671002,0.0262539834223536,0.0115768917202282,-46.94581178903826,1621500000.0,2520100000.0,121200000.0,6097100000.0,699650000.0,153100000.0,0.0,0.0,7.873936337850616,0.0,0.0,11.430115273775217,0.0,0.0485165350326568,0.1323681489141675,2012-11-01,0.62,bmo,2637500000.0,2025-04-25,2012-09-30,0.0,53.76983333333333,2237660.8
2012-06-30,ADP,USD,8670,2012-08-20,2012-08-20 17:18:30,2012,Q4,2516300000.0,1589200000.0,927100000.0,0.3684377856,0,677400000.0,0.0,677400000.0,1300000.0,677400000.0,2266600000.0,140200000.0,2300000.0,83300000.0,419800000.0,0.1668322537,249700000.0,0.0992330008,464800000.0,397500000.0,0.1579700354,139100000.0,258400000.0,0.1026904582,0.53,0.53,485900000,490600000,https://www.sec.gov/Archives/edgar/data/8670/000120677412003634/0001206774-12-003634-index.htm,https://www.sec.gov/Archives/edgar/data/8670/000120677412003634/adp_10k.htm,5.178637579748919,0.5317966659806544,1.0271660835562872,0.8981271866639227,3.3111751389174726,12.582835974480346,4.625437332784523,12.582835974480346,0.0393084996912945,23726497000.0,22164797000.0,22.95520220588235,9.429120931526448,47.53856341414546,54.36869156736939,3.880683186130193,3.880683186130193,8.808487461749394,52.79846831824678,44.40953115608095,50.79009395050412,0.0108907775134272,0.0183929384940389,0.0027477919528949,0.0005451801852963,-3.7201048118151503,1.082454796595437,108.56521739130434,1.931501547987616,0.0081470096491698,0.7480650154798761,0.2692047848030839,0.0,0.1254725706219272,0.1256261270286515,0.0249175376544927,0.7527010804321729,0.0050073520645392,12.270247754048285,0.0214253645546542,0.009588481947382,-45.36555875694587,1916200000.0,2247500000.0,454100000.0,6488700000.0,1386000000.0,152550000.0,0.0,50.04848388506935,9.480241631009314,0.0,1.798256270992639,9.493428912783752,0.0,0.042263657180242,0.1290388968923647,2012-08-01,0.53,bmo,2603000000.0,2025-04-25,2012-06-30,0.0,50.26177419354839,2157429.290322581
2012-03-31,ADP,USD,8670,2012-05-04,2012-05-04 12:59:31,2012,Q3,2789800000.0,1624700000.0,1165100000.0,0.4176285038,0,622100000.0,0.0,622100000.0,10500000.0,622100000.0,2246800000.0,133300000.0,1200000.0,81100000.0,461900000.0,0.1655674242,543000000.0,0.1946376084,142600000.0,685600000.0,0.2457523837,233200000.0,452400000.0,0.1621621622,0.93,0.92,486451613,491739130,https://www.sec.gov/Archives/edgar/data/8670/000000867012000004/0000008670-12-000004-index.htm,https://www.sec.gov/Archives/edgar/data/8670/000000867012000004/march2010q.htm,5.7349999988590845,0.9299999998149868,1.3633421747950911,1.2217042437887855,3.5380702910733284,13.272851456245451,5.282745357039242,13.272851456245451,0.038030503971214,23553987101.46,21878187101.46,13.01612903484748,8.442894509090257,35.51566209508444,39.63316019091368,3.648048059576248,3.648048059576248,7.84220628771238,47.365635638579775,32.98882252934258,36.81337220504796,0.0192069392774677,0.0252313970216601,0.0026794288015364,0.0004393528053819,-3.6280580212167135,1.0677700730972286,452.5,1.4659593280282937,0.0081727139940595,0.4255083996463307,0.2229908954046885,0.0,0.0987096233502048,0.1038902291917973,0.0246971109040074,0.8495684340320592,0.0073123521399383,16.665365782564866,0.0450572127622403,0.0127475041773154,-62.018244351057376,2129600000.0,2569800000.0,634000000.0,6726400000.0,1363300000.0,137500000.0,0.0,44.283819628647215,7.627869760571182,0.0,2.032345013477089,11.798838053740017,0.0,0.0700678375615649,0.1416379310063054,2012-05-01,0.91,bmo,2879259782.0,2025-04-25,2012-03-31,0.0109890109890109,50.336666666666666,2129875.285714286
2011-12-31,ADP,USD,8670,2012-02-07,2012-02-07 16:10:28,2012,Q2,2465100000.0,1519900000.0,945200000.0,0.3834327208,0,577500000.0,0.0,577500000.0,96200000.0,577500000.0,2097400000.0,117900000.0,2100000.0,79200000.0,288500000.0,0.1170337917,367700000.0,0.1491623058,97600000.0,579700000.0,0.2351628737,204700000.0,375000000.0,0.1521236461,0.77,0.76,487012987,493421053,https://www.sec.gov/Archives/edgar/data/8670/000000867012000002/0000008670-12-000002-index.htm,https://www.sec.gov/Archives/edgar/data/8670/000000867012000002/december2011q.htm,5.061672000134978,0.7700000000205334,0.8862186666902991,0.761786666686981,2.831752000075513,12.69452800033852,4.765581333460416,12.69452800033852,0.0566720000015112,23074675324.06,21744975324.06,15.383116882706666,9.36054331429151,53.46310316047266,62.19589036134772,3.732316790252976,3.732316790252976,8.82113314837532,75.37253145254766,50.3822412512975,58.61179332630728,0.0162515829468242,0.0160782327287247,0.0041246118012422,0.0007849921808621,-4.609012131715772,1.0778142957959471,175.0952380952381,1.1509333333333334,0.0076360771072811,0.4698666666666666,0.2342704149933065,0.0,0.1188724433882109,0.1404077849860982,0.0245831812096872,0.7651515151515151,0.0109934688247941,14.83012803760405,0.0309435663338603,0.013101397831806,-49.0900153346424,1929600000.0,2320900000.0,425100000.0,6498100000.0,1295400000.0,130150000.0,0.0,49.43044906900329,8.130140140798737,0.0,1.8207400842011965,11.06991988346686,0.0,0.0606560559006211,0.1244320000033181,2012-01-25,0.68,bmo,2570700000.0,2025-04-25,2011-12-31,0.0,47.41126984126984,2465056.285714286
2011-09-30,ADP,USD,8670,2011-11-04,2011-11-04 12:01:04,2012,Q1,2400600000.0,1506100000.0,894500000.0,0.3726151795,0,589200000.0,0.0,589200000.0,703500000.0,589200000.0,2095300000.0,121900000.0,2100000.0,79700000.0,225600000.0,0.0939765059,305300000.0,0.1271765392,154000000.0,459300000.0,0.1913271682,156600000.0,302700000.0,0.1260934766,0.62,0.61,487900000,493300000,https://www.sec.gov/Archives/edgar/data/8670/000120677411002415/0001206774-11-002415-index.htm,https://www.sec.gov/Archives/edgar/data/8670/000120677411002415/adp_10q.htm,4.920270547243288,0.6204140192662431,0.6482885837261734,0.5306415249026439,2.5988932158229145,12.336954293912688,4.785816765730683,12.336954293912688,0.057593769215003,20179544000.0,18956644000.0,16.666290056161216,8.406041822877613,63.79874802402782,77.94339127076091,3.3525292397660817,3.3525292397660817,7.896627509789219,84.02767730496454,59.93248182105596,73.21994592506759,0.0150003389571141,0.0128298241030619,0.0043195108984582,0.0009279020135473,-5.420656028368795,1.0946869606762937,145.38095238095238,1.0449289725801123,0.0088059472503442,0.5870498843739677,0.245438640339915,0.0,0.1314837153196622,0.1814732848561492,0.023910688994418,0.7202007528230866,0.0077480629842539,13.123087916998877,0.0267975678257116,0.0124383629191321,-40.5930006148801,1942200000.0,2335000000.0,453000000.0,6334700000.0,1300850000.0,138150000.0,0.0,46.37215696075981,7.350109554478454,0.0,1.9408197914140188,12.244715447154473,0.0,0.0502890749601275,0.1176470588235294,2011-10-26,0.61,bmo,2510900000.0,2025-04-25,2011-09-30,0.0,48.19709677419355,2659877.2741935486
2011-06-30,ADP,USD,8670,2011-08-24,2011-08-24 13:00:20,2011,Q4,2371400000.0,1518700000.0,852700000.0,0.3595766214,0,660300000.0,0.0,660300000.0,0.0,660300000.0,2179000000.0,135700000.0,1700000.0,79000000.0,374600000.0,0.1579657586,192400000.0,0.0811335076,166300000.0,358700000.0,0.1512608586,116900000.0,241800000.0,0.1019650839,0.5,0.49,487900000,493300000,https://www.sec.gov/Archives/edgar/data/8670/000120677411001935/0001206774-11-001935-index.htm,https://www.sec.gov/Archives/edgar/data/8670/000120677411001935/adp_10k.htm,4.860422217667555,0.4955933592949375,0.9950809592129536,0.7968846075015372,2.92211518753843,12.31891781102685,4.552367288378767,12.31891781102685,0.0735806517729042,22545859000.0,21190659000.0,23.31044148056245,9.507404486801043,46.43843254376931,57.98832047325103,3.751141188606415,3.751141188606415,8.935927722020747,56.56876401494928,43.64708341915551,54.5027237654321,0.010724807602141,0.0172448519260233,0.0056901370957007,0.0009988813696941,-3.617725573945542,1.067074081263906,113.17647058823528,2.0078577336641854,0.0079482445091136,0.7411083540115798,0.278443113772455,0.0,0.1106743033386587,0.1991761071060762,0.0407775997301172,1.2240506329113925,0.0075061145315003,11.7203417983015,0.0174054911099583,0.0079411474925284,-52.83582701373232,1796700000.0,2221100000.0,355600000.0,6302200000.0,1329300000.0,142550000.0,0.0,51.79725056928397,9.084743530651217,0.0,1.737543962485346,9.906718851924332,0.0,0.0402302675362704,0.1981963517114162,2011-07-28,0.49,bmo,2511862500.0,2025-04-25,2011-06-30,-0.0204081632653061,44.97619047619048,3114745.333333333
2011-03-31,ADP,USD,8670,2011-05-06,2011-05-06 11:32:00,2011,Q3,2737300000.0,1520600000.0,1216700000.0,0.4444890951,0,577300000.0,0.0,577300000.0,723000000.0,577300000.0,2097900000.0,148600000.0,1400000.0,81000000.0,718900000.0,0.2626310598,639400000.0,0.233587842,13600000.0,653000000.0,0.2385562416,229200000.0,423800000.0,0.1548240967,0.85,0.85,496200000,501300000,https://www.sec.gov/Archives/edgar/data/8670/000000867011000010/0000008670-11-000010-index.htm,https://www.sec.gov/Archives/edgar/data/8670/000000867011000010/march2011q.htm,5.516525594518339,0.8540910923014914,1.154776299879081,1.0247883917775091,3.314187827488916,12.483877468762596,4.844417573559049,12.483877468762596,0.0725513905683192,22333962000.0,20767662000.0,13.174824209532796,8.159121031673546,38.97724607329843,43.92126253687316,3.605450318831221,3.605450318831221,7.58691484309356,28.88810961190708,36.243738219895285,40.841026548672566,0.018975585254421,0.0227680158137638,0.0055856001291468,0.0008318027521612,-2.178745305327584,1.0620825864408476,456.7142857142857,1.3520528551203397,0.0079520149626832,0.4190655969797074,0.2109012530595842,0.0,0.0911304824455962,0.112565445026178,0.0235633653600263,0.7962962962962963,0.0079640521681949,15.488811840412486,0.054442036854905,0.0112099498223812,-66.07627972591698,2109200000.0,2403800000.0,681400000.0,6585300000.0,1215200000.0,124000000.0,0.0,42.53899828297958,7.800868078390109,0.0,2.115705673210697,11.537177541729896,0.0,0.0684155299055613,0.1299879081015719,2011-05-02,0.85,amc,2737300000.0,2025-04-25,2011-03-31,0.0,43.74203125,4397629.96875
2010-12-31,ADP,USD,8670,2011-02-09,2011-02-09 11:33:24,2011,Q2,2405700000.0,1380300000.0,1025400000.0,0.4262376855,0,570100000.0,0.0,570100000.0,603500000.0,570100000.0,1950400000.0,129000000.0,2800000.0,82700000.0,552000000.0,0.2294550443,455300000.0,0.1892588436,29300000.0,484600000.0,0.2014382508,174500000.0,310100000.0,0.1289021906,0.63,0.62,492000000,496900000,https://www.sec.gov/Archives/edgar/data/8670/000000867011000007/0000008670-11-000007-index.htm,https://www.sec.gov/Archives/edgar/data/8670/000000867011000007/decemberq2011.htm,4.889634146341463,0.6302845528455284,0.8638211382113821,0.7449186991869918,2.727642276422764,11.739024390243902,4.5,11.739024390243902,0.0770325203252032,19975200000.0,18704600000.0,16.103837471783297,8.303279710687118,47.000470588235295,54.502592087312415,3.458549761063786,3.458549761063786,7.775117429438417,33.88514492753623,44.010823529411766,51.03574351978172,0.0155242500700869,0.0183477512115022,0.0060772906710991,0.0010746992526094,-2.3018115942028987,1.0736911061511245,162.60714285714286,1.3705256368913254,0.0083904041010853,0.5404708158658498,0.2369788419171135,0.0,0.1090498250169165,0.1376470588235294,0.0243172465394687,0.7073760580411125,0.0094774909589724,12.902551263977664,0.0406494210366971,0.0106568334667871,-50.18343495934959,1878600000.0,2214000000.0,486800000.0,6117100000.0,1149050000.0,124250000.0,0.0,42.5215114104003,7.576613779613128,0.0,2.1165757522435333,11.87865748709122,0.0,0.0536913913705935,0.1189024390243902,2011-01-26,0.61,bmo,2366898387.0,2025-04-25,2010-12-31,0.0163934426229508,46.54365079365079,3084671.761904762
2010-09-30,ADP,USD,8670,2010-11-04,2010-11-04 16:26:46,2011,Q1,2229400000.0,1311900000.0,917500000.0,0.4115457074,0,515600000.0,0.0,515600000.0,601100000.0,515600000.0,1827500000.0,126800000.0,2700000.0,75500000.0,499400000.0,0.2240064591,401900000.0,0.1802727191,34500000.0,436400000.0,0.1957477348,157900000.0,278500000.0,0.1249215035,0.57,0.56,491400000,494900000,https://www.sec.gov/Archives/edgar/data/8670/000000867010000026/0000008670-10-000026-index.htm,https://www.sec.gov/Archives/edgar/data/8670/000000867010000026/fy11sept10q.htm,4.536833536833536,0.5667480667480668,0.4523809523809524,0.3343508343508343,2.476800976800977,11.714896214896214,4.646927146927147,11.714896214896214,0.0779405779405779,18117918000.0,16976818000.0,16.263840215439856,8.126813492419485,81.50210526315789,110.27339013998782,3.14727500130283,3.14727500130283,7.61497174127568,33.994429315178216,76.3689518668466,103.32816798539255,0.0153715233726082,0.0090683708801419,0.0061840985286709,0.0011528908089342,-2.28494193031638,1.0845493362841203,148.85185185185185,0.7982046678635547,0.0092725886053794,0.6032315978456014,0.231272988247959,0.0,0.1124780999323162,0.2609086819613135,0.0260159684219969,0.7682119205298014,0.0062348613976854,12.222372216300736,0.0356147145781434,0.0101621195590698,-46.874185999186,2001900000.0,2283500000.0,557000000.0,6139100000.0,1144600000.0,141150000.0,0.0,46.889297568852605,9.076149096729932,0.0,1.9194145501506672,9.91609977324263,0.0,0.0483784112425521,0.118030118030118,2010-10-27,0.53,bmo,2109967857.0,2025-04-25,2010-09-30,0.0566037735849057,43.29806451612903,2853301.806451613
2010-06-30,ADP,USD,8670,2010-08-25,2010-08-25 15:19:46,2010,Q4,2190300000.0,1282300000.0,908000000.0,0.4145550838,0,611900000.0,0.0,611900000.0,0.0,611900000.0,1894200000.0,159900000.0,1800000.0,76400000.0,383700000.0,0.175181482,296100000.0,0.1351869607,9400000.0,305500000.0,0.1394786102,97900000.0,207900000.0,0.0949185043,0.42,0.42,491400000,494900000,https://www.sec.gov/Archives/edgar/data/8670/000120677410001881/0001206774-10-001881-index.htm,https://www.sec.gov/Archives/edgar/data/8670/000120677410001881/adp_10k.htm,4.457264957264957,0.4230769230769231,0.8048433048433048,0.6772486772486772,3.400895400895401,11.149572649572647,5.195767195767195,11.149572649572647,0.0846560846560846,17356248000.0,15752748000.0,20.87090909090909,7.924141898370086,43.8843185840708,52.1521875,3.1678344193177463,3.1678344193177463,7.192050404054239,41.05485535574668,39.82995701643489,47.33397836538462,0.0119783953306037,0.0191746511112309,0.007264231871361,0.0014816359047285,-4.1790461297888974,1.11293025204217,164.5,1.9023569023569025,0.0101001091941069,0.8431938431938432,0.2793681230881614,0.0,0.1089151298106633,0.1585335018963337,0.0286262155869059,0.8206806282722513,0.0057526366251198,10.302201465200811,0.0295465943747882,0.008685480333382,-38.39300976800977,2264500000.0,2553200000.0,933400000.0,5864000000.0,1129350000.0,123100000.0,0.0,46.33748801534036,10.527957576230213,0.0,1.9422718808193669,8.548666666666668,0.0,0.0379455730164814,0.1275946275946275,2010-07-29,0.42,bmo,2190400000.0,2025-04-25,2010-06-30,0.0,39.445625,3085069.578125
2010-03-31,ADP,USD,8670,2010-05-06,2010-05-06 16:13:23,2010,Q3,2443200000.0,1330700000.0,1112500000.0,0.4553454486,0,504900000.0,0.0,504900000.0,635400000.0,504900000.0,1835600000.0,158500000.0,1200000.0,77800000.0,529800000.0,0.2168467583,607600000.0,0.2486902423,25400000.0,633000000.0,0.259086444,231400000.0,403600000.0,0.1651931893,0.8,0.8,502400000,505500000,https://www.sec.gov/Archives/edgar/data/8670/000000867010000012/0000008670-10-000012-index.htm,https://www.sec.gov/Archives/edgar/data/8670/000000867010000012/march10q.htm,4.8630573248407645,0.803343949044586,1.2215366242038217,1.1381369426751593,3.9878582802547777,11.819864649681527,5.877587579617835,11.819864649681527,0.0845939490445859,19598624000.0,17674924000.0,12.1398810703667,8.021702685003275,31.93518657324425,34.27531304651976,3.3003762019433167,3.3003762019433167,7.234333660772757,33.36150245375613,28.800593123676062,30.911024833857997,0.0205932824671772,0.0291755176281763,0.0069548523988346,0.0011804654406594,-3.6309928274820686,1.0927474587268402,506.3333333333333,1.5205649157581764,0.0085363135697689,0.4145193260654113,0.2066552062868369,0.0,0.0853307875676695,0.0682744011732116,0.0171496398166339,0.538560411311054,0.0074901768172888,14.616664351317382,0.0532129489613371,0.0126121846953826,-52.14201831210191,2573000000.0,2952900000.0,1267100000.0,6248400000.0,1110200000.0,98800000.0,0.0,41.662573673870334,6.50635004133163,0.0,2.160212201591512,13.832640332640333,0.0,0.0679655793745684,0.0833996815286624,2010-04-27,0.78,bmo,2412273417.0,2025-04-25,2010-03-31,0.0128205128205128,35.74484375,3453786.78125
2009-12-31,ADP,USD,8670,2010-02-09,2010-02-09 16:49:02,2010,Q2,2204400000.0,1231300000.0,973100000.0,0.4414353112,0,520100000.0,0.0,520100000.0,530300000.0,520100000.0,1751400000.0,158900000.0,2500000.0,77400000.0,375600000.0,0.1703864997,453000000.0,0.2054980947,27100000.0,480100000.0,0.2177916893,164300000.0,315800000.0,0.1432589367,0.63,0.62,502000000,506200000,https://www.sec.gov/Archives/edgar/data/8670/000000867010000005/0000008670-10-000005-index.htm,https://www.sec.gov/Archives/edgar/data/8670/000000867010000005/dec10qfy10new.htm,4.391235059760956,0.6290836653386455,0.8549800796812749,0.7133466135458167,3.549203187250996,11.45,5.530677290836653,11.45,0.0882470119521912,18855120000.0,17155820000.0,14.926472450918302,8.553402286336418,43.93084808946878,52.6532253560458,3.280349344978166,3.280349344978166,7.782534930139721,45.67577209797657,39.97162162162162,47.907902820441215,0.016748766382818,0.0189921888590473,0.0072722211590319,0.0014122146431117,-4.524227902023429,1.1048691296735444,181.2,1.3590880303989867,0.0087615459355336,0.5231158961367954,0.2359372164761386,0.0,0.1003922443063762,0.1656570363466915,0.0322536744692433,0.9186046511627908,0.0087098530212302,12.730580477058716,0.0423354984154765,0.0118599637966906,-42.3351593625498,2365900000.0,2776400000.0,1075400000.0,6044800000.0,1041850000.0,98000000.0,0.0,44.47740881872619,7.411678713554779,0.0,2.0234991738571693,12.142998027613412,0.0,0.0549418048330694,0.1416334661354581,2010-02-02,0.57,bmo,2088100000.0,2025-04-25,2009-12-31,0.0526315789473684,37.25063492063492,4453551.444444444
2009-09-30,ADP,USD,8670,2009-11-06,2009-11-06 17:04:43,2010,Q1,2102800000.0,1193300000.0,909500000.0,0.4325185467,0,492700000.0,0.0,492700000.0,514100000.0,492700000.0,1686000000.0,164200000.0,3200000.0,77600000.0,339200000.0,0.1613087312,416800000.0,0.1982119079,30500000.0,447300000.0,0.2127163782,163200000.0,284100000.0,0.1351055735,0.57,0.56,501400000,503700000,https://www.sec.gov/Archives/edgar/data/8670/000000867009000037/0000008670-09-000037-index.htm,https://www.sec.gov/Archives/edgar/data/8670/000000867009000037/sept10q.htm,4.193857199840447,0.5666134822497009,0.4860390905464699,0.3843238930993219,3.229756681292381,11.276426007179897,5.358595931392102,11.276426007179897,0.0905464698843239,17288272000.0,15747672000.0,15.213192537838786,8.22154841164162,70.9407960607304,89.71599377270368,3.057706402546869,3.057706402546869,7.488906220277725,46.42591981132075,64.61908904390644,81.72118318629995,0.016433105633692,0.0111462846026485,0.0074637424831977,0.0017269531553725,-4.54186320754717,1.130382939692731,130.25,0.8577965505103836,0.0095787479512122,0.5828933474128828,0.2343066387673578,0.0,0.1214269052753917,0.20927369716865,0.024253376450447,0.6572164948453608,0.0083222370173102,11.990034931697824,0.0378610291536167,0.0132330953146178,-32.74227163940965,2274400000.0,2686800000.0,936300000.0,5965100000.0,1024850000.0,112450000.0,0.0,42.55611565531672,7.134836168608062,0.0,2.114854671628281,12.61416490486258,0.0,0.0502476123098691,0.1017151974471479,2009-11-04,0.5,bmo,1871517857.0,2025-04-25,2009-09-30,0.1200000000000001,37.20196721311476,3593456.409836065
2009-06-30,ADP,USD,8670,2009-08-28,2009-08-28 11:08:56,2009,Q4,2107700000.0,1196700000.0,911000000.0,0.4322246999,0,577400000.0,0.0,577400000.0,0.0,577400000.0,1774100000.0,-569900000.0,3500000.0,79300000.0,443800000.0,0.2105612753,333600000.0,0.1582767946,27400000.0,361000000.0,0.1712767472,13800000.0,352600000.0,0.1672913603,0.7,0.7,501400000,503700000,https://www.sec.gov/Archives/edgar/data/8670/000120677409001642/0001206774-09-001642-index.htm,https://www.sec.gov/Archives/edgar/data/8670/000120677409001642/adp_10k.htm,4.203629836457917,0.7032309533306741,0.8526126844834464,0.6976465895492621,4.579377742321499,10.615476665337056,4.720781810929398,10.615476665337056,1.548065416832868,15588526000.0,14095926000.0,11.052556721497448,7.395988992740903,36.46438830409357,44.56411092052601,2.928742719723444,2.928742719723444,6.687823694074109,31.76188823794502,32.97292631578947,40.29710120068611,0.0226192008147531,0.022439581522974,0.1451734114906248,0.0304792183561654,-3.363226678684092,1.1038371107307945,95.31428571428572,1.2124220079410095,0.0106167831390857,0.4693703913783323,0.2739479052996157,0.0,0.1165838977267796,0.1817543859649122,0.0368648289604782,0.9798234552332912,0.0049817336433078,12.960149109753765,0.0438417971144548,0.0157438125387902,-33.7882927802154,1947600000.0,2367000000.0,674800000.0,5637700000.0,1049600000.0,114750000.0,0.0,45.06618588983252,9.799448483329156,0.0,1.9970627250331627,9.184190330007675,0.0,0.0662458197121707,0.1549660949341842,2009-07-30,0.45,bmo,2100800000.0,2025-04-25,2009-06-30,0.0,36.85375,3496103.609375
2009-03-31,ADP,USD,8670,2009-05-08,2009-05-08 17:28:46,2009,Q3,2374700000.0,1218600000.0,1156100000.0,0.486840443,0,520400000.0,0.0,520400000.0,519400000.0,520400000.0,1739000000.0,181200000.0,2500000.0,77600000.0,708200000.0,0.2982271445,635700000.0,0.2676969722,-7200000.0,629100000.0,0.2649176738,226600000.0,402500000.0,0.1694950941,0.8,0.8,501200000,502400000,https://www.sec.gov/Archives/edgar/data/8670/000000867009000025/0000008670-09-000025-index.htm,https://www.sec.gov/Archives/edgar/data/8670/000000867009000025/march09_10q.htm,4.738028731045491,0.803072625698324,0.904828411811652,0.7916999201915403,2.78511572226656,9.961093375897844,4.277533918595371,9.961093375897844,0.0909816440542697,15457008000.0,14136708000.0,9.600626086956522,6.509036088769108,34.083810363836825,38.95415322580645,3.096045668502754,3.096045668502754,5.953050069482461,19.961462863597852,31.172454244762957,35.62678427419355,0.0260399684078574,0.0256712036378579,0.0086329494241362,0.0014773225841833,-1.8643038689635696,1.0707422358482728,254.28,1.1261484976409235,0.0107847521331424,0.4141614906832298,0.2191434707542005,0.0,0.0976403970604365,0.1250275633958103,0.0238767002147639,0.7306701030927835,0.0,13.415973008868589,0.0644599107871917,0.0152891839944085,-43.90093774940144,1617500000.0,2143900000.0,300300000.0,5181600000.0,1105050000.0,97800000.0,0.0,39.55952330820735,7.326440177252585,0.0,2.2750526920866068,12.284274193548388,0.0,0.0806209313970956,0.1131284916201117,2009-05-05,0.8,bmo,2368800000.0,2025-04-25,2009-03-31,0.0,32.86671875,4064923.8125
2008-12-31,ADP,USD,8670,2009-02-09,2009-02-09 11:28:25,2009,Q2,2203300000.0,1007100000.0,1196200000.0,0.5429129034,123100000,573100000.0,0.0,573100000.0,57300000.0,753500000.0,1760600000.0,190600000.0,8100000.0,59600000.0,383100000.0,0.1738755503,442700000.0,0.2009258839,30500000.0,473200000.0,0.214768756,172800000.0,300500000.0,0.1363863296,0.6,0.59,503400000,506100000,https://www.sec.gov/Archives/edgar/data/8670/000000867009000012/0000008670-09-000012-index.htm,https://www.sec.gov/Archives/edgar/data/8670/000000867009000012/dec0810q.htm,4.37683750496623,0.5969408025427095,0.5629717918156536,0.4477552642034167,2.7246722288438616,9.61005164878824,3.9386174016686537,9.61005164878824,0.1177989670242352,17372334000.0,16118634000.0,14.45285690515807,7.8846884219125855,61.29969654199011,77.07335403726708,3.591031688612357,3.591031688612357,7.315678300730722,42.07422083007048,56.87591390261115,71.51124223602484,0.0172976181553958,0.0129746526862769,0.0105835417657151,0.0015347261772728,-3.2725137039937358,1.0525128913308557,54.65432098765432,0.9434087882822902,0.0085365616387527,0.4935108153078203,0.2601098352471293,0.0558707393455271,0.085578969455352,0.2046577275935074,0.0263241501384287,0.9731543624161074,0.0,11.36108351933706,0.0458208799836357,0.0098505212089425,-52.19899682161303,1429800000.0,1982700000.0,134100000.0,5005800000.0,1079950000.0,100100000.0,0.0,47.64081151000772,8.614834673815906,0.0,1.889136585784104,10.447095435684648,0.0,0.0621162949335428,0.1152165276122367,2009-02-03,0.56,bmo,2076176271.0,2025-04-25,2008-12-31,0.0535714285714284,31.77031746031746,4404285.396825396
2008-09-30,ADP,USD,8670,2008-11-07,2008-11-07 17:31:06,2009,Q1,2181500000.0,1046900000.0,1134600000.0,0.520100848,130400000,526700000.0,0.0,526700000.0,59400000.0,716500000.0,1763400000.0,197900000.0,19200000.0,91600000.0,326500000.0,0.1496676599,418100000.0,0.1916571167,23200000.0,441300000.0,0.2022920009,163300000.0,276900000.0,0.1269310108,0.55,0.54,507500000,513500000,https://www.sec.gov/Archives/edgar/data/8670/000000867008000073/0000008670-08-000073-index.htm,https://www.sec.gov/Archives/edgar/data/8670/000000867008000073/sept09q.htm,4.298522167487684,0.5456157635467981,0.7846305418719212,0.663448275862069,5.75192118226601,9.578916256157637,3.719014778325123,9.578916256157637,2.800591133004926,19031250000.0,19036950000.0,17.182421451787647,8.723928489571396,47.79319437468609,56.522869022869024,3.914847880196655,3.914847880196655,8.726541370616548,58.306125574272585,47.80750878955299,56.53979803979804,0.0145497536945812,0.0176919540229885,0.2884207927920515,0.0579933738403186,0.0174578866768759,0.2538715957611557,21.776041666666668,1.4380642831347057,0.007823973727422,0.5377392560491152,0.2414393765757506,0.0597753839101535,0.1230058444217414,0.1544450025113008,0.0281916112766445,0.6713973799126638,0.012789365115746,10.844084719731832,-0.0358083855217913,0.013059472716125,-30.84,-13490300000.0,1887400000.0,-14725500000.0,-9785600000.0,1014099999.5,115350000.0,0.0,40.9919779967912,8.923488394307002,0.0,2.1955515297906603,10.085741811175335,0.0,0.0569600724086149,0.1211822660098522,2008-11-03,0.5,bmo,2019814814.0,2025-04-25,2008-09-30,0.08,32.22540983606557,6491074.786885246
2008-06-30,ADP,USD,8670,2008-08-29,2008-08-29 11:43:36,2008,Q4,2207200000.0,994100000.0,1213100000.0,0.5496103661,140800000,697000000.0,0.0,697000000.0,60600000.0,898400000.0,1892500000.0,0.0,12500000.0,86100000.0,400800000.0,0.1815875317,314700000.0,0.1425788329,39800000.0,354500000.0,0.1606107285,128500000.0,233500000.0,0.1057901414,0.46,0.45,507500000,513500000,https://www.sec.gov/Archives/edgar/data/8670/000120677408001519/0001206774-08-001519-index.htm,https://www.sec.gov/Archives/edgar/data/8670/000120677408001519/adp_10k.htm,4.349162561576355,0.4600985221674877,0.962167487684729,0.7988177339901478,3.120788177339901,10.024039408866996,3.9869950738916256,10.024039408866996,0.1272906403940886,18655700000.0,17790300000.0,19.97398286937901,8.452201884740848,38.20540651238992,46.01800690675876,3.667184305708445,3.667184305708445,8.06012142080464,44.38697604790419,36.433135367601885,43.88332511100148,0.0125162818870372,0.0217306238843892,0.0102413901556848,0.00219512606175,-2.159181636726547,1.084611569866679,25.176,2.091220556745182,0.0079064307423468,0.6316916488222698,0.3157847046031171,0.0637912287060529,0.1290868949710125,0.16977268072906,0.0375588981515041,0.9628339140534262,-0.0303098948894527,10.186806597692335,0.0313832433843504,0.0112962371677648,-32.09349753842365,1467300000.0,2023400000.0,161700000.0,5274000000.0,1106849999.5,113150000.0,0.0,42.18648056814063,11.488783824564932,0.0,2.1333848851086263,7.833727344365642,0.0,0.0458995125019657,0.1633497536945812,2008-07-31,0.41,bmo,2154647619.0,2025-04-25,2008-06-30,0.024390243902439,31.8903125,5377022.75
2008-03-31,ADP,USD,8670,2008-05-09,2008-05-09 14:46:07,2008,Q3,2427200000.0,1033500000.0,1393700000.0,0.5742007251,132000000,585300000.0,0.0,585300000.0,58900000.0,776200000.0,1809700000.0,223500000.0,7900000.0,90100000.0,527400000.0,0.2172874094,617500000.0,0.2544083718,18000000.0,635500000.0,0.2618243243,231900000.0,413600000.0,0.1704021094,0.8,0.79,519800000,523200000,https://www.sec.gov/Archives/edgar/data/8670/000000867008000043/0000008670-08-000043-index.htm,https://www.sec.gov/Archives/edgar/data/8670/000000867008000043/march08q.htm,4.669488264717199,0.7956906502500962,1.3208926510196228,1.2106579453636015,3.224894190073105,10.578684109272798,4.653520584840323,10.578684109272798,0.116198537899192,19331362000.0,17739162000.0,11.684817456479689,7.964470171390903,28.1552024468395,30.718833624662324,3.515560122208482,3.515560122208482,7.308487969676994,33.635119453924915,25.8362394407224,28.18872080088988,0.0213952850295804,0.0325533193160419,0.009547537644577,0.0016018062272123,-3.0189609404626467,1.075676260884359,78.16455696202532,1.6596567561034563,0.0078163142359032,0.3653288201160541,0.2411420566908372,0.0543836519446275,0.0939695809369803,0.0834547043402272,0.0236074489123269,0.6359600443951166,0.0,13.76192576815457,0.0567315768601462,0.0139279893317528,-47.54920161600616,1957200000.0,2418900000.0,543300000.0,5769700000.0,1124450000.0,97700000.0,0.0,43.720748187211605,8.656023222060957,0.0,2.0585192095666187,10.39738430583501,0.0,0.075216410853277,0.1102347056560215,2008-05-01,0.75,bmo,2364253246.0,2025-04-25,2008-03-31,0.0266666666666666,38.1359375,3068689.4375
2007-12-31,ADP,USD,8670,2008-02-11,2008-02-11 12:52:56,2008,Q2,2150100000.0,979800000.0,1170300000.0,0.5443002651,128800000,554500000.0,0.0,554500000.0,59600000.0,742900000.0,1722700000.0,0.0,30700000.0,102200000.0,511600000.0,0.2379424213,427400000.0,0.198781452,149000000.0,440600000.0,0.2049207014,149000000.0,291200000.0,0.1354355611,0.56,0.55,523100000,530400000,https://www.sec.gov/Archives/edgar/data/8670/000000867008000012/0000008670-08-000012-index.htm,https://www.sec.gov/Archives/edgar/data/8670/000000867008000012/decem0810q.htm,4.11030395717836,0.556681322882814,0.6413687631428026,0.4916841904033646,2.56413687631428,9.897916268399923,3.9820302045497993,9.897916268399923,0.1288472567386732,20432286000.0,19148486000.0,17.541454326923077,9.502946839681876,60.90100149031296,79.44123639191291,3.946285151421508,3.946285151421508,8.905858332170597,37.4286278342455,57.0744739195231,74.4497900466563,0.0142519539908554,0.0125879209012638,0.0070882262051915,0.0013323313620637,-2.5093823299452698,1.7634776655827489,13.921824104234528,1.1525249055307454,0.0060198844123462,0.4223901098901099,0.2578949816287614,0.0599041905027673,0.1123442134344017,0.2333830104321907,0.0364169108413562,0.7661448140900196,0.0,11.134391103545555,0.0109667780483746,0.0119094846448626,-38.66268399923533,1338300000.0,2083000000.0,-19276900000.0,5163900000.0,1013800000.0,93700000.0,0.0,44.78024277940561,8.81812614819351,0.0,2.0098149186763883,10.20625,0.0,0.0562422744128553,0.1496845727394379,2008-02-01,0.53,bmo,2071914545.0,2025-04-25,2007-12-31,0.0377358490566038,37.825,2574657.96875
2007-09-30,ADP,USD,8670,2007-11-09,2007-11-09 14:58:50,2008,Q1,1992000000.0,908300000.0,1083700000.0,0.5440261044,124400000,533600000.0,0.0,533600000.0,59400000.0,717400000.0,1625700000.0,0.0,29400000.0,83400000.0,449700000.0,0.225753012,366300000.0,0.1838855422,141100000.0,381500000.0,0.1915160643,141100000.0,297400000.0,0.1492971888,0.56,0.55,529300000,536200000,https://www.sec.gov/Archives/edgar/data/8670/000000867007000251/0000008670-07-000251-index.htm,https://www.sec.gov/Archives/edgar/data/8670/000000867007000251/sept10q.htm,3.7634611751369738,0.5618741734366144,0.5223880597014925,0.4107311543548082,2.975628188173059,9.442471188361989,3.6552049877196295,9.442471188361989,0.7912337048932553,21738351000.0,20699151000.0,18.27366425689307,10.912826807228916,78.6197142857143,99.99241490340388,4.349496988735269,4.349496988735269,10.391140060240964,46.02879919946631,74.86130560578661,95.21228610855566,0.0136808905146485,0.0100007585671976,0.0779127233438044,0.0151498056669766,-2.310873915943963,1.5720851846177415,12.459183673469388,0.929724277067922,0.0058560099613811,0.4280430396772024,0.2678714859437751,0.0624497991967871,0.1191753588060677,0.2137432188065099,0.0296686746987951,0.7086330935251799,0.014508032128514,10.92580960929663,0.0095812066966666,0.0131359843816944,-34.785660306064614,1120200000.0,1934700000.0,-17627100000.0,4905600000.0,999850000.0,108650000.0,0.0,43.27409638554217,9.05647913684906,0.0,2.0797661307162247,9.937636761487964,0.0,0.0595049920966806,0.1116569053466843,2007-10-30,0.43,bmo,1903466666.0,2025-04-25,2007-09-30,0.0465116279069767,35.279836065573775,3834712.278688525
2007-06-30,ADP,USD,8670,2007-08-29,2007-08-29 16:35:15,2007,Q4,1945700000.0,855500000.0,1090200000.0,0.5603124839,130400000,635700000.0,0.0,635700000.0,53100000.0,819200000.0,1674700000.0,0.0,87900000.0,83600000.0,354600000.0,0.1822480341,271000000.0,0.1392814925,16400000.0,287400000.0,0.1477103356,106600000.0,194700000.0,0.100066814,0.37,0.36,529300000,536200000,https://www.sec.gov/Archives/edgar/data/8670/000120677407002085/0001206774-07-002085-index.htm,https://www.sec.gov/Archives/edgar/data/8670/000120677407002085/adp_10-k.htm,3.675987152843378,0.3678443226903457,0.3514075193651993,0.234649537124504,3.431891177026261,9.725864349140377,3.979406763650104,9.725864349140377,0.2482524088418666,22505836000.0,20803236000.0,28.89809450436569,11.566960990903016,120.9991182795699,181.20640901771336,4.371847937994134,4.371847937994134,10.691903171095236,58.666768189509305,111.84535483870968,167.49787439613527,0.0086510894329808,0.0055185686059384,0.008450047592222,0.0016323375448892,-4.80146644106035,1.8786017422381056,3.083048919226393,0.9553158705701078,0.0056563106564892,0.6538263995891115,0.3267204605026468,0.0670195816415685,0.1141360431387411,0.332258064516129,0.0317623477411728,0.7392344497607656,-0.0519607339260934,8.971961304083614,0.0068582454246909,0.0082474488823372,-35.71334781787266,1573400000.0,2106300000.0,-18136800000.0,5338800000.0,978450000.0,115900000.0,0.0,48.19396618183687,13.24488603156049,0.0,1.8674536903733563,6.795075456711676,0.0,0.0378212474989801,0.1167579822406952,2007-07-31,0.36,bmo,2056937142.0,2025-04-25,2007-06-30,-0.0277777777777778,40.8834375,2464055.078125
2007-03-31,ADP,USD,8670,2007-05-09,2007-05-09 17:01:09,2007,Q3,2189300000.0,899400000.0,1289900000.0,0.5891837574,122200000,554100000.0,0.0,554100000.0,54000000.0,730300000.0,1629700000.0,0.0,7000000.0,56000000.0,649600000.0,0.2967158452,559600000.0,0.255606815,213500000.0,577800000.0,0.2639199744,213500000.0,388900000.0,0.1776366875,0.7,0.7,552100000,558700000,https://www.sec.gov/Archives/edgar/data/8670/000115752307004891/0001157523-07-004891-index.htm,https://www.sec.gov/Archives/edgar/data/8670/000115752307004891/a5398369.htm,3.96540481796776,0.704401376562217,1.113204129686651,0.9862343778301031,4.856547726861076,10.847129143271149,5.350842238724868,10.847129143271149,0.0916500633943126,21057094000.0,18627194000.0,13.53631653381332,9.61818572146348,34.26146111291897,38.672348943985305,3.516137726050729,3.516137726050729,8.508287580505185,28.67486761083744,30.307832736739343,34.20972268135905,0.0184688352533355,0.0258582689520215,0.0072803780453186,0.0013243061820192,-3.74060960591133,2.297853056137767,79.94285714285714,1.5803548470043711,0.0059884806516986,0.3242478786320391,0.2530945964463527,0.0558169277851368,0.0921698878288364,0.1140579238529124,0.0320193669209336,1.2517857142857145,0.0,13.111692711318303,0.0113238821779112,0.0130117369949545,-42.685473646078606,2291100000.0,2954200000.0,-22877800000.0,6035700000.0,1559850000.0,138850000.0,0.0,37.61476270954186,10.597064709806537,0.0,2.3926775956284154,8.492917847025495,0.0,0.0649389683904687,0.1269697518565477,2007-05-01,0.63,bmo,2104296923.0,2025-04-25,2007-03-31,0.0317460317460317,41.17365079365079,3179742.9206349207
2006-12-31,ADP,USD,8670,2007-02-09,2007-02-09 13:25:44,2007,Q2,2316100000.0,1110400000.0,1205700000.0,0.5205733777,145100000,564300000.0,0.0,564300000.0,62200000.0,771600000.0,1882000000.0,0.0,0.0,96700000.0,457100000.0,0.197357627,434100000.0,0.1874271405,170700000.0,453700000.0,0.1958896421,170700000.0,297700000.0,0.1285350373,0.54,0.54,548500000,555300000,https://www.sec.gov/Archives/edgar/data/8670/000000867007000103/0000008670-07-000103-index.htm,https://www.sec.gov/Archives/edgar/data/8670/000000867007000103/decq07v3.htm,4.22260711030082,0.5427529626253419,0.6018231540565178,0.3660893345487693,2.815132178669097,10.768459434822242,4.402552415679125,10.768459434822242,40.128896991795806,21287285000.0,42003285000.0,17.876457003694995,9.191004274426838,64.4873826113299,106.01237549800796,3.604043849995768,3.604043849995768,18.135350373472647,91.89080070006564,127.24412299303242,209.1797061752988,0.013984874069192,0.009432860977809,3.726521628714128,0.6962723252415207,45.3204987967622,1.6821869488536154,0.0,1.1092069892473118,0.0048338714871342,0.3456499832045683,0.2436423297785069,0.0626484175985492,0.1104541917361018,0.3916994850045441,0.0558266050688657,1.3371251292657704,0.0,11.467510557052616,0.0093175422546039,0.0105865827421276,-41.035688240656334,1740600000.0,2414800000.0,-21413600000.0,6012900000.0,1691800000.0,169200000.0,0.0,85.67117136565778,13.92471181556196,0.0,1.050528416564612,6.463329452852154,0.0,0.0504020993820367,0.2357338195077484,2007-02-06,0.51,bmo,1874300000.0,2025-04-25,2006-12-31,0.0,41.48095238095238,3003185.936507937
2006-09-30,ADP,USD,8670,2006-11-09,2006-11-09 14:05:56,2007,Q1,2217600000.0,1111900000.0,1105700000.0,0.4986020924,137600000,528400000.0,0.0,528400000.0,81800000.0,747800000.0,1859700000.0,0.0,0.0,93000000.0,373900000.0,0.1686056999,357900000.0,0.1613906926,155200000.0,412700000.0,0.1861020924,155200000.0,257500000.0,0.1161165224,0.46,0.46,554200000,559500000,https://www.sec.gov/Archives/edgar/data/8670/000000867006000268/0000008670-06-000268-index.htm,https://www.sec.gov/Archives/edgar/data/8670/000000867006000268/septq07.htm,4.001443522194154,0.4646337062432334,0.3018765788523999,0.1907253699025622,3.3740526885600866,10.551966798989534,4.97221219776254,10.551966798989534,30.086611331649223,20671660000.0,35944460000.0,20.06957281553398,9.321636002886002,123.56043036461443,195.56915799432355,3.534886027462849,3.534886027462849,16.20872113997114,96.133886065793,214.8503287507472,340.06111636707664,0.0124566677277006,0.0051132806944386,2.8512799466475145,0.6361863918532734,40.8472853704199,1.7746898071199413,0.0,0.6497087378640777,0.0050794179083827,0.4077669902912621,0.2382756132756132,0.062049062049062,0.1179848374431976,0.3682008368200837,0.0277777777777777,0.6623655913978495,0.0173611111111111,10.502998973832486,0.0094533148075029,0.0111389886230912,-31.770705521472397,2004200000.0,2755600000.0,-15770100000.0,5870000000.0,1190650000.0,145900000.0,0.0,47.844967532467535,13.485025631801422,0.0,1.8810755789295104,6.67406962785114,0.0,0.0440329006993963,0.1111512089498376,2006-10-31,0.43,bmo,1754800000.0,2025-04-25,2006-09-30,0.0,38.61409836065574,3314888.918032787
2006-06-30,ADP,USD,8670,2006-08-30,2006-08-30 15:13:49,2006,Q4,2473800000.0,1253200000.0,1220600000.0,0.4934109467,155300000,602600000.0,0.0,602600000.0,75100000.0,833000000.0,2086200000.0,0.0,0.0,89700000.0,477300000.0,0.1929420325,387600000.0,0.1566820276,37000000.0,424600000.0,0.1716387744,171500000.0,703700000.0,0.2844611529,1.27,1.26,554200000,559500000,https://www.sec.gov/Archives/edgar/data/8670/000120677406001911/0001206774-06-001911-index.htm,https://www.sec.gov/Archives/edgar/data/8670/000120677406001911/adp_10k1.htm,4.463731504871888,1.2697582100324794,0.61060988812703,0.4188018765788524,4.093287621797185,10.847347527968244,5.282208588957055,10.847347527968244,0.1340671237820281,19807108000.0,17980808000.0,7.036772772488276,8.006753981728515,58.53164302600473,85.33868160275743,3.2948146915962475,3.2948146915962475,7.268497049074298,37.67192122354913,53.13477541371159,77.47009047824214,0.0355276499729289,0.0117180155729953,0.0123594384190564,0.0027027911866453,-3.8263146867798032,1.8359625101245804,0.0,0.4808867415091658,0.0054021011043106,0.1520534318601676,0.2435928531004931,0.0627779125232435,0.1121931167947734,0.3141252955082742,0.0429703290484275,1.185061315496098,0.0,17.604088816693892,0.009279870741194,0.0288331919740718,-33.035366293756766,2167400000.0,2927400000.0,-16718400000.0,6034000000.0,1221950000.0,149850000.0,0.0,43.74484598593257,8.991382061921481,0.0,2.0573852295409183,10.00958466453674,0.0,0.1170570230886951,0.1918080115481775,2006-08-02,0.46,bmo,1845854545.0,2025-04-25,2006-06-30,-0.0434782608695652,38.10603174603175,2285723.761904762
2006-03-31,ADP,USD,8670,2006-05-10,2006-05-10 16:24:10,2006,Q3,2438600000.0,1148500000.0,1290100000.0,0.5290330518,146600000,517300000.0,0.0,517300000.0,70900000.0,734800000.0,1883300000.0,0.0,0.0,72600000.0,543000000.0,0.2226687444,555300000.0,0.227712622,215900000.0,571400000.0,0.2343147708,215900000.0,370600000.0,0.1519724432,0.64,0.64,577500000,582800000,https://www.sec.gov/Archives/edgar/data/8670/000000867006000104/0000008670-06-000104-index.htm,https://www.sec.gov/Archives/edgar/data/8670/000000867006000104/march10q.htm,4.222683982683983,0.6417316017316017,0.9937662337662336,0.7357575757575757,2.8065800865800865,10.465454545454543,5.10995670995671,10.465454545454543,0.1286580086580086,20790000000.0,19650200000.0,14.024554776038856,8.525383416714508,36.22582331416624,48.92915980230642,3.4398888116747743,3.4398888116747743,8.057984089231526,36.18821362799263,34.23976302491723,46.24664626971052,0.0178258778258778,0.0204377104377104,0.0122935901254177,0.0022761248897166,-2.0990791896869245,1.7450163228450373,0.0,1.5485698866702644,0.0040755555555555,0.2286314085267134,0.2121299106044451,0.0601164602640859,0.0947456131751789,0.2596271127374107,0.0611006315098827,2.052341597796143,0.0,12.29269256252819,0.0116074992663683,0.0125412853971519,-41.64064935064935,2145200000.0,2951000000.0,-21574800000.0,5980800000.0,1231150000.0,178750000.0,0.0,45.81932256212581,13.67435785807575,0.0,1.9642368103101089,6.581661891117479,0.0,0.0613190376915185,0.258008658008658,2006-04-28,0.62,bmo,1905636065.0,2025-04-25,2006-03-31,-0.0161290322580645,36.1263492063492,2188793.603174603
2005-12-31,ADP,USD,8670,2006-02-07,2006-02-06 17:37:44,2006,Q2,2153200000.0,992200000.0,1161000000.0,0.5391974735,163700000,489000000.0,0.0,489000000.0,79400000.0,732100000.0,1724300000.0,0.0,0.0,99800000.0,489700000.0,0.227428943,428900000.0,0.1991919004,165300000.0,438400000.0,0.2036039383,165300000.0,259700000.0,0.1206111834,0.45,0.45,576200000,582300000,https://www.sec.gov/Archives/edgar/data/8670/000000867006000083/0000008670-06-000083-index.htm,https://www.sec.gov/Archives/edgar/data/8670/000000867006000083/dec10q.htm,3.736896910794863,0.4507115584866366,0.8649774383894481,0.6987157237070462,2.726657410621312,10.162964248524816,4.292259632072197,10.162964248524816,0.1291218326969802,20841154000.0,19853354000.0,20.062720446669235,9.679153817573845,41.81611958266453,51.766403378042725,3.5590010075308665,3.5590010075308665,9.220394761285528,40.541870532979374,39.834177367576245,49.31285146547442,0.0124609222694674,0.0193175483468909,0.0127051349920592,0.0025098504884762,-2.01715335919951,1.5845521187198284,0.0,1.9191374663072776,0.0040564003317666,0.3255297035040431,0.227103845439346,0.0760263793423741,0.1141138608517299,0.192215088282504,0.0444919190042727,0.9599198396793588,0.0,10.151981222607402,0.0099521357461895,0.0098893775823004,-36.96737244012496,1634700000.0,2473200000.0,-19356100000.0,5779300000.0,1645500000.0,190650000.0,0.0,51.02730819245774,16.599475912114492,0.0,1.7637614678899085,5.421857923497268,0.0,0.0443484349117983,0.1662617146824019,2006-01-25,0.45,bmo,2201048888.0,2025-04-25,2005-12-31,-0.0222222222222222,35.56492063492064,2935258.698412698
2005-09-30,ADP,USD,8670,2005-11-07,2005-11-07 17:01:27,2006,Q1,2046200000.0,973500000.0,1072700000.0,0.5242400547,159800000,485500000.0,0.0,485500000.0,77600000.0,722900000.0,1696400000.0,0.0,0.0,101900000.0,431600000.0,0.2109275731,349800000.0,0.1709510312,3300000.0,353100000.0,0.1725637768,133100000.0,220000000.0,0.1075163718,0.38,0.38,577300000,582800000,https://www.sec.gov/Archives/edgar/data/8670/000000867005000244/0000008670-05-000244-index.htm,https://www.sec.gov/Archives/edgar/data/8670/000000867005000244/oct10q.txt,3.544430971765113,0.3810843582192967,0.6959986142386974,0.5922397367053525,2.664818984929846,9.92326346786766,4.514290663433224,9.92326346786766,0.1318205439113113,19582016000.0,18599416000.0,22.252290909090917,9.569942332127846,48.73572921851668,57.27410353904651,3.4182303140328525,3.4182303140328525,9.08973511875672,43.09410565338276,46.29023394723743,54.40016379058204,0.0112347982965594,0.017459897898153,0.0132839911323686,0.0030652853414107,-2.2766450417052826,1.6717083958613064,0.0,1.8263636363636364,0.0046471211135768,0.4136363636363636,0.2372690841559964,0.0780959827973805,0.1257773982534721,0.149079143852663,0.0292737757794936,0.5878312070657508,0.0,9.224207880739687,0.0097758127779263,0.0101364737972152,-27.72674519314048,1700900000.0,2606100000.0,-14864600000.0,5552300000.0,2121300000.0,195500000.0,0.0,91.05561528687322,18.332819722650232,0.0,0.988406917206067,4.909228441754917,0.0,0.0384031281093441,0.1037588775333448,2005-10-26,0.35,bmo,2046200000.0,2025-04-25,2005-09-30,0.0,36.08370967741936,2774590.209677419
2005-06-30,ADP,USD,8670,2005-06-30,2005-06-29 20:00:00,2005,Q4,2302471000.0,1118688000.0,1183783000.0,0.5141359001,170944000,532693000.0,0.0,532693000.0,76061000.0,779698000.0,1898386000.0,0.0,0.0,102640000.0,506725000.0,0.2200787762,404085000.0,0.1755005818,7305000.0,411390000.0,0.1786732602,152625000.0,258765000.0,0.1123857803,0.45,0.44,577300000,582800000,,,3.9883440152433742,0.448233154339165,0.6686887233673999,0.5592014550493678,2.8948553611640397,10.01870777758531,4.573878399445696,10.01870777758531,0.1313008834228304,19091311000.0,18191711000.0,18.44464185651073,8.291661871094142,49.45499878249066,59.1379004853993,3.3008248902105883,3.3008248902105883,7.900951195476512,35.90055947506044,47.12463409958709,56.35126863614258,0.0135540717973742,0.0169096297263189,0.0131055707320446,0.0027448452674956,-1.7753219201736643,1.5857107151783485,0.0,1.4918323575444905,0.0047312099205759,0.349061890131973,0.231357094182728,0.0742437146873945,0.1138241705714927,0.1637342824725283,0.0274518115537611,0.6158125487139516,0.0,10.051921819476178,0.0102427247860243,0.0105738780080172,-32.0996015936255,1640400000.0,2640500000.0,-17390500000.0,5468500000.0,2269978000.0,185111500.0,0.0,84.91572749450481,15.50298206470437,0.0,1.0598743325354447,5.805334717176959,0.0,0.0447396175524741,0.1094872683180322,2005-07-26,0.44,bmo,2302471000.0,2025-04-25,2005-06-30,0.0,36.06047619047619,2391072.015873016
2005-03-31,ADP,USD,8670,2005-05-06,2005-05-06 17:10:20,2005,Q3,2348963000.0,1068073000.0,1280890000.0,0.5453002027,154362000,512886000.0,0.0,512886000.0,77757000.0,745005000.0,1813078000.0,0.0,0.0,106084000.0,589824000.0,0.2510997406,535885000.0,0.2281368417,2065000.0,537950000.0,0.229015953,199579000.0,338371000.0,0.144051226,0.58,0.57,584000000,590500000,https://www.sec.gov/Archives/edgar/data/8670/000000867005000118/0000008670-05-000118-index.htm,https://www.sec.gov/Archives/edgar/data/8670/000000867005000118/marchq.txt,4.022196917808219,0.579402397260274,0.6087619863013699,0.5284109589041096,2.674684931506849,9.87952397260274,4.462087328767123,9.87952397260274,0.1300291095890411,20685280000.0,19692026000.0,15.282988199343324,8.8061327487917,58.18365929055432,67.03116088557059,3.5851929807776632,3.5851929807776632,8.3832848793276,33.38627454969618,55.389829459632026,63.812496759475295,0.0163580575172296,0.0149184347516688,0.0131614751833822,0.0023170790761476,-1.683983696831597,1.6299522524422925,0.0,1.0506721911747756,0.0043741249816294,0.2673988019067828,0.2183457125548593,0.0657149559188459,0.0965370687645248,0.131990875260536,0.0199769004450048,0.4423381471286904,0.0,11.348786153334569,0.0112288313777896,0.0114279995936363,-40.52294863013699,1735063000.0,2605859000.0,-22513745000.0,5557049000.0,2211514500.0,161798000.0,0.0,90.71238670000336,14.958780907297534,0.0,0.9921467538677016,6.016533068954446,0.0,0.058646792989929,0.0803510273972602,2005-04-21,0.57,bmo,2348963000.0,2025-04-25,2005-03-31,0.0,33.9859375,2137622.421875
2004-12-31,ADP,USD,8670,2005-02-08,2005-02-08 17:12:39,2005,Q2,1993584000.0,915719000.0,1077865000.0,0.5406669596,150070000,465363000.0,0.0,465363000.0,76161000.0,691594000.0,1607313000.0,0.0,0.0,107734000.0,494005000.0,0.2477974342,386271000.0,0.1937570727,11349000.0,397620000.0,0.1994498351,147517000.0,250103000.0,0.1254539563,0.43,0.42,583200000,591100000,https://www.sec.gov/Archives/edgar/data/8670/000000867005000098/0000008670-05-000098-index.htm,https://www.sec.gov/Archives/edgar/data/8670/000000867005000098/decemberq.txt,3.4183539094650204,0.4288460219478738,0.729818244170096,0.6552606310013718,2.668846021947874,9.699113511659808,4.294408436213992,9.699113511659808,0.1301886145404664,20382840000.0,19327649000.0,20.37444572835992,10.224219295499964,47.88863566947819,53.33755508337084,3.603422102234889,3.603422102234889,9.694925822037096,39.12439955061184,45.40950825834645,50.57634476694893,0.0122702724448604,0.0187485159084798,0.0134227333646482,0.002693425775715,-2.1359925506826856,1.612631121570075,0.0,1.701818850633539,0.0040040053299736,0.3263175571664474,0.2334303445453013,0.0752764869702004,0.1118160141094275,0.1021591523153913,0.0218109695904461,0.4036051757105463,0.0,9.674042098971045,0.0094949766156571,0.0099891941461068,-33.324383144718794,1593233000.0,2504499000.0,-18338983000.0,5395315000.0,1520882500.0,137293500.0,0.0,92.7939680495028,14.356554794647703,0.0,0.9698906285803804,6.268913488461249,0.0,0.0442149709282539,0.0745576131687242,2005-01-21,0.42,bmo,1993584000.0,2025-04-25,2004-12-31,0.0,34.4203125,2241592.109375
2004-09-30,ADP,USD,8670,2004-11-04,2004-11-04 17:02:30,2005,Q1,1854682000.0,867020000.0,987662000.0,0.5325236348,148724000,446158000.0,0.0,446158000.0,74421000.0,669303000.0,1536323000.0,0.0,0.0,107942000.0,426301000.0,0.2298512629,318359000.0,0.1716515284,12581000.0,330940000.0,0.1784349015,122779000.0,208161000.0,0.1122354129,0.36,0.35,583551000,589952000,https://www.sec.gov/Archives/edgar/data/8670/000000867004000192/0000008670-04-000192-index.htm,https://www.sec.gov/Archives/edgar/data/8670/000000867004000192/september.txt,3.178268908801458,0.3567143231696972,0.4562051988600825,0.3833992230327769,2.462269793042939,9.276882397596784,4.242235897119532,9.276882397596784,0.1311076495456266,19000420560.0,17973403560.0,22.81938086385058,10.244570530150185,71.37139182402458,84.9245330818431,3.509799801756117,3.509799801756117,9.690827624358246,42.161298143799804,67.51360180903693,80.33416420465466,0.0109555996059489,0.0117751604125545,0.0141327273459444,0.0032163140623818,-2.4091357984147352,1.824491108978495,0.0,1.2789091136187856,0.0043410618064761,0.396241370861977,0.2405576805080332,0.0801884096572889,0.1235092261567199,0.1595904124048246,0.0229074310313034,0.3936002668099534,0.0,8.628842829466263,0.0090496962443935,0.0099839780368886,-27.7565542686072,1368600000.0,2475561000.0,-15345411000.0,4951777000.0,1022115000.0,151844500.0,0.0,47.86064673081424,13.340245899748563,0.0,1.88045933658592,6.746502326594768,0.0,0.0384519613250789,0.0728059758273055,2004-10-25,0.33,bmo,1742277030.0,2025-04-25,2004-09-30,0.0606060606060604,34.20475409836066,2700883.9836065574
2004-06-30,ADP,USD,8670,2004-06-30,2004-06-29 20:00:00,2004,Q4,2085830000.0,976499000.0,1109331000.0,0.5318415211,171462000,529775000.0,0.0,529775000.0,81252000.0,782489000.0,1758988000.0,0.0,0.0,81252000.0,408094000.0,0.1956506523,326842000.0,0.1566963751,11638000.0,338480000.0,0.1622759285,126590000.0,211890000.0,0.10158546,0.36,0.36,583551000,589952000,,,3.5743748189961115,0.3631045101456428,0.445494909613727,0.3100191757018666,1.9348351729326143,9.28397003860845,4.259867603688452,9.28397003860845,0.1305798464915663,19257183000.0,18620385000.0,22.720731275661898,9.232383751312428,74.07492047128696,106.44502852215442,3.55451384082087,3.55451384082087,8.927086579443195,45.62768626835974,71.62540533679015,102.92509617935792,0.0110031669741103,0.0093945204758141,0.0140650870208041,0.0036078590533517,-1.5604199032575827,1.5616102246972443,0.0,1.226905469819246,0.0043177654800289,0.3924111567322667,0.2539876212347123,0.0822032476280425,0.1388135607585007,0.3041016428881905,0.0379019383171207,0.0,0.0,8.709113407471754,0.0105727125062764,0.0116495156701077,-23.61466349984834,993165000.0,2485850000.0,-12941300000.0,4567338000.0,1072083500.0,170088000.0,0.0,45.648216777014426,16.145177824042833,0.0,1.9715994699122257,5.574419865848437,0.0,0.0391109093023384,0.1354757339118603,2004-07-27,0.35,bmo,2026234857.0,2025-04-25,2004-06-30,0.0285714285714286,34.65828125,1970865.140625
2004-03-31,ADP,USD,8670,2004-05-10,2004-05-10 16:47:14,2004,Q3,2121435000.0,944373000.0,1177062000.0,0.5548423591,144824000,487410000.0,0.0,487410000.0,77185000.0,709419000.0,1653792000.0,0.0,0.0,77185000.0,544828000.0,0.2568205012,467643000.0,0.2204371098,11997000.0,479640000.0,0.2260922442,179390000.0,300250000.0,0.1415315576,0.51,0.5,591210000,599479000,https://www.sec.gov/Archives/edgar/data/8670/000000867004000085/0000008670-04-000085-index.htm,https://www.sec.gov/Archives/edgar/data/8670/000000867004000085/march10q.txt,3.588293499771655,0.5078567683225926,0.9732988278276754,0.8937822431961571,2.0734730468023206,9.513874934456451,4.622205307758664,9.513874934456451,0.1387814820452969,19569051000.0,18795172000.0,16.293964196502916,9.224440531998388,34.00805492992993,37.03362899852956,3.479129190580544,3.479129190580544,8.85965018961222,34.49744139434831,32.663170114559,35.56909462863329,0.0153431047831598,0.0270024846887056,0.0145872720633178,0.003227038261341,-1.4204097439925996,1.552515186792485,0.0,1.916482930890924,0.0042134899643319,0.2746178184845961,0.2297548593287091,0.0682669985175129,0.1137443181507559,0.0816980174619063,0.0221600001885516,0.0,0.0,10.426549286070792,0.012405078058599,0.013324619187709,-30.04051563742156,1009490000.0,2732694000.0,-16964212000.0,4516808000.0,1034477500.0,151401500.0,0.0,46.08230278090066,15.724814241830291,0.0,1.9530274002995685,5.723438039769456,0.0,0.0533806437252275,0.0795165846315184,2004-04-22,0.5,bmo,2121435000.0,2025-04-25,2004-03-31,0.0,32.05,2261029.578125
2003-12-31,ADP,USD,8670,2004-02-03,2004-02-03 15:14:06,2004,Q2,1827400000.0,810300000.0,1017100000.0,0.5565831236,133125000,459293000.0,0.0,459293000.0,73609000.0,666027000.0,1476327000.0,0.0,0.0,73609000.0,424682000.0,0.232396848,351073000.0,0.1921161213,14067000.0,365140000.0,0.1998139433,136560000.0,228580000.0,0.12508482,0.39,0.38,591685000,597624000,https://www.sec.gov/Archives/edgar/data/8670/000000867004000053/0000008670-04-000053-index.htm,https://www.sec.gov/Archives/edgar/data/8670/000000867004000053/decemberq.txt,3.0884676812831158,0.3863204238741898,0.6628898822853376,0.594802977935895,2.3573201957122456,9.083233477272536,4.630377650269992,9.083233477272536,0.142956133753602,18466488850.0,17715443850.0,20.196964793507743,10.105334819962788,47.08172629276277,52.4711562613657,3.4360010758384214,3.4360010758384214,9.694343794462077,41.71460963732864,45.16687959879864,50.33711768617021,0.0123780975288109,0.0190580896486989,0.0157384629726074,0.0034244768740625,-1.7684879509845013,1.7692061951749118,0.0,1.7159069034911192,0.0038826005626944,0.3136669874879692,0.2513368720586625,0.0728494035241326,0.1066669991886275,0.1027122394970195,0.0220455291671226,0.0,0.0,8.885570812248561,0.0095409428115574,0.0103591884773628,-29.05916915250513,1280956000.0,2739725000.0,-16379458000.0,4522980000.0,957259500.0,143578000.0,0.0,48.39955127503557,15.305664568678266,0.0,1.8595213721830908,5.8801759045587145,0.0,0.0425311564258273,0.0680869043494426,2004-01-22,0.37,bmo,1778010810.0,2025-04-25,2003-12-31,0.027027027027027,35.00854838709678,2964925.1129032257
2003-09-30,ADP,USD,8670,2003-11-05,2003-11-05 17:29:21,2004,Q1,1720277000.0,794241000.0,926036000.0,0.5383063309,131754000,426878000.0,0.0,426878000.0,74726000.0,633358000.0,1427599000.0,0.0,0.0,74726000.0,367404000.0,0.2135725816,292678000.0,0.1701342284,18592000.0,311270000.0,0.1809417902,116420000.0,194850000.0,0.1132666425,0.33,0.32,594843000,600849000,https://www.sec.gov/Archives/edgar/data/8670/000000867003000347/0000008670-03-000347-index.htm,https://www.sec.gov/Archives/edgar/data/8670/000000867003000347/form10q.txt,2.8919849439263805,0.3275654248263827,0.2762409576980816,0.2128107752801999,3.1259122154921557,8.993352867899597,4.63767078035717,8.993352867899597,0.1424123676331401,16804314750.0,15537316750.0,21.56057832948422,9.768377272962436,102.2657908349562,132.7470376573004,3.1412088922735446,3.1412088922735446,9.031869140841852,42.28945996777389,94.55523825462512,122.73828492207063,0.01159523627704,0.0075331247886796,0.0158352918789008,0.0045266245977826,-3.4485144418678075,1.947760337422271,0.0,0.8433153707980497,0.0042434339668625,0.3659635617141391,0.2481449208470496,0.0765888284270498,0.1384468077125266,0.2296190360272638,0.0219330956584317,0.0,0.0,8.141437691692403,0.0107728172057983,0.0120848908226092,-18.16694699273589,1618333000.0,2758686000.0,-10038886000.0,4813784000.0,968813000.0,161671000.0,0.0,48.74875964742888,16.92415778082471,0.0,1.8462008192806767,5.317842173627757,0.0,0.0364230593014511,0.0634301824178816,2003-10-17,0.29,bmo,1542317310.0,2025-04-25,2003-09-30,0.103448275862069,33.27193548387097,2660471.129032258
2003-06-30,ADP,USD,8670,2003-06-30,2003-06-29 20:00:00,2003,Q4,1911559000.0,888955000.0,1022604000.0,0.5349581153,134513000,495602000.0,0.0,495602000.0,70796000.0,700911000.0,1589866000.0,0.0,0.0,70796000.0,392489000.0,0.2053240313,321693000.0,0.1682882924,26657000.0,348350000.0,0.1822334545,131680000.0,216670000.0,0.1133472731,0.36,0.36,594843000,600849000,,,3.2135521473733406,0.3642473728361937,0.670255849022347,0.5885637050448606,3.3712828426996704,9.030068438226555,4.573393315547127,9.030068438226555,0.1423468041146991,15870411240.0,14544867240.0,18.311731250288457,8.302339211083728,39.8056951519575,45.33069193922931,2.954573399140236,2.954573399140236,7.608903120437297,37.05802516758431,36.48100497370184,41.54453757894105,0.0136524502562291,0.0220601088847399,0.0157636462102667,0.0042692046268187,-3.377276815401196,1.8388694520615791,0.0,1.8401116905893755,0.0044974890014255,0.3294272395809295,0.2592658662379764,0.0703682177740786,0.1336626991543824,0.1218820307150543,0.0254211353141598,0.0,0.0,8.602704276330131,0.0112190011587043,0.0126098135392278,-19.673156194155432,1676718000.0,2720451000.0,-10786697000.0,4942441000.0,1014100000.0,161325500.0,0.0,47.3566183413643,17.614974886242834,0.0,1.9004735378536992,5.109289146377911,0.0,0.0403371663601399,0.0816921439774865,2003-07-29,0.38,bmo,2012167368.0,2025-04-25,2003-06-30,-0.0526315789473684,30.08875,2656447.546875
2003-03-31,ADP,USD,8670,2003-05-02,2003-05-02 12:35:47,2003,Q3,1905778000.0,796580000.0,1109198000.0,0.5820184722,123401000,412793000.0,0.0,412793000.0,67503000.0,603697000.0,1400277000.0,0.0,0.0,67503000.0,573004000.0,0.3006667093,505501000.0,0.2652465292,27499000.0,533000000.0,0.2796758069,203610000.0,329390000.0,0.1728375498,0.55,0.54,600217000,605340000,https://www.sec.gov/Archives/edgar/data/8670/000000867003000082/0000008670-03-000082-index.htm,https://www.sec.gov/Archives/edgar/data/8670/000000867003000082/march.txt,3.175148321357109,0.5487848561436947,0.9163019374659498,0.8692722798587844,3.5359378358160467,8.709943237195882,5.311425701038124,8.709943237195882,0.1365006322713285,14561264420.0,13454534420.0,11.051689805397858,7.640587948858681,26.47598898141751,27.908401731090635,2.7853223998518706,2.7853223998518706,7.059864485790055,23.480698948000363,24.463679442888832,25.78722155353501,0.0226209751089733,0.0358315037039894,0.0156718165152215,0.0040301240582665,-1.9314524854974835,2.3135585812296364,0.0,1.6696924618233704,0.0049303410699274,0.2179544005586083,0.2166007793142748,0.064750983587805,0.1003398083730857,0.0513255027455543,0.0148117986460122,0.0,0.0,10.370506800296525,0.0165997058864482,0.0180097368163931,-20.3467041919839,1983526000.0,3188008000.0,-11607977000.0,4585018000.0,1005616000.0,137584000.0,0.0,48.28108520509734,16.79639207612544,0.0,1.8640840324462744,5.358293590200655,0.0,0.0630067086775152,0.0470296576071654,2003-04-17,0.52,bmo,1832478846.0,2025-04-25,2003-03-31,0.0384615384615384,29.5971875,2769702.71875
2002-12-31,ADP,USD,8670,2003-01-31,2003-01-31 16:37:18,2003,Q2,1682995000.0,702716000.0,980279000.0,0.5824610293,121380000,402005000.0,0.0,402005000.0,68699000.0,592084000.0,1294800000.0,0.0,0.0,68699000.0,456894000.0,0.2714767424,388195000.0,0.2306572509,35255000.0,423450000.0,0.2516050256,161760000.0,261690000.0,0.155490658,0.44,0.43,594750000,608581395,https://www.sec.gov/Archives/edgar/data/8670/000000867003000051/0000008670-03-000051-index.htm,https://www.sec.gov/Archives/edgar/data/8670/000000867003000051/janaury.txt,2.8297519966372424,0.44,0.638291719209752,0.5883076923076923,2.6305254308533,8.371767969735183,5.08649684741488,8.371767969735183,0.1386229508196721,18395617500.0,17506581500.0,17.573863636363637,10.930286483322886,48.45746712536615,52.57452928870293,3.6945601110560142,3.6945601110560142,10.402040113012813,38.31650557897456,46.11558147008619,50.03367143379747,0.0142256708697057,0.0190206172747394,0.0165583842410358,0.0043385911329629,-1.945825508761332,2.1642585721979533,0.0,1.4506629982039818,0.0039179984036958,0.2754174786961672,0.2388628605551412,0.0721214263856993,0.1028217050380038,0.0783090637051398,0.0176637482583133,0.0,0.0,9.103872961568516,0.0135798556157545,0.0153492621397536,-19.701858343841952,1556474000.0,3025194000.0,-11130480000.0,4079497000.0,980119000.0,130615500.0,0.0,52.88063838573496,16.202064560932154,0.0,1.7019461706097394,5.554847634480851,0.0,0.0525575961482265,0.0499840269020596,2003-01-15,0.43,bmo,1682995000.0,2025-04-25,2002-12-31,0.0,26.53873015873016,3121307.380952381
2002-09-30,ADP,USD,8670,2002-10-31,2002-10-31 12:50:14,2003,Q1,1646685000.0,708468000.0,938217000.0,0.5697610654,119898000,447953000.0,0.0,447953000.0,67684000.0,635535000.0,1344003000.0,0.0,0.0,67684000.0,370366000.0,0.2249161194,302682000.0,0.1838129333,37718000.0,340400000.0,0.2067183463,130000000.0,210400000.0,0.1277718568,0.35,0.34,601142857,618823529,https://www.sec.gov/Archives/edgar/data/8670/000000867002000019/0000008670-02-000019-index.htm,https://www.sec.gov/Archives/edgar/data/8670/000000867002000019/september.txt,2.7392573675711165,0.3500000000831749,0.3938963879263061,0.3486359316417861,1.945905181070795,7.89982937450091,4.705064639901393,7.89982937450091,0.1393678707555532,16471314281.8,16009315281.8,19.571428566777566,10.00271107212369,69.5614401143639,78.59201394121577,3.468429342087032,3.468429342087032,9.722148001469618,43.225661323663616,67.61033195009882,76.38760989502815,0.0127737226307728,0.012723939111014,0.0176418836595895,0.0053376673476259,-1.2474120194618297,1.817423205029948,0.0,1.1254182509505704,0.0042110786554926,0.3296673003802281,0.2720332061080291,0.0728117399502637,0.122356690353176,0.1149044715103805,0.0165228929637423,0.0,0.0,7.887404917904156,0.0130652205392194,0.0152735094263468,-15.052615438463071,1125228000.0,2828416000.0,-8445286000.0,3628066000.0,1008271500.0,141710000.0,0.0,53.090645751919766,17.114873219397346,0.0,1.6952138879709442,5.258584089188427,0.0,0.0443047543802535,0.04526045628452,2002-10-17,0.34,bmo,1646685000.0,2025-04-25,2002-09-30,0.0,26.58,4243729.573770491
2002-06-30,ADP,USD,8670,2002-06-30,2002-06-29 20:00:00,2002,Q4,1845316000.0,829831000.0,1015485000.0,0.5503041214,125087000,387354000.0,0.0,387354000.0,67962000.0,580403000.0,1410234000.0,0.0,0.0,67962000.0,503044000.0,0.2726058843,435082000.0,0.2357764199,29938000.0,465020000.0,0.2520001994,177710000.0,287310000.0,0.1556969104,0.48,0.46,601142857,618823529,,,3.0696796585241635,0.4779396388968487,0.5768612168671248,0.3188659696575252,2.455015447351477,8.507470296698543,5.384754991773944,8.507470296698543,0.150792775701234,19994011423.82,19285849423.82,17.397594430945666,10.83500680849242,57.6568488702217,104.30714834738424,3.909505274782689,3.909505274782689,10.451244894543809,38.33829530581818,55.61471792690382,100.61272419096012,0.0143698027329178,0.009587070645145,0.0177247490079103,0.00495980580988,-1.4077535961069012,1.9964942293328192,0.0,1.2069750443771536,0.0035513133655314,0.2471372385228498,0.2099120150695057,0.0677862219804087,0.1027108987147554,0.4472397167047315,0.0840463096835447,0.0,0.0,9.564846513897637,0.0159387062129925,0.0175196245894038,-18.136495132637,1406155000.0,3237007000.0,-10345060000.0,3879804000.0,1049218000.0,151899500.0,0.0,50.97517173210442,16.126729418399652,0.0,1.7655654104117031,5.5807968041750176,0.0,0.0561788195819291,0.2579952472095996,2002-07-17,0.47,bmo,1884578042.0,2025-04-25,2002-06-30,-0.0212765957446807,32.3125,3089835.484375
2002-03-31,ADP,USD,8670,2002-05-06,2002-05-06 10:41:37,2002,Q3,1870036000.0,772492000.0,1097544000.0,0.5869106263,116387000,369217000.0,0.0,369217000.0,73203000.0,558807000.0,1331299000.0,0.0,0.0,73203000.0,611940000.0,0.327234342,538737000.0,0.2880891063,33113000.0,571850000.0,0.3057962521,219590000.0,352260000.0,0.1883707052,0.57,0.56,618000000,629035714,https://www.sec.gov/Archives/edgar/data/8670/000000867002000005/0000008670-02-000005-index.htm,https://www.sec.gov/Archives/edgar/data/8670/000000867002000005/marchq.txt,3.0259482200647247,0.57,0.7647750809061489,0.7084433656957929,2.7752200647249192,8.085729773462782,5.247355987055016,8.085729773462782,0.1472491909385113,27877980000.0,26765014000.0,19.785087719298247,14.9077237015758,58.98466245337272,63.674814649009406,5.578964578812688,5.578964578812688,14.312566175196627,43.737971042912704,56.62983172919254,61.13274008834721,0.0126357792063843,0.0157047964020348,0.0182109957992635,0.0047326244035333,-1.8187502042683923,2.1854622281843867,0.0,1.3417106682564015,0.0025583273967482,0.2024669278373928,0.1974384450352827,0.0622378392715434,0.0912260159956464,0.073657885327031,0.0186162191530002,0.0,0.0,10.1832943758226,0.0185809586363569,0.020158958532783,-18.97445873786408,1621576000.0,3242866000.0,-11241790000.0,3966029000.0,991318000.0,152610000.0,0.0,50.690970655110384,18.07067257654448,0.0,1.7754641277701928,4.980445504658134,0.0,0.0704945646181164,0.0563317152103559,2002-04-15,0.55,bmo,1836035345.0,2025-04-25,2002-03-31,0.0181818181818181,29.49140625,4008893.15625
2001-12-31,ADP,USD,8670,2002-01-31,2002-01-31 00:00:00,2002,Q2,1681028000.0,691970000.0,989058000.0,0.5883649767,117540000,393558000.0,0.0,393558000.0,68449000.0,579547000.0,1271517000.0,0.0,0.0,68449000.0,477960000.0,0.2843260196,409511000.0,0.243607483,20389000.0,429900000.0,0.2557363708,165300000.0,264600000.0,0.1574036839,0.43,0.42,620272000,630000000,https://www.sec.gov/Archives/edgar/data/8670/000000867002000002/0000008670-02-000002-index.htm,https://www.sec.gov/Archives/edgar/data/8670/000000867002000002/decembr.txt,2.710146516367013,0.4265870456831842,0.5343687930456316,0.4818789176361338,2.796787538370263,7.846668880749091,5.037902726545774,7.846668880749091,0.1529893337116619,28786823520.0,27554751520.0,27.19843492063492,17.12453541523401,86.85013160197191,96.31050104384131,5.914611755041895,5.914611755041895,16.391607706712794,57.65074801238597,83.13295817820872,92.18842513784055,0.0091917053583965,0.0103830837672082,0.0194973607318901,0.005385249495468,-2.577772198510336,2.3224720335226343,0.0,1.2526606198034769,0.0024512256432522,0.2666780045351474,0.234117456699115,0.0699215004152221,0.0988690266690017,0.0982278083836671,0.0193679105880449,0.0,0.0,8.678361836579008,0.0154105283789947,0.0166634307535265,-16.641757970696727,1673632000.0,3124870000.0,-9815048000.0,4018919000.0,927660000.0,153187500.0,0.0,49.75723188429937,19.52447360434701,0.0,1.808782293381538,4.609599307197815,0.0,0.0543653685616538,0.0524898754094977,2002-01-17,0.41,bmo,1640027317.0,2025-04-25,2001-12-31,0.024390243902439,40.36046875,2319169.859375
2001-09-30,ADP,USD,8670,2001-11-07,2001-11-07 00:00:00,2002,Q1,1607883000.0,676352000.0,931531000.0,0.5793524778,115829000,456561000.0,0.0,456561000.0,69463000.0,641853000.0,1318205000.0,0.0,0.0,69463000.0,359141000.0,0.2233626452,289678000.0,0.1801611187,30522000.0,320200000.0,0.1991438432,123600000.0,196600000.0,0.1222725783,0.32,0.31,620561000,632576000,https://www.sec.gov/Archives/edgar/data/8670/000000867001500023/0000008670-01-500023-index.htm,https://www.sec.gov/Archives/edgar/data/8670/000000867001500023/septembe.txt,2.591015226545013,0.3168101121404664,0.6137075968357664,0.5605991997563495,2.817822905403337,7.364594294517381,4.601605643925416,7.364594294517381,0.1712289363978722,22960757000.0,21651908000.0,29.1973003560529,14.28011677466582,60.28929768959912,66.0008077358675,5.024037784069773,5.024037784069773,13.466096724699495,60.28804285781907,56.85258229769222,62.23851491580575,0.0085624354632558,0.0151513297231445,0.0232502877348375,0.0063764746025084,-3.644387580365372,2.1931021598455405,0.0,1.937146490335707,0.0027861015209559,0.3253865717192268,0.2839516308089581,0.0720382017845825,0.1028922291298996,0.0865369719280648,0.020497138162416,0.0,0.0,7.245447104705792,0.0116092318452566,0.0131509731720147,-15.551724165714573,1602959000.0,2855577000.0,-9147406000.0,3926993000.0,951294000.0,156292000.0,0.0,51.82933086549208,20.79301901968206,0.0,1.7364684918192126,4.328375783949827,0.0,0.0430179992910563,0.0531083970794168,2001-10-17,0.32,bmo,1659767741.0,2025-04-25,2001-09-30,-0.03125,43.86783333333334,2332516.3666666667
2001-06-30,ADP,USD,8670,2001-09-14,2001-09-14 00:00:00,2001,Q4,1853088000.0,808764000.0,1044324000.0,0.5635587732,141138000,401285000.0,0.0,401285000.0,80874000.0,623297000.0,1432061000.0,0.0,0.0,80874000.0,501901000.0,0.270845745,421027000.0,0.2272029175,-927000.0,420100000.0,0.2267026714,165100000.0,255000000.0,0.1376081438,0.41,0.4,616600200,634193548,https://www.sec.gov/Archives/edgar/data/8670/000000867001500017/0000008670-01-500017-index.htm,https://www.sec.gov/Archives/edgar/data/8670/000000867001500017/form10k405.txt,3.0053314935674686,0.4135580883690923,0.7617642679973182,0.6708625783773667,2.9039903003599417,7.624060128426815,5.026899115504666,7.624060128426815,0.1787657545359213,24146063832.0,22980934832.0,23.6726116,13.030176565818785,51.406979357212194,58.3726105199031,5.136370823465746,5.136370823465746,12.401426608989963,45.78778450730323,48.926419259789135,55.55593523089344,0.0105607274864426,0.017131322226184,0.0234475793113673,0.0061616884928188,-2.321431915855916,2.307507522789131,0.0,1.841976470588235,0.0026516123060665,0.2510823529411765,0.2165493489785698,0.0761636792208465,0.0895188072730362,0.1193304719568068,0.0302468096496226,0.6930533916957242,0.0,8.42272604192207,0.0154392262933473,0.0156560050295683,-17.296480766629657,1747187000.0,3099587000.0,-10104633000.0,3963247000.0,969414500.0,145200000.0,0.0,47.43294436098016,17.395878154814014,0.0,1.8974154190191248,5.1736393643970215,0.0,0.0542438125359365,0.0909016896199514,2001-08-13,0.41,bmo,1898285268.0,2025-04-25,2001-06-30,-0.0243902439024389,42.75875,1974557.234375
2001-03-31,ADP,USD,8670,2001-05-04,2001-05-04 00:00:00,2001,Q3,1894320000.0,754300000.0,1140020000.0,0.6018096203,126564000,418101000.0,0.0,418101000.0,79914000.0,624579000.0,1378879000.0,0.0,0.0,79914000.0,554800000.0,0.2928755437,515441000.0,0.2720981672,-40041000.0,475400000.0,0.2509607669,186520000.0,288880000.0,0.152497994,0.46,0.45,629905000,645674000,https://www.sec.gov/Archives/edgar/data/8670/000000867001500009/0000008670-01-500009-index.htm,https://www.sec.gov/Archives/edgar/data/8670/000000867001500009/exhibit10q.txt,3.007310626205539,0.4586088378406268,0.7560076519475158,0.6949809891967836,2.592494106254118,7.357377699811876,4.813644914709361,7.357377699811876,0.1796080361324326,26991429250.0,25938821250.0,23.358686349003047,14.24861124308459,56.67932049314068,61.65636278702156,5.824085937724204,5.824085937724204,13.692945885594831,46.75346295962509,54.46894824374807,59.251896535182695,0.0107026566590578,0.0162189262356308,0.0244119635365498,0.0057020793568609,-1.8972746935832727,2.2427944095338965,0.0,1.6484803378565491,0.0023868317384489,0.223013015785101,0.2207129735208412,0.0668123653870518,0.0807567774562635,0.0807222818360691,0.0202927699649478,0.4810296068273393,0.0,8.713126007379243,0.016903164855164,0.0158386979283204,-20.403181035235477,1629859000.0,3032139000.0,-12265428000.0,3837160000.0,951401000.0,132504000.0,0.0,45.71412960851387,15.997401564364312,0.0,1.9687567229375456,5.625913660908738,0.0,0.0623331921443088,0.0610266627507322,2001-04-16,0.48,bmo,1854855000.0,2025-04-25,2001-03-31,0.0208333333333333,39.59813559322034,2420938.474576271
2000-12-31,ADP,USD,8670,2001-01-26,2001-01-26 00:00:00,2001,Q2,1553721000.0,677102000.0,876619000.0,0.5642061863,127503000,410627000.0,0.0,410627000.0,78524000.0,616654000.0,1293756000.0,0.0,0.0,78524000.0,424590000.0,0.2732730008,259965000.0,0.1673176844,82935000.0,342900000.0,0.2206959937,135460000.0,207440000.0,0.1335117437,0.33,0.32,632082000,651807000,https://www.sec.gov/Archives/edgar/data/8670/000000867001500006/0000008670-01-500006-index.htm,https://www.sec.gov/Archives/edgar/data/8670/000000867001500006/december.txt,2.458100373052863,0.3281852671014204,0.3311437440078977,0.273703411899089,2.9890884410566985,8.026282982271288,5.46033742457466,8.026282982271288,0.2041538914254796,31534570980.0,30369398980.0,38.00444825009642,20.296160623432392,150.65964827289667,182.27759622665505,6.215828685606854,6.215828685606854,19.54623705285569,71.52641131444452,145.0929194973962,175.54261475234534,0.0065781773321591,0.005486137741012,0.0254356707677042,0.0061280839933403,-2.744228549895193,2.636194741876806,0.0,1.0090146548399537,0.0020562512184207,0.3125867720786733,0.2642861878033443,0.0820629958660531,0.0770219455044927,0.1734604175624671,0.0233677732359928,0.4623681931638734,0.0,7.698534019427756,0.007922276296305,0.0106732025797414,-21.18301541572138,1980689000.0,3451381000.0,-12792975000.0,4214510000.0,891352500.0,127881000.0,0.0,54.485322654453405,17.40340450921722,0.0,1.651820997202882,5.171401949103351,0.0,0.0408888233602436,0.0574403321088086,2001-01-17,0.36,bmo,1553721000.0,2025-04-25,2000-12-31,0.0,42.08396825396825,1933183.5555555555
2000-09-30,ADP,USD,8670,2000-11-13,2000-11-13 00:00:00,2001,Q1,1470884000.0,659958000.0,810926000.0,0.5513187988,119074000,435435000.0,0.0,435435000.0,81544000.0,636053000.0,1296011000.0,0.0,0.0,81544000.0,329662000.0,0.224125084,174873000.0,0.1188897289,111737000.0,286610000.0,0.1948556106,113210000.0,173400000.0,0.1178882903,0.28,0.27,629991000,649096000,https://www.sec.gov/Archives/edgar/data/8670/000000867000500008/0000008670-00-500008-index.htm,https://www.sec.gov/Archives/edgar/data/8670/000000867000500008/september.txt,2.3347698617916763,0.2752420272670562,0.5330187256643348,0.4463381222906359,2.961969297974098,7.492013377968892,4.983741037570378,7.492013377968892,0.2440638040860901,33200525700.0,32028910700.0,47.86696323529412,22.571817831997627,98.87082284832802,118.07192208799064,7.034157220670519,7.034157220670519,21.775279831720244,97.1568172855834,95.38176547140088,113.90527616656412,0.0052228088665475,0.0084694140852113,0.0325765307365557,0.009217400948069,-3.553988630779404,2.338887388730288,0.0,1.9365455594002308,0.001661419475656,0.3181084198385236,0.29603626118715,0.0809540385237721,0.0947283106357277,0.1626220603519388,0.0371259732242651,0.6696752673403316,0.0,6.811580681856556,0.0068610679278795,0.0114826178726483,-15.022102696705192,1715578000.0,3139712000.0,-8964450000.0,3908815000.0,870704000.0,127133000.0,0.0,51.52578993312865,17.023356031747475,0.0,1.7466981120872491,5.286854121605384,0.0,0.0367380587008074,0.0866806033736989,2000-10-13,0.27,bmo,1544100000.0,2025-04-25,2000-09-30,0.0,45.48790322580645,2384541.935483871
2000-06-30,ADP,USD,8670,2000-09-12,2000-09-12 00:00:00,2000,Q4,1375605000.0,737694000.0,637911000.0,0.463731231,127648000,396343000.0,0.0,396343000.0,78250000.0,602241000.0,1339935000.0,0.0,0.0,78250000.0,113920000.0,0.0828144707,35670000.0,0.0259304088,313090000.0,348760000.0,0.2535320822,124970000.0,223790000.0,0.1626847823,0.36,0.35,619285714,642222222,https://www.sec.gov/Archives/edgar/data/8670/000000867000000026/0000008670-00-000026-index.htm,https://www.sec.gov/Archives/edgar/data/8670/000000867000000026/0000008670-00-000026-0001.txt,2.221276817633807,0.3613679355761789,0.2913307959821595,0.2110673588055674,2.9460214546463765,7.400167477462592,4.778274281327923,7.400167477462592,0.2479307959621364,26140049987.94,25065952987.94,29.20153937613388,19.002584308678724,144.88684540780525,199.9835514068441,5.703924962313581,5.703924962313581,18.221766414006925,220.03118844750705,138.933431926814,191.7662093315788,0.0085611925035815,0.0050004112486512,0.0335034033644801,0.0091117249158735,-9.428520014044944,2.363328161102148,0.0,0.8061888377496761,0.0021042805972206,0.2457929308726931,0.2881226805660055,0.0927940796958429,0.0963574108221228,0.2755061884412222,0.0361339192573449,0.635220447284345,0.0,7.756875852789854,0.0014695025752333,0.0146968089490359,-15.774759984209808,1767784000.0,2959117000.0,-9203546000.0,3988754000.0,899957500.0,116295500.0,0.0,58.83830023880402,15.791425713100551,0.0,1.52961590723596,5.69929540467876,0.0,0.0488323996283509,0.0802634371765921,2000-08-14,0.35,bmo,1724200000.0,2025-04-25,2000-06-30,0.0,50.46253968253968,2120714.73015873
2000-03-31,ADP,USD,8670,2000-05-08,2000-05-08 00:00:00,2000,Q3,1719730000.0,661935000.0,1057795000.0,0.6150936484,119747000,446931000.0,0.0,446931000.0,72851000.0,639529000.0,1301464000.0,0.0,0.0,72832000.0,491117000.0,0.2855779686,418266000.0,0.2432160862,-2816000.0,415450000.0,0.2415786199,144140000.0,271310000.0,0.1577631372,0.43,0.42,630953488,645976190,https://www.sec.gov/Archives/edgar/data/8670/000000867000000009/0000008670-00-000009-index.html,https://www.sec.gov/Archives/edgar/data/8670/000000867000000009/,2.725605029066738,0.4300000002535845,0.6753017585346957,0.5852697655583766,3.053958868042584,6.885718333646806,4.565353952049157,6.885718333646806,0.2852016882740491,23988851613.76,22740182613.76,22.104651149754893,13.949196451629035,56.30075669060562,64.96149679580154,5.521573517495871,5.521573517495871,13.22311212443814,46.30298404201036,53.37018666216052,61.58011745557548,0.0113098369346024,0.0153937339704991,0.0414193079726223,0.0290100325778269,-2.542508200693521,2.2687684605044485,0.0,1.5704692049684863,0.0022999016746743,0.2033540967896502,0.2598844004582115,0.0696312793287318,0.2360219068475342,0.1333211291670187,0.0330319294307827,0.7799593585237259,0.0,8.162066216180824,0.0556327454059316,0.0572510788254782,1.1790611576744308,1693306000.0,2880526000.0,1169488000.0,3736773000.0,888850500.0,113927500.0,0.0,47.13186953765998,14.02547077885291,0.0,1.9095359654275312,6.416896902719209,0.0,0.0624480961052974,0.090031992976319,2000-04-18,0.41,bmo,1678754761.0,2025-04-25,2000-03-31,0.024390243902439,45.20746031746032,1597210.2222222222
1999-12-31,ADP,USD,8670,2000-02-08,2000-02-08 00:00:00,2000,Q2,1492500000.0,613800000.0,878700000.0,0.5887437186,109200000,395100000.0,0.0,395100000.0,67500000.0,571800000.0,1185600000.0,0.0,0.0,67600000.0,374500000.0,0.250921273,306900000.0,0.2056281407,-3700000.0,303200000.0,0.2031490787,103700000.0,199500000.0,0.1336683417,0.32,0.31,625665000,645658000,https://www.sec.gov/Archives/edgar/data/8670/000000867000000006/0000008670-00-000006-index.html,https://www.sec.gov/Archives/edgar/data/8670/000000867000000006/,2.38546186857184,0.3188607321809594,0.3573797479481831,0.3019187584410187,2.4449186066025748,6.908649197254122,4.579767127776046,6.908649197254122,0.305594847082704,26559479250.0,25651179250.0,33.28255545112782,17.795295979899496,118.78121310375673,140.60073716251986,6.144471775592828,6.144471775592828,17.186719765494136,68.49447062750333,114.71904852415028,135.79237294865007,0.0075114424542039,0.0071123382436046,0.0442336610757663,0.0311766240542655,-2.425367156208278,2.0749119373776908,0.0,1.1208020050125314,0.0020632934661171,0.2746867167919799,0.2647236180904522,0.0731658291457286,0.237591312288025,0.1551878354203935,0.0232495812395309,0.5133136094674556,0.0,7.040254340711106,0.0411632451357133,0.0426674080886284,0.6029184947216162,1373200000.0,2865400000.0,840400000.0,3390100000.0,851250000.0,113850000.0,0.0,52.89045226130653,18.284457478005866,0.0,1.7016303728195188,4.922213311948677,0.0,0.0461538461538461,0.0554609895071643,2000-01-18,0.32,bmo,1539140625.0,2025-04-25,1999-12-31,-0.03125,41.63460317460318,2063443.2857142857
1999-09-30,ADP,USD,8670,1999-11-05,1999-11-05 00:00:00,2000,Q1,1351100000.0,551100000.0,800000000.0,0.5921101325,103700000,405000000.0,0.0,405000000.0,65600000.0,574300000.0,1125400000.0,0.0,0.0,65600000.0,291300000.0,0.215602102,225700000.0,0.1670490711,-3500000.0,222200000.0,0.1644585893,76000000.0,146200000.0,0.1082081267,0.23,0.23,624392000,642820000,https://www.sec.gov/Archives/edgar/data/8670/000000867099000011/0000008670-99-000011-index.html,https://www.sec.gov/Archives/edgar/data/8670/000000867099000011/,2.1638650078796653,0.2341477789593716,0.3843739189483529,0.3446552806570231,2.1987789721841406,6.557258901459339,4.176863252572102,6.557258901459339,0.3220733129188074,21953622720.0,21200922720.0,37.54039452804378,16.24870307157131,91.473428,102.014975464684,5.36199660992111,5.36199660992111,15.691601450669822,72.78037322348094,88.33717799999998,98.51729888475836,0.0066594931444644,0.009802482385012,0.0491170651881884,0.0338170750163956,-2.583934088568486,1.847101504043534,0.0,1.6415868673050615,0.0021682070702907,0.3255813953488372,0.2997557545703501,0.0767522759233217,0.2499369398153597,0.1033333333333333,0.0183554141070239,0.3780487804878049,0.0,5.877565072065231,0.0317056407805689,0.0327773293874988,0.223497418288511,1120800000.0,2608000000.0,591500000.0,3171500000.0,843100000.0,84976000.0,0.0,54.98186662719266,16.820903647250955,0.0,1.6369033196026168,5.350485436893204,0.0,0.0357081796644115,0.0397186382913298,1999-10-14,0.23,bmo,1351100000.0,2025-04-25,1999-09-30,0.0,38.0831746031746,2477364.333333333
1999-06-30,ADP,USD,8670,1999-09-21,1999-09-21 00:00:00,1999,Q4,1470600000.0,650900000.0,819700000.0,0.5573915409,103100000,351400000.0,0.0,351400000.0,68900000.0,523400000.0,1174300000.0,0.0,0.0,68900000.0,365200000.0,0.2483340133,296300000.0,0.2014823881,-3700000.0,292600000.0,0.1989664083,100900000.0,191700000.0,0.1303549572,0.3,0.3,620739000,635652174,https://www.sec.gov/Archives/edgar/data/8670/000104746999036331/0001047469-99-036331-index.html,https://www.sec.gov/Archives/edgar/data/8670/000104746999036331/,2.369111655623378,0.308825448376854,0.2619458419722298,0.1615815987073472,1.7599989689708555,6.456658917838254,3.987988510468973,6.456658917838254,0.3428171904778014,21521021130.0,20872521130.0,28.066016079812208,14.63417729498164,132.35560350553507,214.5665117647059,5.369650223308965,5.369650223308965,14.193200822793418,57.15367231653888,128.3672886223862,208.1009085742772,0.0089075698983805,0.0046605595242961,0.0530951371042191,0.0365334432083505,-1.7757393209200438,1.7057680348258706,0.0,0.8482003129890454,0.0021932044820217,0.2462180490349504,0.2389500883992928,0.0701074391404868,0.2630819942315616,0.3831488314883148,0.0423636610907112,0.9042089985486212,0.0,6.698101460089327,0.0415785139500395,0.0446603298853788,-0.1269454633912159,907900000.0,2475500000.0,377400000.0,3019600000.0,874900000.0,79326000.0,0.0,52.68053855569156,9.257458903057303,0.0,1.708410780669145,9.721890309475445,0.0,0.0478305346939793,0.1003642432648826,1999-08-10,0.33,bmo,1604290909.0,2025-04-25,1999-06-30,-0.0909090909090909,38.39453125,1318050.28125
1999-03-31,ADP,USD,8670,1999-05-11,1999-05-11 00:00:00,1999,Q3,1514100000.0,611200000.0,902900000.0,0.5963278515,102500000,379500000.0,0.0,379500000.0,65400000.0,547400000.0,1158600000.0,0.0,0.0,67000000.0,420900000.0,0.2779869229,355500000.0,0.2347929463,-3800000.0,351700000.0,0.2322832045,126000000.0,225700000.0,0.1490654514,0.37,0.36,617364000,637102000,https://www.sec.gov/Archives/edgar/data/8670/000100547799002209/0001005477-99-002209-index.html,https://www.sec.gov/Archives/edgar/data/8670/,2.452523956693296,0.365586590730914,0.4786479289365755,0.2500955676067927,1.5754077011293175,6.334998477397451,3.7794558801614606,6.334998477397451,0.3668824226874259,20126066400.0,19379966400.0,22.292940186087726,13.29242876956608,68.10851573604062,130.35017098445596,5.146015443620557,5.146015443620557,12.79966078858728,46.04411119030649,65.5836426395939,125.5179170984456,0.0112143125991077,0.0076716431781224,0.0579135770902582,0.0392894933129802,-1.7726300784034212,1.746467165419784,0.0,1.3840749414519906,0.0023452173446073,0.209127159946832,0.250643946899148,0.0676969817053034,0.2736734375271036,0.4774957698815567,0.0931906743279836,2.1059701492537317,0.0,7.218710837250546,0.0504530524246529,0.0539023691249522,-0.3475259328370297,987800000.0,2333300000.0,457200000.0,3141000000.0,823300000.0,81500000.0,0.0,52.84327323162275,13.502945026178011,0.0,1.7031496062992126,6.665212649945475,0.0,0.0577090258245972,0.2285523613297827,1999-04-15,0.35,bmo,1427580000.0,2025-04-25,1999-03-31,0.0571428571428572,32.7284375,1369974.640625
1998-12-31,ADP,USD,8670,1999-02-10,1999-02-10 00:00:00,1999,Q2,1274900000.0,535600000.0,739300000.0,0.5798886187,105400000,284400000.0,0.0,284400000.0,68000000.0,457800000.0,993400000.0,0.0,0.0,68000000.0,328900000.0,0.2579810181,281500000.0,0.2208016315,-5600000.0,275900000.0,0.2164091301,107500000.0,168400000.0,0.1320887913,0.25,0.24,616000000,641666667,https://www.sec.gov/Archives/edgar/data/8670/000104746999004288/0001047469-99-004288-index.html,https://www.sec.gov/Archives/edgar/data/8670/,2.069642857142857,0.2733766233766234,0.2618506493506493,0.2048701298701298,1.1352272727272728,6.042857142857143,3.3371753246753246,6.042857142857143,0.4142857142857143,19459440000.0,19015340000.0,28.88871733966746,15.263503019844691,120.64128952262864,154.19524564183834,5.227659574468086,5.227659574468086,14.915161973488116,57.81495895408939,117.88803471791692,150.67622820919175,0.0086538975427864,0.006485284263062,0.0685579196217494,0.0481582125603864,-1.3502584372149589,1.832393948383269,0.0,0.9578384798099764,0.0023947246169468,0.2767220902612826,0.2230763197113499,0.0826731508353596,0.314519172705314,0.217606943583385,0.0275315711036159,0.5161764705882353,0.0,6.096675924500654,0.0392520617773793,0.0463592567102546,-0.5021103896103896,841800000.0,2055700000.0,276300000.0,3070700000.0,744600000.0,94200000.0,0.0,53.48184171307553,11.980955937266618,0.0,1.6828141499472018,7.511921458625526,0.0,0.0452396303460133,0.0569805194805194,1999-01-14,0.28,bmo,1320432142.0,2025-04-25,1998-12-31,-0.0357142857142857,33.53698412698412,1547553.8095238097
1998-09-30,ADP,USD,8670,1998-11-12,1998-11-12 00:00:00,1999,Q1,1210300000.0,529900000.0,680400000.0,0.5621746674,100700000,323000000.0,0.0,323000000.0,68900000.0,492600000.0,1022500000.0,0.0,0.0,68900000.0,261100000.0,0.2157316368,187800000.0,0.1551681401,-5600000.0,182300000.0,0.1506238123,59100000.0,123200000.0,0.1017929439,0.2,0.2,627000000,627000000,https://www.sec.gov/Archives/edgar/data/8670/000100547798003100/0001005477-98-003100-index.html,https://www.sec.gov/Archives/edgar/data/8670/,1.9303030303030304,0.1964912280701754,0.3740031897926635,0.2998405103668261,1.425518341307815,5.654545454545454,2.952950558213716,5.654545454545454,0.7575757575757576,18465150000.0,18046350000.0,37.46986607142857,15.256671899529042,78.74264392324093,98.2188829787234,5.208199356913183,5.208199356913183,14.910641989589358,69.11662198391421,76.95671641791044,95.99122340425532,0.0066720281178327,0.0101813416083811,0.1339764201500536,0.0879531903862533,-1.6039831482190732,1.5228477075493434,0.0,1.9034090909090908,0.0021716585026387,0.325487012987013,0.2668759811616955,0.0832025117739403,0.3136503351479465,0.1982942430703624,0.0384202263901512,0.6748911465892597,0.0,4.999904305304348,0.0288670677528731,0.0332371111770577,-0.6582137161084529,680800000.0,1851500000.0,127700000.0,2956000000.0,729750000.0,121650000.0,0.0,54.4030405684541,19.888658237403284,0.0,1.654319300164024,4.525192143467122,0.0,0.0347492525526033,0.0741626794258373,1998-10-13,0.2,bmo,1210300000.0,2025-04-25,1998-09-30,0.0,31.605901639344264,1905730.754098361
1998-06-30,ADP,USD,8670,1998-09-23,1998-09-23 00:00:00,1998,Q4,1302200000.0,593500000.0,708700000.0,0.5442328367,102900000,296400000.0,0.0,296400000.0,67500000.0,466800000.0,1060300000.0,0.0,0.0,67500000.0,309400000.0,0.2375979112,241900000.0,0.1857625557,-4700000.0,237200000.0,0.1821532791,75300000.0,161900000.0,0.1243280602,0.28,0.26,586666667,616000000,https://www.sec.gov/Archives/edgar/data/8670/000104746998035178/0001047469-98-035178-index.html,https://www.sec.gov/Archives/edgar/data/8670/,2.219659089647921,0.2759659089341102,0.2452840907697249,-0.098181818126033,1.2821590901805917,5.806534087609924,2.9889204528472044,5.806534087609924,0.7361931813998902,16843200009.57,16522900009.57,26.00864732793391,12.934418683435725,117.04795003175816,-292.4166668328125,4.944429769431968,4.944429769431968,12.688450322200891,53.40303816926309,114.82209874614315,-286.8559029439236,0.0096121877023375,-0.0034197777125055,0.1267870248055188,0.083452486764308,-1.035229476405947,1.4981981981981982,0.0,0.8888202594193947,0.0024104683181896,0.2507720815318097,0.227614805713408,0.0790201197972661,0.3193956022722881,1.4002779708130646,0.1547381354630625,2.9851851851851854,0.0,6.004508538422921,0.0393657832148032,0.0459629797865092,-0.8024573859076947,608300000.0,1753500000.0,60400000.0,2845000000.0,733250000.0,118150000.0,0.0,50.3079404085394,19.13732097725358,0.0,1.7889820030223933,4.7028526148969885,0.0,0.0475267870248055,0.343465908895758,1998-08-13,0.27,bmo,1302200000.0,2025-04-25,1998-06-30,0.0,30.36671875,2034251.40625
1998-03-31,ADP,USD,8670,1998-05-13,1998-05-13 00:00:00,1998,Q3,1309300000.0,536000000.0,773300000.0,0.5906209425,93600000,334500000.0,0.0,334500000.0,61500000.0,489600000.0,1025600000.0,0.0,0.0,61500000.0,350100000.0,0.2673947911,283700000.0,0.2166806691,-4800000.0,279100000.0,0.2131673413,88500000.0,190600000.0,0.1455739708,0.32,0.31,600000000,619354839,https://www.sec.gov/Archives/edgar/data/8670/000100547798001550/0001005477-98-001550-index.html,https://www.sec.gov/Archives/edgar/data/8670/,2.182166666666667,0.3176666666666666,0.4698333333333333,0.0438333333333333,1.4516666666666669,5.403666666666667,3.006666666666667,5.403666666666667,0.6813333333333333,16092000000.0,15629800000.0,21.10703043022036,12.290536928129535,57.08407236608727,611.8631178707225,4.963296527049534,4.963296527049534,11.937523867715573,44.64381605255641,55.44448385952465,594.2889733840304,0.0118443947303007,0.0016343524732786,0.1260872247239528,0.0826092228104918,-1.3201942302199372,1.6666395178367812,0.0,1.4790136411332633,0.0024608501118568,0.2077649527806925,0.2554800274956083,0.0714885816848697,0.2906276522652871,0.906704505143668,0.1952188192163751,4.15609756097561,0.0,6.2147170088428005,0.0496009685142959,0.05429580674567,-0.4690833333333333,818500000.0,1804000000.0,339900000.0,2795800000.0,704650000.0,110300000.0,0.0,50.77064080042771,18.486940298507463,0.0,1.772678039534254,4.868301544050863,0.0,0.0587872432299056,0.426,1998-04-15,0.32,bmo,1350215625.0,2025-04-25,1998-03-31,-0.03125,28.07921875,1607701.59375
1997-12-31,ADP,USD,8670,1998-02-11,1998-02-11 00:00:00,1998,Q2,1148000000.0,490200000.0,657800000.0,0.5729965157,91400000,286400000.0,0.0,286400000.0,58100000.0,435900000.0,926100000.0,0.0,0.0,58200000.0,280100000.0,0.243989547,221900000.0,0.1932926829,-7300000.0,214600000.0,0.1869337979,67200000.0,147400000.0,0.1283972125,0.25,0.24,589600000,614166667,https://www.sec.gov/Archives/edgar/data/8670/000104746998004945/0001047469-98-004945-index.html,https://www.sec.gov/Archives/edgar/data/8670/,1.9470827679782905,0.25,0.2895183175033921,0.2225237449118046,1.1635006784260515,5.144504748982361,2.717435549525102,5.144504748982361,0.7518656716417911,14256528000.0,14013828000.0,24.18,12.418578397212544,83.5180316344464,108.66256097560976,4.7001608861928,4.7001608861928,12.20716724738676,50.03151731524456,82.09623901581722,106.81271341463416,0.010339123242349,0.0092028016919687,0.1461492812870895,0.094419595314164,-0.8664762584791146,1.6607844850179083,0.0,1.1580732700135683,0.0027355889175821,0.2645861601085482,0.2494773519163763,0.0796167247386759,0.3047923322683706,0.2314001171646162,0.0344076655052264,0.6786941580756014,0.0,5.3793902268775575,0.0408069806407986,0.0451593137254901,-0.8018571913161465,756400000.0,1602200000.0,239300000.0,2714500000.0,636050000.0,111700000.0,0.0,52.58101045296167,20.287637698898408,0.0,1.7116445504696585,4.436199095022625,0.0,0.0485955426612158,0.0669945725915875,1998-01-16,0.25,bmo,1148000000.0,2025-04-25,1997-12-31,0.0,26.12396825396825,1298456.2857142857
1997-09-30,ADP,USD,8670,1997-11-12,1997-11-12 00:00:00,1998,Q1,1038500000.0,443400000.0,595100000.0,0.5730380356,87300000,289400000.0,0.0,289400000.0,57400000.0,434100000.0,877500000.0,0.0,0.0,57400000.0,218400000.0,0.2103033221,161000000.0,0.1550312951,-7600000.0,153400000.0,0.1477130477,48000000.0,105400000.0,0.1014925373,0.18,0.18,585555556,585555556,https://www.sec.gov/Archives/edgar/data/8670/000104746997003744/0001047469-97-003744-index.html,https://www.sec.gov/Archives/edgar/data/8670/,1.7735294104185737,0.1799999998633776,0.4365085385681149,0.367514231220103,1.1351612894609782,4.608444019272528,2.208500947090322,4.608444019272528,1.0472106253911115,11535444453.2,11483944453.2,27.361111131878555,11.107794369956666,45.13084684350548,53.60336641821561,4.274761702130814,4.274761702130814,11.058203614058735,52.58216324725274,44.9293601455399,53.364054150557614,0.0091370558306283,0.0186555447319849,0.2272373540856031,0.1351822049778444,-0.2358058608058608,1.5446292211097912,0.0,2.4250474383301706,0.0029214305644418,0.3197343453510436,0.2786711603273953,0.0840635532017332,0.3098035757589118,0.1580594679186228,0.0389022628791526,0.7038327526132404,0.0,4.320208127380829,0.0310282462471133,0.0336655168008176,-1.2327609098802574,641900000.0,1293200000.0,-17100000.0,2572200000.0,603250000.0,111600000.0,0.0,52.11940298507463,22.91610284167794,0.0,1.7268041237113405,3.9273693534100977,0.0,0.0390587363350009,0.0689943073480119,1997-10-14,0.19,bmo,1093157894.0,2025-04-25,1997-09-30,-0.0526315789473684,24.65131147540984,1426486.7704918033
1997-06-30,ADP,USD,8670,1997-09-18,1997-09-18 00:00:00,1997,Q4,1079600000.0,473100000.0,606500000.0,0.5617821415,82500000,257700000.0,0.0,257700000.0,55900000.0,396100000.0,869200000.0,0.0,0.0,55900000.0,266300000.0,0.2466654316,210400000.0,0.1948869952,-35900000.0,174500000.0,0.1616339385,46800000.0,127700000.0,0.1182845498,0.22,0.22,585555556,585555556,https://www.sec.gov/Archives/edgar/data/8670/000091205797031091/0000912057-97-031091-index.html,https://www.sec.gov/Archives/edgar/data/8670/,1.843719163685981,0.2180834912955723,0.2247438328464942,0.1162998101584062,1.0086147999934612,4.543719161636646,2.2983301690335254,4.543719161636646,0.907685008798721,10844488897.12,10785388897.12,21.230401129835556,10.044913761689514,82.40493082917934,159.2435961397944,4.075956136630835,4.075956136630835,9.99017126446832,40.50089709770935,81.95584268328267,158.37575473010278,0.0117755664846421,0.006279687373564,0.1997669698564233,0.1212695080770283,-0.2219301539616973,1.7700754975978037,0.0,1.0305403288958497,0.0062151384578299,0.5277995301487862,0.2386995183401259,0.0764171915524268,0.2999908734142557,0.4825227963525836,0.0588180807706558,1.1359570661896243,0.0,4.721808775280612,0.0440775807733863,0.0416232073011734,-1.1574905114554153,785400000.0,1345800000.0,83100000.0,2619500000.0,618700000.0,103650000.0,0.0,50.44368284549833,20.98287888395688,0.0,1.784167906131218,4.28921124206709,0.0,0.0479966924753814,0.108444022688088,1997-08-20,0.24,bmo,1079600000.0,2025-04-25,1997-06-30,0.0,21.398125,1758093.453125
1997-03-31,ADP,USD,8670,1997-05-14,1997-05-14 00:00:00,1997,Q3,1126300000.0,440300000.0,686000000.0,0.609073959,74800000,308100000.0,0.0,308100000.0,59200000.0,442100000.0,882400000.0,0.0,0.0,59100000.0,303100000.0,0.2691112492,243900000.0,0.2165497647,-7300000.0,236600000.0,0.2100683654,71700000.0,164900000.0,0.1464085945,0.28,0.28,588928571,588928571,https://www.sec.gov/Archives/edgar/data/8670/000091205797017567/0000912057-97-017567-index.html,https://www.sec.gov/Archives/edgar/data/8670/,1.9124560353516964,0.2800000002037598,0.4606670712873259,0.4051425109073202,0.9131837483904308,4.387459069293482,2.121989085837712,4.387459069293482,0.9006185573564235,9717321421.5,9709921421.5,14.732142846422072,8.627649313238036,35.81762411168448,40.72640998113998,3.760718844189016,3.760718844189016,8.621079127674687,32.03537255526229,35.7903480335422,40.69539573134954,0.016969696982046,0.0245540915701406,0.2052711018228259,0.1238297574300189,-0.0244143846915209,1.8578460920233075,0.0,1.6452395391146148,0.0027636969696969,0.1628607141671983,0.2735505637929503,0.066412145964663,0.311488805360353,0.1205307777368227,0.0290331172866909,0.5532994923857868,0.0,5.257470128936889,0.0497680598699002,0.0559153640093587,-1.167161917162277,853900000.0,1249700000.0,149900000.0,2688900000.0,605050000.0,95200000.0,0.0,50.52561484506792,19.82739041562571,0.0,1.7812747113711846,4.539175257731959,0.0,0.063818259220558,0.0555245603800057,1997-04-14,0.29,bmo,1165137931.0,2025-04-25,1997-03-31,-0.0344827586206894,18.7796875,1791116.03125
1996-12-31,ADP,USD,8670,1997-02-14,1997-02-14 00:00:00,1997,Q2,995600000.0,418000000.0,577600000.0,0.5801526718,73100000,261500000.0,0.0,261500000.0,55300000.0,389900000.0,807900000.0,0.0,0.0,55300000.0,243000000.0,0.2440739253,187700000.0,0.1885295299,-7000000.0,180700000.0,0.1814985938,53100000.0,127600000.0,0.1281639213,0.22,0.22,580000000,580000000,https://www.sec.gov/Archives/edgar/data/8670/000000867097000002/0000008670-97-000002-index.html,https://www.sec.gov/Archives/edgar/data/8670/,1.7165517241379311,0.22,0.1779310344827586,0.1079310344827586,0.7970689655172414,4.356206896551724,2.053448275862069,4.356206896551724,0.9522413793103448,9796200000.0,9886200000.0,19.19318181818182,9.839493772599438,94.92441860465117,156.4888178913738,3.877226312039896,3.877226312039896,9.92989152269988,40.68395061728395,95.79651162790698,157.92651757188497,0.0130254588513913,0.0063902329474694,0.2185941581572073,0.133929870507784,0.3703703703703703,1.8774886877828056,0.0,0.8087774294670846,0.0034094853106306,0.2617554858934169,0.2626556850140619,0.07342306147047,0.3238760366652117,0.3934108527131782,0.0407794294897549,0.7341772151898734,0.0,4.643621877148379,0.0392859681802704,0.0457642923750089,-1.2095689655172417,775700000.0,1191000000.0,62500000.0,2620700000.0,551750000.0,95950000.0,0.0,52.23182000803536,20.110047846889955,0.0,1.7230875735548632,4.475374732334047,0.0,0.0505026517850075,0.07,1997-01-16,0.22,bmo,995600000.0,2025-04-25,1996-12-31,0.0,18.31703125,1315338.65625
1996-09-30,ADP,USD,8670,1996-11-13,1996-11-13 00:00:00,1997,Q1,910700000.0,391500000.0,519200000.0,0.5701109037,66100000,260800000.0,0.0,260800000.0,53100000.0,380000000.0,771500000.0,0.0,0.0,53100000.0,192300000.0,0.2111562534,139200000.0,0.1528494565,-7100000.0,132100000.0,0.1450532557,38800000.0,93300000.0,0.1024486659,0.16,0.16,583125000,583125000,https://www.sec.gov/Archives/edgar/data/8670/000000867096000006/0000008670-96-000006-index.html,https://www.sec.gov/Archives/edgar/data/8670/,1.5617577706323686,0.16,0.3652733118971061,0.2992497320471597,0.6905894962486603,4.065166130760986,1.8455734190782425,4.065166130760986,0.8591639871382637,10023918750.0,10122218750.0,26.859375,11.00682853848688,47.06065140845071,57.44366045845272,4.228609470575829,4.228609470575829,11.114767486548809,52.63764300572023,47.522153755868544,58.00698424068768,0.0093077370564281,0.0174083613756346,0.2113478169162624,0.1261678712634415,0.5111804472178887,1.737057070316812,0.0,2.282958199356913,0.0028930801140023,0.3108252947481243,0.2863731195783463,0.0725815306906775,0.3259462590344758,0.1807511737089202,0.0422751729438893,0.7250470809792844,0.0,3.8255193203981537,0.0311319221481413,0.0348576552342524,-1.377792068595927,667700000.0,1076200000.0,-26800000.0,2437700000.0,516450000.0,97450000.0,0.0,51.95234435049962,22.64367816091954,0.0,1.7323568575233024,3.974619289340102,0.0,0.0393587850664416,0.0660235798499464,1996-10-11,0.17,bmo,,2025-04-25,1996-09-30,-0.0588235294117647,16.873770491803278,1701651.1803278688
1996-06-30,ADP,USD,8670,1996-09-23,1996-09-23 00:00:00,1996,Q4,967900000.0,428600000.0,539300000.0,0.5571856597,72800000,231700000.0,0.0,231700000.0,53200000.0,357700000.0,786300000.0,0.0,0.0,53200000.0,234800000.0,0.2425870441,181600000.0,0.1876226883,-7500000.0,174100000.0,0.1798739539,54100000.0,120000000.0,0.12397975,0.21,0.21,571071584,583125000,https://www.sec.gov/Archives/edgar/data/8670/000095011296003416/0000950112-96-003416-index.html,https://www.sec.gov/Archives/edgar/data/8670/,1.6948838413924654,0.2101312748911001,0.2504064359118944,0.166879254142682,0.5505439402146824,4.054307839628035,1.870518565322277,4.054307839628035,0.8750216505256896,8748816666.880001,8934116666.880001,18.22670138933333,9.03896752441368,61.18053613202797,91.80290311521512,3.778696785245972,3.778696785245972,9.230412921665462,38.04990062555367,62.476340327832176,93.74728926421828,0.013716140658688,0.0108929017064413,0.2158251630458256,0.1301335972290945,0.7891822827938672,1.740426041168023,0.0,1.1916666666666669,0.0033033038753006,0.2408333333333333,0.2393842339084616,0.075214381650997,0.3247740826584026,0.3335664335664335,0.0492819506147329,0.8966165413533834,0.0,4.378193656143533,0.0403733325319928,0.0462820117247763,-1.4530577658719577,618700000.0,1068200000.0,-70300000.0,2334100000.0,534050000.0,119600000.0,0.0,47.16189689017461,20.242650489967332,0.0,1.908320189274448,4.446058091286307,0.0,0.0518291366129659,0.0835271817692123,1996-08-14,0.21,bmo,,2025-04-25,1996-06-30,0.0,16.6928125,1246834.625
1996-03-31,ADP,USD,8670,1996-05-10,1996-05-10 00:00:00,1996,Q3,1031900000.0,428400000.0,603500000.0,0.5848434926,63800000,276700000.0,0.0,276700000.0,55300000.0,395800000.0,824200000.0,0.0,0.0,55300000.0,263000000.0,0.2548696579,207700000.0,0.2012791937,-7800000.0,199900000.0,0.1937203217,56000000.0,143900000.0,0.1394514972,0.25,0.25,575600000,575600000,https://www.sec.gov/Archives/edgar/data/8670/000000867096000004/0000008670-96-000004-index.html,https://www.sec.gov/Archives/edgar/data/8670/,1.7927380125086867,0.25,0.3210562890896455,0.257991660875608,0.6476719944405838,4.204134815844336,2.0639332870048643,4.204134815844336,0.8736970118137596,8875752000.0,9005852000.0,15.42,8.601368349646284,48.02896103896104,59.76937373737374,3.667817678416464,3.667817678416464,8.727446457990116,34.242783269961976,48.73296536796537,60.64546801346801,0.0162127107652399,0.0167309767104804,0.2078185048968965,0.127429367794248,0.4946768060836501,1.530406852248394,0.0,1.2842251563585825,0.0032898620871786,0.2029186935371786,0.2681461381916852,0.0618276964822172,0.3121500063347269,0.1964285714285714,0.0351778273088477,0.6564195298372514,0.0,4.862947494999755,0.0481157583361417,0.0530096515140352,-1.2736709520500349,495400000.0,1188000000.0,-97200000.0,2195700000.0,535950000.0,131050000.0,0.0,48.9204380269406,30.0,0.0,1.8397218755571405,3.0,0.0,0.0594652671597999,0.0630646282140375,1996-04-11,0.25,bmo,,2025-04-25,1996-03-31,0.0,16.14171875,1277841.21875
1995-12-31,ADP,USD,8670,1996-02-13,1996-02-13 00:00:00,1996,Q2,819700000.0,342700000.0,477000000.0,0.5819202147,58900000,210300000.0,0.0,210300000.0,48600000.0,317800000.0,660500000.0,0.0,0.0,48600000.0,207800000.0,0.2535073807,159200000.0,0.1942173966,-8600000.0,150600000.0,0.1837257533,41700000.0,108900000.0,0.132853483,0.19,0.19,573157895,573157895,https://www.sec.gov/Archives/edgar/data/8670/000000867096000002/0000008670-96-000002-index.html,https://www.sec.gov/Archives/edgar/data/8670/,1.4301469231266544,0.189999999912764,0.2386776858408275,0.1470798897396327,0.4157667583031374,3.924224056967758,1.810670338929904,3.924224056967758,0.785996326544538,8385300003.85,8597500003.85,19.250000008838384,10.229718194278394,61.29605265972222,99.46975093534996,3.728125557464877,3.728125557464877,10.488593392521654,41.37391724663138,62.8472222503655,101.9869514098458,0.0129870129810501,0.0100533075693528,0.2002934376667259,0.1208584842387659,1.021174205967276,1.4350414380763394,0.0,1.256198347107438,0.0034345819454016,0.2644628099173554,0.2565572770525802,0.071855556911065,0.3249899396378269,0.3837719298245614,0.0640478223740392,1.0802469135802468,0.0,4.095858620098435,0.0393837581592889,0.0432812686300226,-1.4947887963752118,372700000.0,1037800000.0,-248900000.0,2052500000.0,448250000.0,89900000.0,0.0,56.10589239965841,31.330609862853805,0.0,1.604109589041096,2.8725901089689856,0.0,0.0484172150097812,0.0915977961011947,1996-01-16,0.19,bmo,,2025-04-25,1995-12-31,0.0,15.011746031746032,1502327.7777777778
1995-09-30,ADP,USD,8670,1995-11-14,1995-11-14 00:00:00,1996,Q1,747100000.0,316800000.0,430300000.0,0.5759603801,54200000,215000000.0,0.0,215000000.0,44500000.0,313700000.0,630500000.0,0.0,0.0,44500000.0,161100000.0,0.215633784,116600000.0,0.1560701379,-5800000.0,110800000.0,0.1483067862,28900000.0,81900000.0,0.109623879,0.15,0.15,546000000,546000000,https://www.sec.gov/Archives/edgar/data/8670/000000867095000015/0000008670-95-000015-index.html,https://www.sec.gov/Archives/edgar/data/8670/,1.3683150183150183,0.15,0.3287545787545787,0.2793040293040293,0.710989010989011,3.9038461538461537,2.5489010989010987,3.9038461538461537,0.7250915750915751,7327320000.0,7335020000.0,22.366666666666667,9.807683041092224,40.820724233983285,48.048,3.437635467980296,3.437635467980296,9.817989559630572,45.5308504034761,40.86362116991644,48.09849180327869,0.011177347242921,0.0208125208125208,0.1857377433732113,0.1208707333455455,0.047796399751707,2.196157913288685,0.0,2.191697191697192,0.0034391837670526,0.3076923076923077,0.2877794137331013,0.0725471824387632,0.2258655431397692,0.1504178272980501,0.0361397403292731,0.6067415730337079,0.0,3.629804508404105,0.0318022154590323,0.0323000473260766,-0.854532967032967,678700000.0,1391700000.0,102200000.0,1835500000.0,381300000.0,63250000.0,0.0,46.43956632311605,17.1875,0.0,1.9380025940337224,5.236363636363636,0.0,0.038423645320197,0.0494505494505494,1995-10-16,0.14,bmo,,2025-04-25,1995-09-30,0.0,15.534761904761906,1499056.5555555555
1995-06-30,ADP,USD,8670,1995-09-21,1995-09-21 00:00:00,1995,Q4,799800000.0,346900000.0,452900000.0,0.5662665666,54300000,195200000.0,0.0,195200000.0,52900000.0,302400000.0,649300000.0,0.0,0.0,52900000.0,203400000.0,0.2543135784,150500000.0,0.188172043,-6000000.0,144500000.0,0.1806701675,38600000.0,105900000.0,0.132408102,0.19,0.19,546000000,546000000,https://www.sec.gov/Archives/edgar/data/8670/000091205795007958/0000912057-95-007958-index.html,https://www.sec.gov/Archives/edgar/data/8670/,1.4648351648351647,0.1939560439560439,0.2897435897435897,0.2225274725274725,0.5743589743589743,3.83992673992674,2.5474358974358973,3.83992673992674,0.7322344322344322,6764940000.0,6851140000.0,15.970113314447593,8.458289572393099,42.76194690265486,55.67851851851851,3.2266240579986647,3.2266240579986647,8.566066516629157,33.68308751229105,43.30682680151707,56.38798353909465,0.0156542408358388,0.017960247984461,0.1906896880663932,0.1248945674924244,0.423795476892822,2.2295655375552283,0.0,1.493862134088763,0.0037250884708511,0.2379603399433427,0.2440610152538134,0.0678919729932483,0.2204554684327262,0.231984829329962,0.0458864716179044,0.6937618147448015,0.0,4.093590415520028,0.0413485405188041,0.0424380860783842,-0.9305402930402932,667900000.0,1390900000.0,106600000.0,1789600000.0,378150000.0,59800000.0,0.0,42.43435858964742,17.123090227731335,0.0,2.120922832140016,5.256060606060606,0.0,0.0505103500906229,0.0672161172161172,1995-08-14,0.19,bmo,,2025-04-25,1995-06-30,0.0,14.508253968253968,1563902.2857142857
1995-03-31,ADP,USD,8670,1995-05-11,1995-05-11 00:00:00,1995,Q3,799000000.0,309600000.0,489400000.0,0.6125156446,48100000,224100000.0,0.0,224100000.0,42100000.0,314300000.0,623900000.0,0.0,0.0,42100000.0,217200000.0,0.2718397997,175100000.0,0.2191489362,-6000000.0,169100000.0,0.2116395494,43800000.0,125300000.0,0.1568210263,0.22,0.22,569545455,569545455,https://www.sec.gov/Archives/edgar/data/8670/000000867095000004/0000008670-95-000004-index.html,https://www.sec.gov/Archives/edgar/data/8670/,1.4028731034294708,0.2199999998244214,0.2533599359510295,0.2027932959275392,0.6629848358635396,3.545985631647258,2.393487627778541,3.545985631647258,0.6975738222684965,7068059096.55,7087759096.55,14.102272738527532,8.846131535106384,48.981698520790026,61.19531685324675,3.499732172979798,3.499732172979798,8.870787354881102,32.63240836348987,49.11821965731116,61.365879623809526,0.0177276389866576,0.0163411197363045,0.1967221231927114,0.12898513083566,0.0906998158379373,2.4143308330043425,0.0,1.151636073423783,0.0030418534574073,0.1715881883479648,0.2804755944931164,0.0602002503128911,0.2131030452568015,0.1995841995841996,0.0360450563204005,0.684085510688836,0.0,4.189585762655473,0.0503593735467759,0.0516956844624143,-0.6998563442140013,716500000.0,1363200000.0,162500000.0,1779400000.0,352600000.0,52250000.0,0.0,42.71339173967459,15.581395348837209,0.0,2.1070675105485237,5.776119402985074,0.0,0.0620419885125767,0.0505666400234903,1995-04-12,0.22,bmo,,2025-04-25,1995-03-31,0.0,12.98015873015873,1733461.5555555555
1994-12-31,ADP,USD,8670,1995-02-10,1995-02-10 00:00:00,1995,Q2,672600000.0,268100000.0,404500000.0,0.6013975617,46500000,183900000.0,0.0,183900000.0,39800000.0,270200000.0,538300000.0,0.0,0.0,39700000.0,174100000.0,0.2588462682,134300000.0,0.1996729111,-6200000.0,128100000.0,0.1904549509,33200000.0,94900000.0,0.1410942611,0.17,0.17,558235294,558235294,https://www.sec.gov/Archives/edgar/data/8670/000000867095000002/0000008670-95-000002-index.html,https://www.sec.gov/Archives/edgar/data/8670/,1.2048682826564527,0.1700000000358272,0.1329188619879702,0.083656480523426,0.5162697577484235,3.3767123294787598,2.2470811385136105,3.3767123294787598,0.6887776608406275,6430870586.88,6527170586.88,16.941176467017915,9.561211101516504,86.66941491752021,137.70600828436832,3.41160243335809,3.41160243335809,9.704386837466547,37.49092812682367,87.96725858328841,139.768106785439,0.0147569444475544,0.0072618472676585,0.2039787798408488,0.133141729284255,0.553130384836301,2.318241469816273,0.0,0.7818756585879874,0.0032965987596222,0.2233930453108535,0.2734165923282783,0.0691347011596788,0.2183593614737352,0.3706199460916442,0.0408861135890573,0.6926952141057935,0.0,3.5938732118674226,0.0408915089256096,0.0420413768661675,-0.8422971550774072,602700000.0,1254400000.0,57000000.0,1634600000.0,315200000.0,52100000.0,0.0,43.621766280107046,17.086907870197688,0.0,2.06319018404908,5.2671905697445975,0.0,0.0503448275862069,0.0492623814645442,1995-01-13,0.17,bmo,,2025-04-25,1994-12-31,0.0,12.44904761904762,1476117.174603175
1994-09-30,ADP,USD,8670,1994-11-09,1994-11-09 00:00:00,1995,Q1,622300000.0,252700000.0,369600000.0,0.5939257593,44400000,188900000.0,0.0,188900000.0,37800000.0,271100000.0,523800000.0,0.0,0.0,37800000.0,136300000.0,0.2190261932,98500000.0,0.158283786,-5900000.0,92600000.0,0.1488028282,23900000.0,68700000.0,0.1103969147,0.13,0.13,528461538,528461538,https://www.sec.gov/Archives/edgar/data/8670/000000867094000015/0000008670-94-000015-index.html,https://www.sec.gov/Archives/edgar/data/8670/,1.17756914222204,0.1300000001135371,0.1932023291352567,0.146462882223985,0.5029694327536851,3.303930133889895,2.129767105207948,3.303930133889895,0.7188791854895596,5855353841.04,5969453841.04,21.30769228908297,9.409213949927688,57.34920510323213,75.65056642170542,3.353581810446735,3.353581810446735,9.592566030917563,43.79643316977256,58.46673693476984,77.12472662842377,0.0117328519958066,0.013218671680865,0.2175830469644902,0.1367629058967528,0.8371239911958914,2.169921063564604,0.0,1.4861717612809315,0.0036376964703155,0.3100436681222707,0.3035513417965611,0.0713482243291017,0.2233782129742962,0.2419196865817825,0.0396914671380363,0.6534391534391535,0.0,3.108696776797009,0.0317906703018637,0.0318453622583785,-1.0174818058376842,563200000.0,1125500000.0,12800000.0,1581500000.0,301250000.0,54750000.0,0.0,44.02378274144304,18.98298377522754,0.0,2.044349540078844,4.741088180112571,0.0,0.0393470790378006,0.0467394469112717,1994-10-12,0.12,bmo,,2025-04-25,1994-09-30,0.0,12.06031746031746,1281781.5238095238
1994-06-30,ADP,USD,8670,1994-09-01,1994-09-01 00:00:00,1994,Q4,665000000.0,297100000.0,367900000.0,0.5532330827,44900000,157700000.0,0.0,157700000.0,39400000.0,242000000.0,539100000.0,0.0,0.0,39400000.0,165300000.0,0.2485714286,125900000.0,0.1893233083,-5500000.0,120400000.0,0.1810526316,30000000.0,82900000.0,0.1246616541,0.16,0.16,528461538,528461538,https://www.sec.gov/Archives/edgar/data/8670/000091205794002935/0000912057-94-002935-index.html,https://www.sec.gov/Archives/edgar/data/8670/,1.2583697245342385,0.1568704513742682,0.3216885010087527,0.2509170307868271,0.4514992725922847,3.200422127977079,2.048020380245724,3.200422127977079,0.7099854445793177,5532992302.860001,5669592302.860001,16.685742770989144,8.320289177233084,32.5470135462353,41.72694044389141,3.2714434475610483,3.2714434475610483,8.52570271106767,34.29880401004235,33.350542958000005,42.75710635641026,0.014982851134123,0.0239653324533741,0.2218411872524094,0.1386753400354819,0.8263762855414398,2.060644081974069,0.0,1.8805309734513271,0.003795414641937,0.2533172496984318,0.2371428571428571,0.0675187969924812,0.2250887049083382,0.22,0.0562406015037593,0.949238578680203,0.0,3.3609764110432416,0.0423975457957984,0.0395402079557378,-1.044778021290927,507200000.0,1082300000.0,-28900000.0,1512000000.0,308750000.0,52150000.0,0.0,40.34436090225564,17.02457085156513,0.0,2.23079503522308,5.286476868327402,0.0,0.0490155501685094,0.0707714702219255,1994-08-15,0.16,bmo,,2025-04-25,1994-06-30,0.0,11.162063492063492,1046449.9047619049
1994-03-31,ADP,USD,8670,1994-05-06,1994-05-06 00:00:00,1994,Q3,674400000.0,266100000.0,408300000.0,0.6054270463,41800000,184300000.0,0.0,184300000.0,36600000.0,262700000.0,528800000.0,0.0,0.0,36600000.0,182200000.0,0.2701660735,145600000.0,0.2158956109,-5100000.0,140500000.0,0.2083333333,35500000.0,105000000.0,0.1556939502,0.19,0.19,552631579,552631579,https://www.sec.gov/Archives/edgar/data/8670/000000867094000013/0000008670-94-000013-index.html,https://www.sec.gov/Archives/edgar/data/8670/,1.220342857026634,0.1899999999819047,0.2730571428311374,0.2225714285502313,0.219857142836204,3.0101428568561768,1.9598952379085817,3.0101428568561768,0.6709714285075266,5581578947.9,5830878947.9,13.28947368547619,8.276362615510083,36.98859475082836,45.37869063333333,3.355322481454764,3.355322481454764,8.646024537218267,32.00262869319429,38.64068222597746,47.405519901626015,0.0188118811863272,0.0220367751039833,0.2229035166816952,0.140364159442783,1.3682766190998903,2.0808435852372584,0.0,1.437142857142857,0.0032965582269373,0.1752380952380952,0.2732799525504152,0.0619810201660735,0.2197070068516485,0.1848906560636183,0.0413701067615658,0.7622950819672131,0.0,3.5872497420495546,0.0497128051445339,0.0509387279871925,-1.1167476189412622,492000000.0,1083100000.0,-31000000.0,1458900000.0,302750000.0,46250000.0,0.0,42.62455516014235,16.268320180383316,0.0,2.1114589855979964,5.532224532224532,0.0,0.0631199278629395,0.0504857142809061,1994-04-12,0.18,bmo,,2025-04-25,1994-03-31,0.0555555555555556,10.56515625,1157026.453125
1993-12-31,ADP,USD,8670,1994-02-09,1994-02-09 00:00:00,1994,Q2,577700000.0,270600000.0,307100000.0,0.5315907911,0,158700000.0,0.0,158700000.0,36700000.0,195400000.0,466000000.0,0.0,0.0,36700000.0,148400000.0,0.2568807339,111700000.0,0.1933529514,-5100000.0,106600000.0,0.1845248399,26400000.0,80200000.0,0.1388263805,0.15,0.15,534666667,534666667,https://www.sec.gov/Archives/edgar/data/8670/000000867094000007/0000008670-94-000007-index.html,https://www.sec.gov/Archives/edgar/data/8670/,1.080486283615657,0.1499999999064838,0.1342892767242585,0.0907107231354671,0.2683915210296811,2.9934538634704158,1.9438279289627007,2.9934538634704158,0.6721945132966368,5817173336.96,6033073336.96,18.133333344638405,10.069540136679938,81.01912725571032,119.94171828783506,3.6345975238737895,3.6345975238737895,10.44326352252034,40.65413299838275,84.02609104401114,124.39326467958765,0.0137867646972871,0.0083373826411274,0.2245548266166822,0.1427776894962656,1.4548517520215634,2.1027638190954776,0.0,0.8952618453865336,0.0031458577800542,0.2281795511221945,0.2747100571230743,0.0,0.2229461306213253,0.3245125348189415,0.0403323524320581,0.6348773841961853,0.0,3.1785070053271998,0.0396307288848739,0.041002044989775,-1.0448098497226872,438900000.0,1039300000.0,-79800000.0,1360100000.0,283800000.0,52150000.0,0.0,44.571576943050026,14.76718403547672,0.0,2.0192240475358267,6.094594594594595,0.0,0.0501093408309903,0.0435785535887914,1994-01-14,0.14,bmo,,2025-04-25,1993-12-31,0.0,10.235645161290323,1200080.9677419355
1993-09-30,ADP,USD,8670,1993-09-30,1993-09-29 20:00:00,1994,Q1,552000000.0,266700000.0,285300000.0,0.5168478261,0,165500000.0,0.0,165500000.0,35600000.0,201100000.0,467800000.0,0.0,0.0,35600000.0,119800000.0,0.2170289855,84200000.0,0.1525362319,-5300000.0,78900000.0,0.1429347826,20400000.0,61200000.0,0.1108695652,0.12,0.12,510000000,510000000,,,1.0823529411764703,0.12,0.228235294117647,0.1849019607843137,0.4652941176470588,2.941960784313725,1.8454901960784311,2.941960784313725,0.6913725490196079,5049000000.0,5164300000.0,20.625,9.146739130434783,43.376288659793815,53.541887592788974,3.365102639296188,3.365102639296188,9.355615942028985,43.10767946577629,44.36683848797251,54.76458112407211,0.0121212121212121,0.0186769657357892,0.2350039989336177,0.143953621295011,0.9624373956594324,1.8171197483711523,0.0,1.9897435897435896,0.0036244800950683,0.2990196078431372,0.2998188405797101,0.0,0.2283008083612313,0.1898625429553264,0.0400362318840579,0.6207865168539326,0.0,2.818385019412192,0.0311276714173697,0.032377526187705,-0.9815196078431372,363700000.0,941200000.0,-140200000.0,1284400000.0,287900000.0,62700000.0,0.0,45.89673913043479,20.213723284589424,0.0,1.9609236234458256,4.452420701168615,0.0,0.0407891229005598,0.0433333333333333,1993-10-15,0.11,bmo,,2025-04-25,1993-09-30,0.0,10.471904761904762,1358600.4761904762
1993-06-30,ADP,USD,8670,1993-06-30,1993-06-29 20:00:00,1993,Q4,596700000.0,269900000.0,326800000.0,0.5476789006,0,0.0,0.0,178900000.0,38300000.0,217200000.0,487100000.0,0.0,0.0,38300000.0,147900000.0,0.2478632479,109600000.0,0.1836768896,-5300000.0,104300000.0,0.1747947042,24600000.0,79700000.0,0.1335679571,0.16,0.16,510000000,510000000,,,1.17,0.1562745098039215,0.2456862745098039,0.1905882352941176,0.3545098039215686,2.930392156862745,1.802549019607843,2.930392156862745,0.6843137254901961,4824600000.0,4992800000.0,15.133626097867005,8.085470085470085,38.504389465283325,49.63580246913581,3.2282368685178997,3.2282368685178997,8.367353779118485,33.7579445571332,39.84676775738228,51.36625514403292,0.0165195042076027,0.0201467479169257,0.2335229173636668,0.1430679675329999,1.1372549019607845,1.8527504203699257,0.0,1.5721455457967377,0.0038137876715168,0.2308657465495608,0.0,0.0,0.2357956874641305,0.2242617717478052,0.0470923412099882,0.7336814621409922,0.0,3.2099495247678105,0.0413682153921271,0.0427529235060615,-1.0654411764705882,355000000.0,919300000.0,-173600000.0,1291400000.0,300350000.0,61400000.0,0.0,44.38914027149321,21.84142274916636,0.0,2.027522935779817,4.120610687022901,0.0,0.0533288725326196,0.0550980392156862,1993-08-17,0.14,bmo,,2025-04-25,1993-06-30,0.0,10.60484375,1086238.125
1993-03-31,ADP,USD,8670,1993-03-31,1993-03-30 19:00:00,1993,Q3,613000000.0,236600000.0,376400000.0,0.6140293638,0,214100000.0,0.0,214100000.0,35700000.0,249800000.0,486400000.0,0.0,0.0,35800000.0,162400000.0,0.2649265905,126600000.0,0.2065252855,-4900000.0,121700000.0,0.1985318108,29200000.0,92500000.0,0.1508972268,0.17,0.17,544117647,544117647,,,1.126594594716389,0.1700000000183783,0.1812108108304011,0.1488648648809583,0.4199459459913455,2.769805405704844,1.6854810812632952,2.769805405704844,0.6380972973662807,5598970587.629999,5717670587.629999,15.13235293954054,9.133720371337684,56.78469155811359,69.12309367444443,3.7150624295866232,3.7150624295866232,9.327358217993474,35.20733120461822,57.98854551348884,70.58852577320987,0.0165208940737005,0.0144669450807539,0.2303762192289828,0.1434829324737581,0.7309113300492611,1.9537528430629263,0.0,1.067099567099567,0.002929109868202,0.1772972972972973,0.3492659053833605,0.0,0.2438218034548309,0.178498985801217,0.0287112561174551,0.4916201117318435,0.0,3.254920226052611,0.0474595916663542,0.0505519728932123,-0.835113513603796,377400000.0,917100000.0,-139600000.0,1326200000.0,276750000.0,47650000.0,0.0,44.98531810766721,21.79628064243449,0.0,2.00065274151436,4.129144851657941,0.0,0.0613761528763851,0.0323459459494428,1993-04-12,0.16,bmo,,2025-04-25,1993-03-31,0.0,9.72046875,1188982.359375
1992-12-31,ADP,USD,8670,1992-12-31,1992-12-30 19:00:00,1993,Q2,518500000.0,212600000.0,305900000.0,0.5899710704,0,175600000.0,0.0,175600000.0,33300000.0,208900000.0,421500000.0,0.0,0.0,33200000.0,130300000.0,0.2513018322,97000000.0,0.1870781099,-4700000.0,92300000.0,0.1780135005,22200000.0,70100000.0,0.1351976856,0.13,0.13,539230769,539230769,,,0.9615549219521632,0.1300000000556348,0.1209129815068101,0.0834522111626756,0.4638088447063376,2.628373752908006,1.6147075613187052,2.628373752908006,0.6451783169665528,5645746151.43,5743546151.43,20.13461537599857,10.888613599672132,86.59119864156442,125.46102558733334,3.983451740231426,3.983451740231426,11.077234621851495,44.07940254359171,88.09119864156442,127.63435892066668,0.0124164278945209,0.0079706027853558,0.2454667325195794,0.1525408865699127,0.750575594781274,2.0577984316003484,0.0,0.9287749287749288,0.0028694170027281,0.2310984308131241,0.3386692381870781,0.0,0.2396632612794317,0.3098159509202454,0.0389585342333654,0.608433734939759,0.0,2.7727230713769577,0.0378978115110429,0.0404244276569978,-0.7936768904965807,364200000.0,870700000.0,-154900000.0,1267300000.0,243750000.0,37950000.0,0.0,42.89103182256509,16.086547507055506,0.0,2.0983407527316875,5.594736842105263,0.0,0.0494602413038876,0.0374607703441344,1992-12-30,,bmo,,2025-04-25,1992-12-31,,9.71936507936508,1483401.015873016
1992-09-30,ADP,USD,8670,1992-09-30,1992-09-29 20:00:00,1993,Q1,495300000.0,208100000.0,287200000.0,0.5798505956,0,180900000.0,0.0,180900000.0,32900000.0,213800000.0,421900000.0,0.0,0.0,32900000.0,106300000.0,0.2146174036,73400000.0,0.1481930143,-5100000.0,68300000.0,0.1378962245,16400000.0,51900000.0,0.1047849788,0.1,0.1,519000000,519000000,,,0.954335260115607,0.1,0.1971098265895954,0.1556840077071291,0.4441233140655106,2.570134874759152,1.4928709055876686,2.570134874759152,0.6649325626204239,4842270000.0,4956870000.0,23.325,9.776438522107814,47.33401759530791,59.92908415841584,3.6301596821350928,3.6301596821350928,10.007813446396124,46.63095014111006,48.45425219941349,61.34740099009901,0.0107181136120042,0.0166863888217716,0.2587150461054052,0.154878377165425,1.0780809031044214,1.8939194524874967,0.0,1.9710982658959533,0.0033455383528799,0.3121387283236994,0.3652331920048455,0.0,0.2509200251323938,0.2101661779081134,0.0434080355340197,0.6534954407294833,0.0,2.404746029876771,0.0300497832204255,0.0310946018812533,-0.9315992292870906,339600000.0,774800000.0,-174800000.0,1256400000.0,242000000.0,36100000.0,0.0,43.682616596002426,16.39115809706872,0.0,2.060316139767055,5.490765171503957,0.0,0.0389084639028412,0.0414258188824662,1993-01-16,0.12,bmo,,2025-04-25,1992-09-30,0.0833333333333334,10.493387096774194,1241924.9677419355
1992-06-30,ADP,USD,8670,1992-06-30,1992-06-29 20:00:00,1992,Q4,516900000.0,228200000.0,288700000.0,0.5585219578,0,0.0,0.0,159800000.0,30100000.0,189900000.0,418100000.0,0.0,0.0,30100000.0,128900000.0,0.2493712517,98800000.0,0.1911394854,-5300000.0,93500000.0,0.1808860515,23200000.0,70300000.0,0.1360030954,0.14,0.14,519000000,519000000,,,0.9959537572254336,0.1354527938342967,0.3344894026974951,0.2990366088631984,0.5857418111753372,2.4984585741811176,1.427552986512524,2.4984585741811176,0.6579961464354528,4369980000.0,4407480000.0,15.540469416785204,8.454207777132908,25.172695852534563,28.15708762886598,3.3700778900285338,3.3700778900285338,8.526755658734764,34.19301784328937,25.38870967741936,28.398711340206187,0.016087030146591,0.03551503668209,0.2633608390529806,0.1574240538422532,0.290923196276183,1.999182561307902,0.0,2.469416785206259,0.0036842273877683,0.2290184921763869,0.0,0.0,0.2562116811874798,0.1059907834101382,0.0355968272393112,0.6112956810631229,0.0,2.7594423111241038,0.0410277917740507,0.0435698791447164,-0.7435452793834296,366700000.0,740900000.0,-138900000.0,1279100000.0,252500000.0,31350000.0,0.0,42.41439349970981,13.52760736196319,0.0,2.12192118226601,6.653061224489796,0.0,0.054214544613249,0.0354527938342967,1992-06-29,,bmo,,2025-04-25,1992-06-30,,9.88859375,906013.078125
1992-03-31,ADP,USD,8670,1992-03-31,1992-03-30 19:00:00,1992,Q3,545300000.0,216700000.0,328600000.0,0.6026040712,0,189100000.0,0.0,189100000.0,29000000.0,218100000.0,434800000.0,0.0,0.0,28900000.0,139500000.0,0.255822483,110500000.0,0.2026407482,-3700000.0,106800000.0,0.1958554924,27000000.0,79800000.0,0.1463414634,0.15,0.15,532000000,532000000,,,1.025,0.15,0.1684210526315789,0.1466165413533834,0.525,2.3075187969924813,1.687406015037594,2.3075187969924813,0.6716165413533834,4766720000.0,4844720000.0,14.933333333333335,8.741463414634147,53.2,61.11179487179487,3.8829586184424896,3.8829586184424896,8.88450394278379,34.729175627240146,54.07053571428571,62.11179487179487,0.0167410714285714,0.0163634532760472,0.2910557184750733,0.1748727486296006,0.5591397849462365,2.3657996679579414,0.0,1.124215809284818,0.0029370300751879,0.175438596491228,0.346781588116633,0.0,0.1614624119028974,0.1294642857142857,0.0212726939299468,0.4013840830449827,0.0,2.790676609686193,0.0485588465221272,0.0465767816494484,-0.6395676691729323,493600000.0,897700000.0,39400000.0,1181300000.0,244750000.0,37100000.0,0.0,43.14322391344214,11.795108444854636,0.0,2.0860749808722265,7.630281690140845,0.0,0.0650048875855327,0.0218045112781954,1992-03-30,,bmo,,2025-04-25,1992-03-31,,8.705,1043535.0
1991-12-31,ADP,USD,8670,1991-12-31,1991-12-30 19:00:00,1992,Q2,449300000.0,187500000.0,261800000.0,0.5826841754,0,151100000.0,0.0,151100000.0,28800000.0,179900000.0,367400000.0,0.0,0.0,28800000.0,110700000.0,0.2463832629,81900000.0,0.1822835522,-1600000.0,80300000.0,0.1787224572,19900000.0,60400000.0,0.1344313376,0.11,0.11,549090909,549090909,,,0.8182615895394473,0.1100000000182119,0.1770198675789768,0.1520695364490181,0.1353145695588269,2.099470199023091,1.6150331128501711,2.099470199023091,0.1107284768395245,4919854544.64,4906354544.64,20.363636360264906,10.950043500200312,50.6157874962963,58.920413708263474,4.267743359333797,4.267743359333797,10.919996760827956,44.321179265040655,50.47689860740741,58.75873706155689,0.0122767857163182,0.016972046478685,0.0527411519777932,0.0366441658630665,-0.1219512195121951,1.7102088849661663,0.0,1.609271523178808,0.0028049609749204,0.2284768211920529,0.3363009125306032,0.0,0.1603182256509161,0.1409465020576131,0.0304918762519474,0.4756944444444444,0.0,2.2795150237369453,0.0463567513914025,0.0433534309503301,-0.4753766557078438,241400000.0,886800000.0,74900000.0,866500000.0,224700000.0,32900000.0,0.0,45.691075005564215,21.984,0.0,1.969750109601052,4.093886462882096,0.0,0.0523941707147814,0.0249503311299586,1991-12-30,,bmo,,2025-04-25,1991-12-31,,8.85920634920635,1047803.5238095238
1991-09-30,ADP,USD,8670,1991-09-30,1991-09-29 20:00:00,1992,Q1,429100000.0,183800000.0,245300000.0,0.5716616173,0,154400000.0,0.0,154400000.0,28300000.0,182700000.0,366500000.0,0.0,0.0,28300000.0,90900000.0,0.2118387322,62600000.0,0.1458867397,-1600000.0,61000000.0,0.1421580051,15200000.0,45800000.0,0.1067350268,0.09,0.09,508888889,508888889,,,0.8432096068027927,0.0899999999803493,0.1515065501852605,0.1265502183129803,0.3446724890077134,2.119126637091893,1.5962227070750603,2.119126637091893,0.1226200873094715,3485888889.65,3372888889.65,19.027777781932315,8.123721486017244,45.21256666212711,54.1287094666149,3.2324637329840504,3.2324637329840504,7.86037960766721,37.10548833498349,43.74693760894941,52.374051081521735,0.0131386861285181,0.0184744844252526,0.0578635014836795,0.0393889660396414,-1.2431243124312432,1.833039388594944,0.0,1.683406113537118,0.0039588180911255,0.3013100436681222,0.3598228851083663,0.0,0.1679712157555864,0.1647211413748378,0.0295968305756233,0.4487632508833922,0.0,2.0715287686088586,0.0374691577450652,0.0347469842955769,-0.3231058951259594,283400000.0,812300000.0,117800000.0,914600000.0,223350000.0,24200000.0,0.0,46.41575390351899,9.793253536452664,0.0,1.938996836873023,9.19,0.0,0.0424703264094955,0.0249563318722802,1991-09-29,,bmo,,2025-04-25,1991-09-30,,8.86111111111111,1326507.984126984
1991-06-30,ADP,USD,8670,1991-06-30,1991-06-29 20:00:00,1991,Q4,441600000.0,192300000.0,249300000.0,0.5645380435,0,0.0,0.0,134700000.0,29700000.0,164400000.0,356700000.0,0.0,0.0,29700000.0,114600000.0,0.2595108696,84900000.0,0.1922554348,-2400000.0,82500000.0,0.1868206522,19500000.0,63000000.0,0.1426630435,0.12,0.12,508888889,508888889,,,0.8677729255747221,0.1237991266105242,0.2831659388028022,0.2584061134806973,0.2733406112940304,2.068427947146632,1.5628165935452365,2.068427947146632,0.1267467248631557,3323044445.17,3248444445.17,13.18668430623016,7.525010066055254,23.06068317258848,25.270299963269963,3.156986932519476,3.156986932519476,7.356078906634964,28.34593756692845,22.54298712817488,24.702999583041827,0.0189585186233574,0.0395721460154207,0.0612768383051491,0.0412166911623745,-0.6509598603839442,1.7679840773386408,0.0,2.287301587301587,0.0041829112518201,0.2206349206349206,0.0,0.0,0.1644194517221547,0.0874392782789729,0.0285326086956521,0.4242424242424242,0.0,2.4003261027524845,0.0529722422360709,0.0481798715203426,-0.401168122183151,270100000.0,795300000.0,109500000.0,899700000.0,236700000.0,24250000.0,15900000.0,45.9375,13.291731669266772,0.0,1.959183673469388,6.77112676056338,0.0,0.0598517955538666,0.0247598253221048,1991-06-29,,bmo,,2025-04-25,1991-06-30,,7.50390625,1070866.765625
1991-03-31,ADP,USD,8670,1991-03-31,1991-03-30 19:00:00,1991,Q3,490900000.0,195100000.0,295800000.0,0.6025667142,0,172200000.0,0.0,172200000.0,29600000.0,201800000.0,396900000.0,0.0,0.0,29500000.0,123600000.0,0.2517824404,94000000.0,0.1914850275,-2300000.0,91700000.0,0.1867997556,22000000.0,69700000.0,0.1419841108,0.13,0.13,536153846,536153846,,,0.91559540915799,0.1300000000373027,0.1762553802514362,0.1520086083649953,0.4166714491869932,1.9154949790288365,1.5180344337211005,1.9154949790288365,0.1978909613193374,3372407691.34,3255107691.34,12.096153842682927,6.869846590629456,35.68685387661375,41.37923547656442,3.2837465348977606,3.2837465348977606,6.630897721205948,26.33582274546925,34.44558403534392,39.93997167288344,0.0206677265560099,0.0241667103918911,0.1033106134371957,0.0678866210250176,-0.9490291262135924,2.0761959323975936,0.0,1.3558106169296986,0.0035879410520476,0.1736011477761836,0.3507842737828478,0.0,0.1363490946317742,0.1375661375661375,0.0264819718883683,0.4406779661016949,0.0,2.367028266681039,0.0574480989421142,0.0516372795969773,-0.2062840746646439,375700000.0,813900000.0,188900000.0,970000000.0,241400000.0,10050000.0,66150000.0,45.46750865756773,9.272168118913378,14.669400307534596,1.979435483870968,9.706467661691542,6.135220125786163,0.0678675754625121,0.0242467718864409,1991-03-30,,bmo,,2025-04-25,1991-03-31,,6.53796875,1020232.4375
1990-12-31,ADP,USD,8670,1990-12-31,1990-12-30 19:00:00,1991,Q2,425100000.0,186000000.0,239100000.0,0.5624558927,0,138900000.0,0.0,138900000.0,28100000.0,167000000.0,353000000.0,0.0,0.0,28100000.0,100200000.0,0.2357092449,72100000.0,0.1696071513,-2000000.0,70100000.0,0.1649023759,16900000.0,53200000.0,0.1251470242,0.1,0.1,532000000,532000000,,,0.7990601503759398,0.1,0.0896616541353383,0.0543233082706766,0.275563909774436,1.8154135338345865,1.41203007518797,1.8154135338345865,0.1451127819548872,2808960000.0,2739560000.0,13.2,6.607762879322513,58.88805031446541,97.19584775086506,2.9084282460136675,2.9084282460136675,6.444507174782404,27.34091816367265,57.433123689727466,94.79446366782008,0.0189393939393939,0.0102885053542948,0.0799337336922758,0.0510818500628597,-0.6926147704590818,1.8061649541793947,0.0,0.8949343339587242,0.0042720437457279,0.225563909774436,0.3267466478475653,0.0,0.14199695626282,0.3941299790356394,0.0442248882615855,0.6690391459074733,0.0,2.0210592398858127,0.0475311254943052,0.0410272229505668,-0.3243421052631579,290300000.0,751200000.0,104900000.0,901700000.0,237250000.0,29600000.0,65350000.0,49.71065631616091,0.0,48.62903225806451,1.8104770017035776,0.0,1.8507462686567164,0.0550838682957134,0.0353383458646616,1990-12-30,,bmo,,2025-04-25,1990-12-31,,6.55984375,1255662.34375
1990-09-30,ADP,USD,8670,1990-09-30,1990-09-29 20:00:00,1991,Q1,414300000.0,183300000.0,231000000.0,0.5575669804,0,147000000.0,0.0,147000000.0,27200000.0,174200000.0,357500000.0,0.0,0.0,27200000.0,84000000.0,0.2027516293,56800000.0,0.1370987207,-1600000.0,55200000.0,0.1332367849,13500000.0,41700000.0,0.1006517017,0.08,0.08,521250000,521250000,,,0.7948201438848921,0.08,0.1983693045563549,0.1490647482014388,0.2470983213429256,1.9595203836930457,1.565083932853717,1.9595203836930457,0.2171702637889688,2580187500.0,2564587500.0,15.46875,6.227824040550326,24.95345744680851,33.20704633204633,2.5261283532406504,2.5261283532406504,6.190170166545981,30.53080357142857,24.80258704061896,33.00627413127413,0.0161616161616161,0.0301140905457452,0.1108282749167808,0.0705867680987716,-0.1857142857142857,1.7412587412587412,0.0,2.479616306954437,0.0048833660344451,0.302158273381295,0.3548153511947864,0.0,0.1282035293384049,0.2485493230174081,0.0620323437122857,0.9448529411764706,0.0,1.8780672753252163,0.0347635871766782,0.0298261926900793,-0.4961630695443645,296800000.0,815800000.0,114900000.0,903900000.0,250850000.0,51150000.0,32950000.0,52.07096307023896,29.0671031096563,14.828150572831424,1.728410513141427,3.096283783783784,6.069536423841059,0.0408263168200509,0.049304556354916,1990-09-29,,bmo,,2025-04-25,1990-09-30,,5.88327868852459,1382290.950819672
1990-06-30,ADP,USD,8670,1990-06-30,1990-06-29 20:00:00,1990,Q4,425800000.0,189400000.0,236400000.0,0.5551902302,0,0.0,0.0,125400000.0,30500000.0,155900000.0,345300000.0,0.0,0.0,30500000.0,111000000.0,0.260685768,80500000.0,0.1890558948,-2100000.0,78400000.0,0.1841240019,18700000.0,59700000.0,0.1402066698,0.11,0.11,521250000,521250000,,,0.8168824940047962,0.1145323741007194,0.230599520383693,0.1977937649880096,0.4755875299760191,2.1621103117505998,1.775347721822542,2.1621103117505998,0.2219664268585132,2835600000.0,2703400000.0,11.874371859296485,6.659464537341475,23.59068219633944,27.50339476236664,2.51606033717835,2.51606033717835,6.348990136214185,24.354954954954955,22.49084858569051,26.22114451988361,0.0210537452391028,0.036359147975737,0.1026619343389529,0.0683684925840572,-1.190990990990991,1.923338566195709,0.0,2.013400335008375,0.0045493017350825,0.2160804020100502,0.0,0.0,0.1191278142173373,0.1422628951747088,0.0401596993893846,0.5606557377049181,0.0,2.3604473324202684,0.0456196376742257,0.0400482994566311,-0.1976978417266187,352900000.0,925400000.0,169800000.0,954800000.0,268400000.0,36850000.0,34950000.0,55.37811178957257,20.480464625131997,16.964097148891234,1.6251908396946564,4.3944315545243615,5.30532212885154,0.0529724933451641,0.0328057553956834,1990-06-29,,bmo,,2025-04-25,1990-06-30,,5.1190625,1951998.0625
1990-03-31,ADP,USD,8670,1990-03-31,1990-03-30 19:00:00,1990,Q3,470800000.0,189400000.0,281400000.0,0.5977060323,0,162500000.0,0.0,162500000.0,29600000.0,192100000.0,381500000.0,0.0,0.0,29600000.0,118900000.0,0.252548853,89300000.0,0.1896771453,-2800000.0,86500000.0,0.1837298216,21500000.0,65000000.0,0.1380628717,0.11,0.11,590909091,590909091,,,0.7967384614158864,0.1099999999830769,0.1426615384395905,0.1098307692138721,0.2365846153482177,1.8182153843356592,1.4699384613123172,1.8182153843356592,0.2008769230460189,3108181818.66,3087081818.66,11.954545456384617,6.601915502676295,36.87048420711744,47.89186161263482,2.892946592200297,2.892946592200297,6.557098170475785,25.96368224272498,36.62018764721233,47.56674605023112,0.0209125475252997,0.0208803743752608,0.1104802680565897,0.0716960618506885,-0.1774600504625736,1.7948854555141185,0.0,1.2969230769230768,0.0035712196543204,0.1707692307692307,0.3451571792693288,0.0,0.1243053877748248,0.2301304863582443,0.0412064570943075,0.6554054054054054,0.0,2.121339924561464,0.051901961669715,0.0448337701751965,-0.369261538404729,298400000.0,868600000.0,92600000.0,909400000.0,268050000.0,39500000.0,39150000.0,52.53186066270179,14.54065469904963,16.25131995776135,1.713245997088792,6.189542483660131,5.538011695906433,0.0604988830975428,0.0328307692257183,1990-03-30,,bmo,,2025-04-25,1990-03-31,,5.103968253968255,1702238.4444444445
1989-12-31,ADP,USD,8670,1989-12-31,1989-12-30 19:00:00,1990,Q2,414000000.0,180600000.0,233400000.0,0.5637681159,0,137600000.0,0.0,137600000.0,25700000.0,163300000.0,343900000.0,0.0,0.0,25700000.0,95800000.0,0.2314009662,70100000.0,0.1693236715,-2300000.0,67800000.0,0.1637681159,17800000.0,50000000.0,0.1207729469,0.09,0.09,555555556,555555556,,,0.74519999940384,0.089999999928,,,0.212039999830368,1.961459998430832,1.570859998743312,1.961459998430832,0.20789999983368,2727777779.96,2725477779.96,13.6388888998,6.588835217294686,0.0,0.0,2.5032373863999267,2.5032373863999267,6.58327966173913,28.449663673903967,0.0,0.0,0.0183299388855397,,0.1059924749931173,0.0692363026016065,-0.0240083507306889,1.7555906340436729,0.0,0.0,0.0030285132382892,0.1652222223543999,0.3323671497584541,0.0,0.130080326099988,0.0,,0.0,,1.992976792048736,0.0397938304916791,0.0344542447629548,-0.436814999650548,287200000.0,872700000.0,88800000.0,914700000.0,,,,56.80434782608695,24.11960132890365,21.97674418604651,1.5843857634902412,3.731404958677686,4.095238095238095,0.0458841883087088,,1989-12-30,,bmo,,2025-04-25,1989-12-31,,5.382222222222222,1442687.1587301588
1989-09-30,ADP,USD,8670,1989-09-30,1989-09-29 20:00:00,1990,Q1,403400000.0,0.0,403400000.0,1.0,0,0.0,0.0,0.0,0.0,0.0,0.0,0.0,0.0,0.0,403400000.0,1.0,403400000.0,1.0,-403400000.0,0.0,0.0,0.0,0.0,0.0,0.07,0.07,582176000,582176000,,,0.6929176056725114,0.0,,,,,,,,2689653120.0,,0.0,6.667459395141299,0.0,0.0,0.0,0.0,,,0.0,0.0,0.0,,0.0,0.0,,0.0,0.0,0.0,0.0032186147186147,0.0,0.0,0.0,0.0,0.0,,0.0,,,0.0,0.0,,,,,,,,,,0.0,0.0,0.0,0.0,0.0,0.0,,1989-09-29,,bmo,,2025-04-25,1989-09-30,,4.934126984126984,2134863.6825396824
1989-06-30,ADP,USD,8670,1989-06-30,1989-06-29 20:00:00,1989,Q4,418100000.0,193600000.0,224500000.0,0.5369528821,0,0.0,0.0,111300000.0,31500000.0,142800000.0,336400000.0,0.0,0.0,31500000.0,113200000.0,0.2707486247,81700000.0,0.1954077972,-5600000.0,76100000.0,0.1820138723,23100000.0,53000000.0,0.1267639321,0.091,0.091,582176000,582176000,,,0.718167701863354,0.0910377617765074,0.1107912383883911,0.0668182817567196,0.4131053152311328,1.6309500906942231,1.2631918869895014,1.6309500906942231,0.4847331391194415,2299595200.0,2341295200.0,10.84714716981132,5.500108108108108,35.65263875968992,59.115557840616965,2.4219012111637706,2.4219012111637706,5.599845013154748,20.682819787985867,36.299150387596896,60.187537275064265,0.0230475346269639,0.0169160206979037,0.2972090573986308,0.1680462097302447,0.3683745583038869,1.9341476367498671,0.0,1.2169811320754718,0.0047399646685642,0.2056603773584905,0.0,0.0,0.1274935985231942,0.3968992248062015,0.0612293709638842,0.8126984126984127,0.0,1.827773517448172,0.0429434954007884,0.0361725361725361,-0.497229360193481,351800000.0,735400000.0,-1400000.0,998700000.0,255100000.0,39150000.0,39850000.0,51.81296340588376,19.29235537190083,17.944214876033058,1.737017033651849,4.665060240963856,5.015544041450777,0.0558188520273828,0.0439729566316715,1989-06-29,,bmo,,2025-04-25,1989-06-30,,,
1989-03-31,ADP,USD,8670,1989-03-31,1989-03-30 19:00:00,1989,Q3,454000000.0,190900000.0,263100000.0,0.5795154185,0,145300000.0,0.0,145300000.0,32800000.0,178100000.0,369000000.0,0.0,0.0,32800000.0,117800000.0,0.2594713656,85000000.0,0.1872246696,-4300000.0,80700000.0,0.177753304,24500000.0,56200000.0,0.1237885463,0.1,0.1,562000000,562000000,,,0.8078291814946619,0.1,,,0.2772241992882562,1.6286476868327402,1.186832740213523,1.6286476868327402,0.4619217081850534,2023200000.0,2127000000.0,9.0,4.456387665198238,0.0,0.0,2.210422812192724,2.210422812192724,4.685022026431718,18.056027164685908,0.0,0.0,0.0277777777777777,,0.2836228558942423,0.1606038109378866,0.8811544991511036,1.6416012983500134,0.0,0.0,0.0035797222222222,0.1288699999999999,0.3200440528634361,0.0,0.1536129670873546,0.0,,0.0,,1.914277225318649,0.0467018127870286,0.0410788685037643,-0.5740658362989324,237200000.0,667000000.0,-94200000.0,941200000.0,,,,53.42511013215859,17.34939759036145,19.376636982713464,1.6846011131725418,5.1875,4.644768856447689,0.0614006336720201,,1989-03-30,,bmo,,2025-04-25,1989-03-31,,,
1988-12-31,ADP,USD,8670,1988-12-31,1988-12-30 19:00:00,1989,Q2,409500000.0,0.0,409500000.0,1.0,0,0.0,0.0,0.0,0.0,0.0,0.0,0.0,0.0,0.0,409500000.0,1.0,409500000.0,1.0,-409500000.0,0.0,0.0,0.0,0.0,0.0,0.08,0.08,594000000,594000000,,,0.6893939393939394,0.0,,,,,,,,2269080000.0,,0.0,5.541098901098901,0.0,0.0,0.0,0.0,,,0.0,0.0,0.0,,0.0,0.0,,0.0,0.0,0.0,0.003373560209424,0.0,0.0,0.0,0.0,0.0,,0.0,,,0.0,0.0,,,,,,,,,,0.0,0.0,0.0,0.0,0.0,0.0,,1988-12-30,,bmo,,2025-04-25,1988-12-31,,,
1988-09-30,ADP,USD,8670,1988-09-30,1988-09-29 20:00:00,1989,Q1,396100000.0,0.0,396100000.0,1.0,0,0.0,0.0,0.0,0.0,0.0,0.0,0.0,0.0,0.0,396100000.0,1.0,396100000.0,1.0,-396100000.0,0.0,0.0,0.0,0.0,0.0,0.06,0.06,605776000,605776000,,,0.6538720583185864,0.0,,,,,,,,2198966880.0,,0.0,5.551544761423883,0.0,0.0,0.0,0.0,,,0.0,0.0,0.0,,0.0,0.0,,0.0,0.0,0.0,0.0035501377410468,0.0,0.0,0.0,0.0,0.0,,0.0,,,0.0,0.0,,,,,,,,,,0.0,0.0,0.0,0.0,0.0,0.0,,1988-09-29,,bmo,,2025-04-25,1988-09-30,,,
1988-06-30,ADP,USD,8670,1988-06-30,1988-06-29 20:00:00,1988,Q4,393200000.0,0.0,393200000.0,1.0,0,0.0,0.0,0.0,-1277100000.0,-1277100000.0,-1277100000.0,0.0,0.0,0.0,-883900000.0,-2.247965412,393200000.0,1.0,883900000.0,0.0,0.0,0.0,0.0,0.0,0.0,0.0,605776000,605776000,,,0.6490848102268826,0.0,,,0.8689680674044531,1.6215564829243814,1.2648239613322416,1.6215564829243814,0.4501663981405668,2417046240.0,2163346240.0,0.0,6.147116581892167,0.0,0.0,2.460598839458414,2.460598839458414,5.501897863682604,-2.447501120036203,0.0,0.0,0.0,,0.2776137636160032,0.1649228908376172,0.2870234189387939,2.4561558901682905,0.0,0.0,0.0032298245614035,0.0,0.0,0.0,0.1306924705170849,0.0,,0.0,,0.0,,0.0,0.0413106494809962,493200000.0,766200000.0,160700000.0,1131600000.0,,,,47.3118006103764,0.0,0.0,1.9022738268021289,0.0,0.0,0.0,,1988-06-29,,bmo,,2025-04-25,1988-06-30,,,
1988-03-31,ADP,USD,8670,1988-03-31,1988-03-30 19:00:00,1988,Q3,418000000.0,0.0,418000000.0,1.0,0,0.0,0.0,0.0,0.0,0.0,0.0,0.0,0.0,0.0,418000000.0,1.0,418000000.0,1.0,-418000000.0,0.0,0.0,0.0,0.0,0.0,0.09,0.08,616608000,616608000,,,0.6779023301676268,0.0,,,,,,,,2583587520.0000005,,0.0,6.1808313875598095,0.0,0.0,0.0,0.0,,,0.0,0.0,0.0,,0.0,0.0,,0.0,0.0,0.0,0.0026026252983293,0.0,0.0,0.0,0.0,0.0,,0.0,,,0.0,0.0,,,,,,,,,,0.0,0.0,0.0,0.0,0.0,0.0,,1988-03-30,,bmo,,2025-04-25,1988-03-31,,,
1987-12-31,ADP,USD,8670,1987-12-31,1987-12-30 19:00:00,1988,Q2,376700000.0,0.0,376700000.0,1.0,0,0.0,0.0,0.0,0.0,0.0,0.0,0.0,0.0,0.0,376700000.0,1.0,376700000.0,1.0,-376700000.0,0.0,0.0,0.0,0.0,0.0,0.07,0.07,616608000,616608000,,,0.61092298510561,0.0,,,,,,,,2725407360.0,,0.0,7.234954499601805,0.0,0.0,0.0,0.0,,,0.0,0.0,0.0,,0.0,0.0,,0.0,0.0,0.0,0.0024671945701357,0.0,0.0,0.0,0.0,0.0,,0.0,,,0.0,0.0,,,,,,,,,,0.0,0.0,0.0,0.0,0.0,0.0,,1987-12-30,,bmo,,2025-04-25,1987-12-31,,,
1987-09-30,ADP,USD,8670,1987-09-30,1987-09-29 20:00:00,1988,Q1,361300000.0,0.0,361300000.0,1.0,0,0.0,0.0,0.0,0.0,0.0,0.0,0.0,0.0,0.0,361300000.0,1.0,361300000.0,1.0,-361300000.0,0.0,0.0,0.0,0.0,0.0,0.05,0.05,613320000,613320000,,,0.5890888932368095,0.0,,,,,,,,3029800800.0000005,,0.0,8.385831165236647,0.0,0.0,0.0,0.0,,,0.0,0.0,0.0,,0.0,0.0,,0.0,0.0,0.0,0.0022074898785425,0.0,0.0,0.0,0.0,0.0,,0.0,,,0.0,0.0,,,,,,,,,,0.0,0.0,0.0,0.0,0.0,0.0,,1987-09-29,,bmo,,2025-04-25,1987-09-30,,,
1987-06-30,ADP,USD,8670,1987-06-30,1987-06-29 20:00:00,1987,Q4,355200000.0,0.0,355200000.0,1.0,0,0.0,0.0,0.0,-1142200000.0,-1142200000.0,-1142200000.0,0.0,0.0,0.0,-787000000.0,-2.2156531532,355200000.0,1.0,787000000.0,0.0,0.0,0.0,0.0,0.0,0.0,0.0,613320000,613320000,,,0.5791430248483662,0.0,,,0.7840931324594013,1.4268244961846996,1.0982847453205504,1.4268244961846996,0.3675079893041153,2882604000.0,2627104000.0,0.0,8.115439189189189,0.0,0.0,3.2940281110730205,3.2940281110730205,7.396126126126126,-3.3381245235069885,0.0,0.0,0.0,,0.2575705633641869,0.155996954806561,0.3246505717916137,2.6497016497016497,0.0,0.0,0.0023202127659574,0.0,0.0,0.0,0.1394560177174891,0.0,,0.0,,0.0,,0.0,0.1021081980043044,470000000.0,673600000.0,185100000.0,1021600000.0,,,,46.19087837837838,0.0,0.0,1.948436642896325,0.0,0.0,0.0,,1987-06-29,,bmo,,2025-04-25,1987-06-30,,,
1987-03-31,ADP,USD,8670,1987-03-31,1987-03-30 19:00:00,1987,Q3,373700000.0,0.0,373700000.0,1.0,0,0.0,0.0,0.0,0.0,0.0,0.0,0.0,0.0,0.0,373700000.0,1.0,373700000.0,1.0,-373700000.0,0.0,0.0,0.0,0.0,0.0,0.07,0.07,615784000,615784000,,,0.606868642251179,0.0,,,,,,,,2814132880.0,,0.0,7.530459941129248,0.0,0.0,0.0,0.0,,,0.0,0.0,0.0,,0.0,0.0,,0.0,0.0,0.0,0.0020608315098468,0.0,0.0,0.0,0.0,0.0,,0.0,,,0.0,0.0,,,,,,,,,,0.0,0.0,0.0,0.0,0.0,0.0,,1987-03-30,,bmo,,2025-04-25,1987-03-31,,,
1986-12-31,ADP,USD,8670,1986-12-31,1986-12-30 19:00:00,1987,Q2,334200000.0,0.0,334200000.0,1.0,0,0.0,0.0,0.0,0.0,0.0,0.0,0.0,0.0,0.0,334200000.0,1.0,334200000.0,1.0,-334200000.0,0.0,0.0,0.0,0.0,0.0,0.06,0.05,589984000,589984000,,,0.5664560394858166,0.0,,,,,,,,2047244480.0,,0.0,6.125806343506882,0.0,0.0,0.0,0.0,,,0.0,0.0,0.0,,0.0,0.0,,0.0,0.0,0.0,0.0027141210374639,0.0,0.0,0.0,0.0,0.0,,0.0,,,0.0,0.0,,,,,,,,,,0.0,0.0,0.0,0.0,0.0,0.0,,1986-12-30,,bmo,,2025-04-25,1986-12-31,,,
1986-09-30,ADP,USD,8670,1986-09-30,1986-09-29 20:00:00,1987,Q1,321100000.0,0.0,321100000.0,1.0,0,0.0,0.0,0.0,0.0,0.0,0.0,0.0,0.0,0.0,321100000.0,1.0,321100000.0,1.0,-321100000.0,0.0,0.0,0.0,0.0,0.0,0.04,0.04,585200000,585200000,,,0.5487012987012987,0.0,,,,,,,,1831676000.0,,0.0,5.704378698224852,0.0,0.0,0.0,0.0,,,0.0,0.0,0.0,,0.0,0.0,,0.0,0.0,0.0,0.0030089456869009,0.0,0.0,0.0,0.0,0.0,,0.0,,,0.0,0.0,,,,,,,,,,0.0,0.0,0.0,0.0,0.0,0.0,,1986-09-29,,bmo,,2025-04-25,1986-09-30,,,
1986-06-30,ADP,USD,8670,1986-06-30,1986-06-29 20:00:00,1986,Q4,318500000.0,0.0,318500000.0,1.0,0,0.0,0.0,0.0,-1005000000.0,-1005000000.0,-1005000000.0,0.0,0.0,0.0,-686500000.0,-2.1554160126,318500000.0,1.0,686500000.0,0.0,0.0,0.0,0.0,0.0,0.0,0.0,585200000,585200000,,,0.5442583732057417,0.0,,,0.8644907723855092,1.1360218728639782,0.906185919343814,1.1360218728639782,0.5690362269309638,2036496000.0,1863596000.0,0.0,6.394021978021978,0.0,0.0,3.063321299638989,3.063321299638989,5.851164835164835,-2.7146336489439182,0.0,0.0,0.0,,0.5009025270758123,0.2535404294198264,0.2518572469045885,2.8155872667398465,0.0,0.0,0.0027063218390804,0.0,0.0,0.0,0.10240596924014,0.0,,0.0,,0.0,,0.0,-0.007646958304853,496200000.0,530300000.0,120900000.0,994300000.0,,,,46.48351648351648,0.0,0.0,1.9361702127659577,0.0,0.0,0.0,,1986-06-29,,bmo,,2025-04-25,1986-06-30,,,
1986-03-31,ADP,USD,8670,1986-03-31,1986-03-30 19:00:00,1986,Q3,324300000.0,0.0,324300000.0,1.0,0,0.0,0.0,0.0,0.0,0.0,0.0,0.0,0.0,0.0,324300000.0,1.0,324300000.0,1.0,-324300000.0,0.0,0.0,0.0,0.0,0.0,0.06,0.06,585200000,585200000,,,0.5541695146958305,0.0,,,,,,,,2013088000.0,,0.0,6.207486894850447,0.0,0.0,0.0,0.0,,,0.0,0.0,0.0,,0.0,0.0,,0.0,0.0,0.0,0.0024494186046511,0.0,0.0,0.0,0.0,0.0,,0.0,,,0.0,0.0,,,,,,,,,,0.0,0.0,0.0,0.0,0.0,0.0,,1986-03-30,,bmo,,2025-04-25,1986-03-31,,,
1985-12-31,ADP,USD,8670,1985-12-31,1985-12-30 19:00:00,1986,Q2,290300000.0,0.0,290300000.0,1.0,0,0.0,0.0,0.0,0.0,0.0,0.0,0.0,0.0,0.0,290300000.0,1.0,290300000.0,1.0,-290300000.0,0.0,0.0,0.0,0.0,0.0,0.05,0.05,574592000,574592000,,,0.5052280574738249,0.0,,,,,,,,1672062720.0,,0.0,5.759775129176714,0.0,0.0,0.0,0.0,,,0.0,0.0,0.0,,0.0,0.0,,0.0,0.0,0.0,0.0028955326460481,0.0,0.0,0.0,0.0,0.0,,0.0,,,0.0,0.0,,,,,,,,,,0.0,0.0,0.0,0.0,0.0,0.0,,1985-12-30,,bmo,,2025-04-25,1985-12-31,,,
1985-09-30,ADP,USD,8670,1985-09-30,1985-09-29 20:00:00,1986,Q1,271200000.0,0.0,271200000.0,1.0,0,0.0,0.0,0.0,0.0,0.0,0.0,0.0,0.0,0.0,271200000.0,1.0,271200000.0,1.0,-271200000.0,0.0,0.0,0.0,0.0,0.0,0.04,0.04,287024000,287024000,,,0.9448687217793634,0.0,,,,,,,,700338560.0,,0.0,2.5823693215339234,0.0,0.0,0.0,0.0,,,0.0,0.0,0.0,,0.0,0.0,,0.0,0.0,0.0,0.0034532786885245,0.0,0.0,0.0,0.0,0.0,,0.0,,,0.0,0.0,,,,,,,,,,0.0,0.0,0.0,0.0,0.0,0.0,,1985-09-29,,bmo,,2025-04-25,1985-09-30,,,
