date,symbol,reportedCurrency,cik,fillingDate,acceptedDate,calendarYear,period,revenue,costOfRevenue,grossProfit,grossProfitRatio,researchAndDevelopmentExpenses,generalAndAdministrativeExpenses,sellingAndMarketingExpenses,sellingGeneralAndAdministrativeExpenses,otherExpenses,operatingExpenses,costAndExpenses,interestIncome,interestExpense,depreciationAndAmortization,ebitda,ebitdaratio,operatingIncome,operatingIncomeRatio,totalOtherIncomeExpensesNet,incomeBeforeTax,incomeBeforeTaxRatio,incomeTaxExpense,netIncome,netIncomeRatio,eps,epsdiluted,weightedAverageShsOut,weightedAverageShsOutDil,link,finalLink,revenuePerShare,netIncomePerShare,operatingCashFlowPerShare,freeCashFlowPerShare,cashPerShare,bookValuePerShare,tangibleBookValuePerShare,shareholdersEquityPerShare,interestDebtPerShare,marketCap,enterpriseValue,peRatio,priceToSalesRatio,pocfratio,pfcfRatio,pbRatio,ptbRatio,evToSales,enterpriseValueOverEBITDA,evToOperatingCashFlow,evToFreeCashFlow,earningsYield,freeCashFlowYield,debtToEquity,debtToAssets,netDebtToEBITDA,currentRatio,interestCoverage,incomeQuality,dividendYield,payoutRatio,salesGeneralAndAdministrativeToRevenue,researchAndDdevelopementToRevenue,intangiblesToTotalAssets,capexToOperatingCashFlow,capexToRevenue,capexToDepreciation,stockBasedCompensationToRevenue,grahamNumber,roic,returnOnTangibleAssets,grahamNetNet,workingCapital,tangibleAssetValue,netCurrentAssetValue,investedCapital,averageReceivables,averagePayables,averageInventory,daysSalesOutstanding,daysPayablesOutstanding,daysOfInventoryOnHand,receivablesTurnover,payablesTurnover,inventoryTurnover,roe,capexPerShare,report_date,epsEstimated,time,revenueEstimated,updatedFromDate,fiscalDateEnding,surprise(%),QuarterAvgPrice,QuarterAvgVolume
2024-12-31,AEP,USD,4904,2025-02-13,2025-02-13 10:25:44,2024,Q4,4696300000.0,1645200000.0,3051100000.0,0.6496816643,0,0.0,0.0,0.0,1955500000.0,1955500000.0,3600700000.0,0.0,462800000.0,931100000.0,2091600000.0,0.4453718885,1095600000.0,0.2332900368,-397900000.0,697700000.0,0.148563763,58500000.0,664100000.0,0.1414091945,1.25,1.25,530092672,531337703,https://www.sec.gov/Archives/edgar/data/4904/000000490425000027/0000004904-25-000027-index.htm,https://www.sec.gov/Archives/edgar/data/4904/000000490425000027/aep-20241231.htm,8.859394306058244,1.2527998123316824,3.258675494386008,-1.4642722697362622,0.7891073053732008,50.90826835651861,50.809229070044566,50.82847098855952,87.20286553970699,48890447138.560005,94450347138.56,18.40477606480951,10.41041823106701,28.302910234201693,-62.98691978685906,1.814534220806271,1.814534220806271,20.11165111653003,45.156983715127176,54.67775103540581,-121.6830032704973,0.0135834306877554,-0.015876312151537,1.6984538186892717,0.4439628242690002,21.78231975521132,0.44497398015266,2.3673292999135698,2.601114290016564,0.0101553581335198,0.7476283692215028,0.0,0.0,0.0005093230369234,1.4493458376751187,0.5331005259459575,2.68886263559231,0.0,37.85172024625049,0.0101725355631158,0.0064459769668674,-137.35989732753748,-7220500000.0,26933600000.0,-70303100000.0,75827700000.0,2633600000.0,2451600000.0,1700400000.0,51.16985712156379,144.28884026258206,93.82385120350108,1.7588479832216022,0.6237488626023658,0.9592443589295084,0.0246475998188822,4.72294776412227,2025-02-13,1.25,bmo,4906272639.0,2025-05-11,2024-12-31,-0.008,96.77640625,2736490.625
2024-09-30,AEP,USD,4904,2024-11-06,2024-11-06 07:05:51,2024,Q3,5420100000.0,2002900000.0,3417200000.0,0.6304680725,0,0.0,0.0,0.0,2065700000.0,2065700000.0,4068600000.0,0.0,498800000.0,852700000.0,2333400000.0,0.4305086622,1351500000.0,0.249349643,-369600000.0,981900000.0,0.1811590192,37500000.0,959600000.0,0.177044704,1.8,1.8,532208876,533600842,https://www.sec.gov/Archives/edgar/data/4904/000000490424000100/0000004904-24-000100-index.htm,https://www.sec.gov/Archives/edgar/data/4904/000000490424000100/aep-20240930.htm,10.18415934874412,1.80305147710464,4.08241970019305,0.5520388953452929,0.8913793463301803,50.214495107368336,50.11584962743087,50.01307043214364,84.02715929149592,54604630677.6,98580030677.6,14.225883357023758,10.0744692307522,25.13215385354627,185.8564692906739,2.05146372965053,2.05146372965053,18.187861972583537,42.24737750818548,45.37213176121876,335.5344815439074,0.0175736011413707,0.005380496055997,1.6613643706748218,0.4416859520311309,18.846061541098827,0.565460761110485,2.709502806736167,1.5592794603129037,0.0086329674635704,0.4912463526469362,0.0,0.0,0.0005243754688166,0.8647765453122842,0.3466541207726795,1.9890959136142283,0.0,45.044013604888015,0.0138205456370954,0.0095896133175305,-131.77049117835458,-4626800000.0,26672100000.0,-67373700000.0,76072400000.0,2624450000.0,2298550000.0,1724350000.0,43.12448109813472,101.80438364371662,75.74666733236806,2.086981633360286,0.8840483757062146,1.1881710861956458,0.0360516053408672,3.530380804847757,2024-11-06,1.8,bmo,5434381844.0,2025-04-25,2024-09-30,0.0277777777777778,97.5925,2773393.578125
2024-06-30,AEP,USD,4904,2024-07-30,2024-07-30 07:18:58,2024,Q2,4579200000.0,1720000000.0,2859200000.0,0.6243885395,0,0.0,0.0,0.0,2175300000.0,2175300000.0,3895300000.0,0.0,465600000.0,821900000.0,1611500000.0,0.3519173655,683900000.0,0.1493492313,-359900000.0,324000000.0,0.070754717,6700000.0,340300000.0,0.0743142907,0.64,0.64,528898816,530140990,https://www.sec.gov/Archives/edgar/data/4904/000000490424000081/0000004904-24-000081-index.htm,https://www.sec.gov/Archives/edgar/data/4904/000000490424000081/aep-20240630.htm,8.657988752238008,0.6434122930613632,2.764233830313585,-0.2471172104117548,0.8954453775899548,49.59852282974292,49.4992599869991,49.41436662244296,84.71488051128479,46162288660.48,90254388660.48,33.91293613023802,10.080863177078966,31.574752845745557,-353.19272119724565,1.766287943481588,1.766287943481588,19.70964112955975,56.00644657802049,61.73350797570452,-690.5462024520276,0.0073718182064775,-0.0028313154263491,1.6965624904343568,0.4450797309044333,27.360905988209744,0.6546291831895067,1.468857388316151,4.296209227152512,0.0101619744950297,1.3784895680282103,0.0,0.0,0.0005269888559423,1.0893980848153215,0.3478118448637317,1.9378269862513688,0.0,26.74622863360777,0.0071775689827181,0.0034176926607485,-132.43752468525096,-3509900000.0,26180100000.0,-66737200000.0,75984100000.0,2509950000.0,2161200000.0,1766650000.0,52.1187106918239,121.9970930232558,92.25,1.7268270608643186,0.7377224962470512,0.975609756097561,0.0130207536196394,3.01135104072534,2024-07-30,1.23,bmo,4739006746.0,2025-04-25,2024-06-30,0.016260162601626,87.47888888888889,2776025.0
2024-03-31,AEP,USD,4904,2024-04-30,2024-04-30 07:07:56,2024,Q1,5025700000.0,1893300000.0,3132400000.0,0.6232763595,0,0.0,0.0,0.0,1959800000.0,1959800000.0,3853100000.0,0.0,435600000.0,787100000.0,2062000000.0,0.4102911037,1172600000.0,0.2333207314,-333300000.0,839300000.0,0.1670016117,-141900000.0,1003100000.0,0.1995940864,1.91,1.9,526552036,527596395,https://www.sec.gov/Archives/edgar/data/4904/000000490424000046/0000004904-24-000046-index.htm,https://www.sec.gov/Archives/edgar/data/4904/000000490424000046/aep-20240331.htm,9.544545755018218,1.905034890036965,2.7389505716392293,-0.6707789085445679,0.8502483503833608,49.08099909046786,48.981293845001865,49.00427353014736,84.750408219863,44525240164.16,88484440164.16,11.096909621214236,8.85951015065762,30.873138374816257,-126.06240137078144,1.7255637908391563,1.7255637908391563,17.606391182155722,42.91194964314258,61.353792930356406,-250.52219752027185,0.0225287948206831,-0.0079325793347276,1.712567772339197,0.4520955633354681,21.318719689621727,0.5363357966735738,2.691919191919192,1.4340260515064134,0.0104861871216996,0.465457083042568,0.0,0.0,0.0005371140707517,1.244903619470254,0.3572437670374276,2.2810316351162494,0.0,45.83103908713533,0.0149198025267425,0.0102679745854577,-130.6461095898222,-5057000000.0,25791200000.0,-66051300000.0,73394500000.0,2383400000.0,2011700000.0,1824900000.0,42.407823785741286,94.63951830137854,84.15306607510695,2.1222499049871204,0.950976945100206,1.0694797491950516,0.0388748725938155,3.409729480183797,2024-04-30,1.25,bmo,5020754640.0,2025-04-25,2024-03-31,0.016,81.29377049180329,4070373.8852459015
2023-12-31,AEP,USD,4904,2024-02-26,2024-02-26 16:44:18,2023,Q4,4577200000.0,1984000000.0,2593200000.0,0.5665472341,0,0.0,0.0,0.0,1969800000.0,1969800000.0,3953800000.0,0.0,460900000.0,877600000.0,1630100000.0,0.3561347549,623400000.0,0.1361968015,-331800000.0,291600000.0,0.0637070698,-48600000.0,336200000.0,0.0734510181,0.64,0.64,522727859,523901327,https://www.sec.gov/Archives/edgar/data/4904/000000490424000020/0000004904-24-000020-index.htm,https://www.sec.gov/Archives/edgar/data/4904/000000490424000020/aep-20231231.htm,8.756372787852502,0.6431644960403765,2.556779741100426,-0.654260135769806,1.041459701500241,48.37297183351385,48.27253716354919,48.297980613273566,84.30658370553769,42455956707.98,85734356707.98,31.57046156155562,9.275530173027176,31.766522041137296,-124.14022429233916,1.6816438072294595,1.6816438072294595,18.730742966874946,52.59453819273664,64.14841504525252,-250.6852535321053,0.0079187945831122,-0.0080554067442724,1.7272950524226929,0.4510415373795043,26.549536838230782,0.5250612935529542,1.3525710566283358,3.956483126110125,0.0109902128271272,1.3878643664485426,0.0,0.0,0.0005430060816681,1.2558922558922558,0.3667089050074281,1.9126025524156791,0.0111203355763348,26.437280365429785,0.0080331975506092,0.0034791967422631,-130.3066668960531,-5501500000.0,25233400000.0,-65316000000.0,71864600000.0,2443150000.0,2145550000.0,1799750000.0,47.16486061347549,92.20010080645162,85.25957661290323,1.908200275149039,0.9761377613776138,1.0555998935887203,0.0133165918714128,3.211039876870232,2024-02-26,1.27,bmo,5062240000.0,2025-04-25,2023-12-31,-0.031496062992126,77.62238095238095,3700016.349206349
2023-09-30,AEP,USD,4904,2023-11-02,2023-11-02 07:14:40,2023,Q3,5341700000.0,2082300000.0,3259400000.0,0.6101802797,0,0.0,0.0,0.0,1906100000.0,1906100000.0,3988400000.0,0.0,470300000.0,792300000.0,2263800000.0,0.4237976674,1353300000.0,0.253346313,-352100000.0,1001200000.0,0.1874309677,64200000.0,953700000.0,0.1785386675,1.83,1.83,520459880,521444125,https://www.sec.gov/Archives/edgar/data/4904/000000490423000121/0000004904-23-000121-index.htm,https://www.sec.gov/Archives/edgar/data/4904/000000490423000121/aep-20230930.htm,10.263423186432735,1.8324178993393303,3.4471437068309663,0.1723475784531172,1.084233428328808,48.7061557943717,48.60528346584563,48.62949282469189,83.23811625979701,39148992173.6,81647492173.6,10.26239702568942,7.328938759870453,21.820964368541333,436.4436139754738,1.5467979538911958,1.5467979538911958,15.284926554018384,36.06656602774097,45.50888588908088,910.2284523255296,0.0243607803687759,0.0022912467223227,1.6930979031754625,0.4504760022538622,18.773080660835763,0.5973169239499561,2.8775249840527324,1.8721694667640616,0.0109887886281298,0.4510852469329978,0.0,0.0,0.0005519019065319,0.9500027869126582,0.3190744519534979,2.151205351508267,0.0,44.77683490907521,0.0141559583998971,0.0100312286019915,-127.74471684541756,-4541500000.0,25297100000.0,-63039400000.0,71951200000.0,2412800000.0,2346250000.0,1700900000.0,41.9124997659921,97.61993948998705,74.34087307304422,2.147330760572439,0.9219427964225626,1.210639534883721,0.0376812052296155,3.274796128377849,2023-11-02,1.7,bmo,5382580000.0,2025-04-25,2023-09-30,0.0411764705882353,81.36984126984127,3009848.333333333
2023-06-30,AEP,USD,4904,2023-07-27,2023-07-27 07:10:45,2023,Q2,4372500000.0,1764600000.0,2607900000.0,0.596432247,0,0.0,0.0,0.0,1733200000.0,1733200000.0,3497800000.0,0.0,460000000.0,741600000.0,1726900000.0,0.3949456832,874700000.0,0.2000457404,-349400000.0,525300000.0,0.1201372213,28600000.0,521200000.0,0.1191995426,1.01,1.01,514879144,516242919,https://www.sec.gov/Archives/edgar/data/4904/000000490423000104/0000004904-23-000104-index.htm,https://www.sec.gov/Archives/edgar/data/4904/000000490423000104/aep-20230630.htm,8.492284162125626,1.0122763877186682,2.260336262522997,-1.685832510628941,0.985473981443692,46.8529368126824,46.75097113663629,46.42137922758821,87.6324095193881,43352823924.8,87708023924.8,20.79471600383729,9.914882544265296,37.25109462519333,-49.94564968294931,1.8138194383927304,1.8138194383927304,20.05901061744997,50.7892894347096,75.363485070287,-101.0461105124424,0.0120222848897704,-0.0200217637841916,1.868513978260688,0.4651991987675269,25.68486884011813,0.6061083431948203,1.9015217391304349,2.254989343150552,0.0099601354861912,0.828472755180353,0.0,0.0,0.000546863037371,1.745832617288194,0.4646769582618639,2.73975188781014,0.0,32.5162034490803,0.0091795946636389,0.0054320184763667,-133.57833736609848,-5225800000.0,24071100000.0,-63837200000.0,70142200000.0,2301250000.0,2351600000.0,1569500000.0,48.123499142367066,124.13634818089083,85.776946616797,1.8701881950384944,0.7250092444225318,1.0492329646806993,0.0218062540269607,3.946168773151938,2023-07-27,1.12,bmo,4699560000.0,2025-04-25,2023-06-30,0.0089285714285712,88.32499999999999,2789252.2580645164
2023-03-31,AEP,USD,4904,2023-05-04,2023-05-04 07:08:19,2023,Q1,4690900000.0,2023700000.0,2667200000.0,0.5685902492,0,0.0,0.0,0.0,1962400000.0,1962400000.0,3986100000.0,0.0,415700000.0,775500000.0,1581800000.0,0.3372060799,704800000.0,0.1502483532,-314200000.0,390600000.0,0.0832676032,10400000.0,397000000.0,0.084631947,0.77,0.77,514176648,515598090,https://www.sec.gov/Archives/edgar/data/4904/000000490423000072/0000004904-23-000072-index.htm,https://www.sec.gov/Archives/edgar/data/4904/000000490423000072/aep-20230331.htm,9.123129216867897,0.7721081880015679,1.3960182804723562,-2.672233376106182,1.0465274961300848,46.61394112943068,46.51183614235239,46.16740198594161,85.25144066830511,46784933201.52,89860033201.51999,29.46154483722922,9.973551600230232,65.17822959253274,-34.05016972454148,1.970871136038958,1.970871136038958,19.15624575273828,56.80871994027057,125.18812092716632,-65.40031528494904,0.0084856378503304,-0.0293684292351487,1.829060333133936,0.4593690718900864,27.231698065495006,0.6178407029164059,1.6954534520086602,1.792707292707293,0.0092294670623997,1.0876574307304785,0.0,0.0,0.0005554503432683,2.914182223460574,0.4459272207891875,2.697356544165055,0.0,28.32031346176046,0.0077483143601978,0.0042025969296694,-131.44320198687825,-4823500000.0,23915300000.0,-62751900000.0,69207500000.0,2441400000.0,2441150000.0,1379650000.0,43.44688652497389,100.9225675742452,64.80604832732124,2.071494811216604,0.8917727933724056,1.3887592643425748,0.0167240987100959,4.068251656578538,2023-05-04,1.14,bmo,4706460000.0,2025-04-25,2023-03-31,-0.026315789473684,91.4748387096774,2938731.6129032257
2022-12-31,AEP,USD,4904,2023-02-23,2023-02-23 08:24:42,2022,Q4,4881100000.0,2260700000.0,2620400000.0,0.5368462027,0,0.0,0.0,0.0,2060300000.0,2060300000.0,4321000000.0,0.0,394400000.0,868900000.0,1531700000.0,0.3138022167,560100000.0,0.1147487247,-291700000.0,268400000.0,0.0549876053,-85300000.0,384300000.0,0.078732253,0.75,0.75,512786071,514400302,https://www.sec.gov/Archives/edgar/data/4904/000000490423000011/0000004904-23-000011-index.htm,https://www.sec.gov/Archives/edgar/data/4904/000000490423000011/aep-20221231.htm,9.518784296307455,0.7494353332386051,1.0819326642747282,-2.6857203771433955,1.3590462756543946,47.04183940284915,46.93945752672365,46.595259409844616,79.55500803765007,48689037441.450005,88579937441.45001,31.67384689139344,9.975013304675176,87.75962047846072,-35.3536432191766,2.0377609482723265,2.0377609482723265,18.14753589179693,57.831127140726,159.6610263905011,-64.31886250468342,0.0078929471641769,-0.0282856279846592,1.6908560522989613,0.4322302272187475,26.04354638636809,0.6465601274077736,1.420131845841785,1.4470526864893063,0.0088870107674717,1.1259432734842572,0.0,0.0,0.0005616811491247,3.482335976928623,0.395812419331708,2.22350097824836,0.0129683882731351,28.030394390215303,0.0086593821892053,0.0041138166648647,-128.77753264869787,-5148700000.0,24069900000.0,-59928300000.0,66831700000.0,2467400000.0,2426600000.0,1218050000.0,48.27743746286697,104.02530189764232,51.83748396514354,1.8642248787381128,0.8651741293532338,1.7361953766991782,0.0160839394979366,3.767653041418124,2023-02-23,0.99,bmo,3514136544.0,2025-04-25,2022-12-31,0.0606060606060606,91.03,3309322.365079365
2022-09-30,AEP,USD,4904,2022-10-27,2022-10-27 07:14:24,2022,Q3,5526100000.0,2410000000.0,3116100000.0,0.5638877328,0,0.0,0.0,0.0,2186000000.0,2186000000.0,4596000000.0,0.0,360700000.0,821800000.0,1839500000.0,0.3328749027,930100000.0,0.1683103816,-273100000.0,657000000.0,0.1188903567,-16100000.0,683700000.0,0.1237219739,1.33,1.33,513730196,515315994,https://www.sec.gov/Archives/edgar/data/4904/000000490422000093/0000004904-22-000093-index.htm,https://www.sec.gov/Archives/edgar/data/4904/000000490422000093/aep-20220930.htm,10.75681367968489,1.3308542213858887,3.391858243037752,0.2100324272159388,1.410078686517387,47.71434537205985,47.61215165168138,47.25865870652462,75.41857632989905,44411975444.200005,82273875444.20001,16.23956978360392,8.03676651602396,25.487503841721665,411.6031088433736,1.8292944058538112,1.8292944058538112,14.888235001936268,44.72621660462083,47.21599738548064,762.5011625968491,0.0153944964879802,0.0024295248954995,1.5810109480933512,0.4206504371535594,20.58271269366676,0.7874015748031497,2.5785971721652343,2.550124396312015,0.0092092278244608,0.5982155916337575,0.0,0.0,0.000575346248852,0.938077474892396,0.2957963120464704,1.989048430275006,0.0,37.61812956971411,0.0113968030913656,0.007496965357375,-124.01125239677366,-2516400000.0,24459800000.0,-57417100000.0,67969200000.0,2304300000.0,2219200000.0,1118150000.0,37.727330305278585,83.65892116182573,42.34854771784233,2.385538527951651,1.0757968038567984,2.125220458553792,0.0281610663063983,3.181825815821813,2022-10-27,1.56,bmo,4754886793.0,2025-04-25,2022-09-30,0.0384615384615384,98.86609375,2536275.9375
2022-06-30,AEP,USD,4904,2022-07-27,2022-07-27 07:07:34,2022,Q2,4639700000.0,1890900000.0,2748800000.0,0.5924520982,0,0.0,0.0,0.0,1744400000.0,1744400000.0,3635300000.0,0.0,327600000.0,802600000.0,1870000000.0,0.4030433002,1004400000.0,0.2164795138,-264600000.0,739800000.0,0.1594499644,54000000.0,524500000.0,0.1130461021,1.02,1.02,513623431,515162210,https://www.sec.gov/Archives/edgar/data/4904/000000490422000074/0000004904-22-000074-index.htm,https://www.sec.gov/Archives/edgar/data/4904/000000490422000074/aep-20220630.htm,9.033271692778362,1.0211761542475268,2.664403369090068,-0.232855420491905,1.4938960212662105,47.30508488036637,47.2028699173578,46.83586952636512,75.07581950637295,49277031970.14,86934831970.14,23.487622483384172,10.620736679125804,36.008061359254654,-412.015317476087,2.048429995433156,2.048429995433156,18.737166620716856,46.48921495729412,63.52563534537085,-726.8798659710702,0.0106439040467743,-0.0024270942306848,1.5893373794479548,0.4207853068358035,20.137860962566844,0.7528116966580977,3.065934065934066,2.627688172043011,0.0082127511300849,0.7715919923736893,0.0,0.0,0.0005778037514321,1.0873949579831932,0.3207319438756816,1.9085545722713864,0.0,32.80430833419416,0.0112025051271307,0.0057758719419263,-123.68356107959568,-3077000000.0,24244500000.0,-57193300000.0,66314300000.0,2088400000.0,1946250000.0,1034550000.0,44.46171088647973,104.62636839600192,52.46549262256069,2.0242136032459315,0.8602038031116368,1.7154132268892317,0.0218032923179248,2.897258789581973,2022-07-27,1.19,bmo,4072452883.0,2025-04-25,2022-06-30,0.0084033613445378,99.1066129032258,2835063.209677419
2022-03-31,AEP,USD,4904,2022-04-28,2022-04-28 07:07:58,2022,Q1,4592600000.0,1785700000.0,2806900000.0,0.6111788529,0,0.0,0.0,0.0,1818800000.0,1818800000.0,3604500000.0,0.0,313400000.0,792400000.0,1861000000.0,0.4052170884,988100000.0,0.2151504594,-232900000.0,755200000.0,0.1644384445,52800000.0,714700000.0,0.1556199103,1.41,1.41,506050147,507658522,https://www.sec.gov/Archives/edgar/data/4904/000000490422000053/0000004904-22-000053-index.htm,https://www.sec.gov/Archives/edgar/data/4904/000000490422000053/aep-20220331.htm,9.07538517126446,1.4123106262036125,3.2056111624842587,-0.1887164751678256,1.7470600596426662,47.50141886630062,47.39767420717694,47.013720163982086,75.51840509592817,50488623166.19,87715723166.19,17.660774858748425,10.99347279671428,31.123550219572184,-528.6766823684816,2.1221464638834364,2.1221464638834364,19.099360529153422,47.13365027737238,54.07207691171865,-918.489247813508,0.0141556642899029,-0.0018915152367227,1.5931327838327456,0.421931529509726,20.00381515314347,0.6093480535943281,3.152839821314614,2.2590168500208883,0.0078988091770159,0.5579963621099762,0.0,0.0,0.0005844281620903,1.0588706694612255,0.3740147193310978,2.106831841040108,0.0,38.65170724187337,0.0111064122021854,0.0079606678183849,-124.517847437756,-5300600000.0,23985600000.0,-57525300000.0,63276100000.0,1896200000.0,1874450000.0,978000000.0,36.93398075164395,85.39340314722517,48.72710981687853,2.436780389451902,1.0539455822463557,1.847021100537857,0.0300403929167384,3.394327637652084,2022-04-28,1.2,bmo,4496771491.0,2025-04-25,2022-03-31,0.0166666666666666,91.3624193548387,3363248.741935484
2021-12-31,AEP,USD,4904,2022-02-24,2022-02-24 07:46:11,2021,Q4,4061400000.0,1645000000.0,2416400000.0,0.5949672527,0,0.0,0.0,0.0,1732700000.0,1732700000.0,3377700000.0,0.0,303600000.0,779800000.0,1536200000.0,0.3782439553,683700000.0,0.1683409662,-230900000.0,452800000.0,0.1114886492,-70000000.0,538900000.0,0.1326882356,1.07,1.07,503286162,504721277,https://www.sec.gov/Archives/edgar/data/4904/000000490422000024/0000004904-22-000024-index.htm,https://www.sec.gov/Archives/edgar/data/4904/000000490422000024/aep-20211231.htm,8.069762903594397,1.0707626012574532,1.7224793079051517,-1.484245060566557,1.2394539073379094,45.06422332350954,44.95990891162233,44.57344885234496,73.44231332154132,44777369833.14,81032869833.14,20.77257832303767,11.02510706483971,51.6522895756604,-59.94293150353413,1.996031321128506,1.996031321128506,19.951954949805486,52.74890628377816,93.4742990346522,-108.47773739376171,0.0120350972379167,-0.0166825341189901,1.6341360126954692,0.4181526588166586,23.60076812914985,0.6284210611023039,2.2519762845849804,1.6095432603044932,0.0088147205043713,0.7324178882909631,0.0,0.0,0.0005988454260186,1.861691083169916,0.3973752893091052,2.069633239292126,0.0150440734722017,32.769964844403496,0.009854216606432,0.0061506890278281,-124.06326601922348,-4617500000.0,22627700000.0,-57179300000.0,62014600000.0,1953800000.0,1825850000.0,983850000.0,42.27433889791698,112.409726443769,54.12036474164134,2.128951092939141,0.8006424608196243,1.6629599676506268,0.024022431039709,3.2067243684717086,2022-02-24,0.93,bmo,3729438142.0,2025-04-25,2021-12-31,0.0537634408602149,84.35484375,2579577.421875
2021-09-30,AEP,USD,4904,2021-10-28,2021-10-28 07:52:00,2021,Q3,4623000000.0,1719200000.0,2903800000.0,0.6281202682,0,0.0,0.0,0.0,1796400000.0,1796400000.0,3515600000.0,0.0,303700000.0,700300000.0,1853700000.0,0.4009733939,1107400000.0,0.2395414233,-257700000.0,849700000.0,0.1837983993,69800000.0,796000000.0,0.1721825654,1.59,1.58,501233680,502606836,https://www.sec.gov/Archives/edgar/data/4904/000000490421000069/0000004904-21-000069-index.htm,https://www.sec.gov/Archives/edgar/data/4904/000000490421000069/aep-20210930.htm,9.223242939301285,1.5880816309071648,3.84870386203896,1.250315022725528,3.1743676921311432,44.94350818564307,44.83876662079053,44.44653439888557,76.24108579455395,40690150142.4,77228350142.4,12.77956976834171,8.801676431408177,21.09281537628946,64.92763705505027,1.8264641123973768,1.8264641123973768,16.70524554237508,41.66173066968765,40.0333575980509,123.23017415414073,0.0195624738963681,0.0154017617975551,1.7017115463167864,0.43910323603642,19.710956465447484,0.5811834438416716,3.6463615409944015,2.420755427280713,0.0091348888784925,0.4669597989949748,0.0,0.0,0.0006080815779079,0.6751334819345809,0.281721825654337,1.7232071976713417,0.0,39.851678870757205,0.0124485253754643,0.0092252846973851,-120.16276519965696,-4168900000.0,22474700000.0,-58024800000.0,63354600000.0,2003550000.0,1619350000.0,1083450000.0,38.93380921479559,83.60807352256863,51.22440670079106,2.311615580779039,1.0764510675599523,1.7569749616760348,0.0357301565214268,2.598388839313432,2021-10-28,1.46,bmo,4038740000.0,2025-04-25,2021-09-30,-0.0205479452054794,87.29015625,2653840.671875
2021-06-30,AEP,USD,4904,2021-07-22,2021-07-22 07:40:57,2021,Q2,3826500000.0,1388300000.0,2438200000.0,0.6371880308,0,0.0,0.0,0.0,1628300000.0,1628300000.0,3016600000.0,0.0,301600000.0,651800000.0,1613500000.0,0.4216647067,809900000.0,0.2116555599,-205300000.0,604600000.0,0.1580033974,61200000.0,578200000.0,0.1511041422,1.16,1.15,499916640,500983778,https://www.sec.gov/Archives/edgar/data/4904/000000490421000052/0000004904-21-000052-index.htm,https://www.sec.gov/Archives/edgar/data/4904/000000490421000052/aep-20210630.htm,7.654276120914879,1.1565928271561434,2.3225872217416086,-0.2762460557424134,1.0689782200488465,43.2670134764868,43.161995967967776,42.76452970239198,74.72945889538704,42287948577.6,79032148577.6,18.28430844759599,11.051338972324578,36.42059131651021,-306.21251685445327,1.9780411614176727,1.9780411614176727,20.653900059479945,48.981808848837936,68.06661663732667,-572.2820316987691,0.0136729261987958,-0.0032657058250669,1.7333560974240716,0.4392803544883603,22.77297799814069,0.441650844792206,2.685344827586207,2.0235273614499825,0.0087921030105712,0.6430300933932895,0.0,0.0,0.0006223461382533,1.1189389372147105,0.3395269828825297,1.711725955204216,0.0,33.359793719177574,0.0091265004378542,0.0068583737517154,-120.2086411846583,-5822800000.0,21577400000.0,-58122500000.0,60691800000.0,1932800000.0,1672750000.0,1230150000.0,47.20972167777342,106.42080242022617,77.04098537780018,1.906387006775608,0.8456993177387915,1.1682093571188152,0.0270456108182443,2.598833277484022,2021-07-22,1.14,bmo,4352200000.0,2025-04-25,2021-06-30,0.0350877192982456,86.10142857142857,2791002.587301587
2021-03-31,AEP,USD,4904,2021-04-22,2021-04-22 08:10:34,2021,Q1,4281100000.0,1835600000.0,2445500000.0,0.5712316928,0,0.0,0.0,0.0,1635200000.0,1635200000.0,3470800000.0,0.0,290200000.0,751800000.0,1646800000.0,0.384667492,810300000.0,0.1892737848,-205500000.0,604800000.0,0.141272103,54500000.0,575000000.0,0.1343112751,1.16,1.15,497058635,498164219,https://www.sec.gov/Archives/edgar/data/4904/000000490421000033/0000004904-21-000033-index.htm,https://www.sec.gov/Archives/edgar/data/4904/000000490421000033/aep-20210331.htm,8.612867172099325,1.156805172492376,-0.2357870716801851,-3.3513148805874784,0.9501897095098248,42.69114045267517,42.5855191108389,42.19381482025757,73.5311639843054,42100866384.5,78086766384.5,18.304724515,9.834123562752564,-359.2224094240614,-25.27366213501021,2.007403226297872,2.007403226297872,18.239883764569853,47.41727373360457,-666.2693377517065,-46.87643557720014,0.0136576761805475,-0.039566881707054,1.7288630988709186,0.4369350642464731,21.8520160310906,0.4166691128266847,2.792212267401792,-0.2024879060124395,0.0087765414760214,0.6426086956521739,0.0,0.0,0.0006326436914578,-13.213310580204778,0.3617294620541449,2.059856344772546,0.0,33.13948585454121,0.0094300625297856,0.0069333410504433,-119.2274830916075,-5961700000.0,21167500000.0,-57506700000.0,59605800000.0,1834000000.0,1706800000.0,1290950000.0,39.06846371259723,83.54271083024624,62.36162562649815,2.30364829961257,1.0772932683842948,1.4431952197499804,0.0274164632285627,3.1155278089072933,2021-04-22,1.17,bmo,3901650000.0,2025-04-25,2021-03-31,-0.0170940170940171,80.60819672131149,3234769.0655737706
2020-12-31,AEP,USD,4904,2021-02-25,2021-02-25 08:27:36,2020,Q4,3610600000.0,1333300000.0,2277300000.0,0.6307261951,0,0.0,0.0,0.0,1707100000.0,1707100000.0,3040400000.0,0.0,288300000.0,843300000.0,1521300000.0,0.4213427131,570200000.0,0.1579238908,-180500000.0,389700000.0,0.1079321996,-17400000.0,435500000.0,0.120617072,0.88,0.88,496388429,497695543,https://www.sec.gov/Archives/edgar/data/4904/000000490421000010/0000004904-21-000010-index.htm,https://www.sec.gov/Archives/edgar/data/4904/000000490421000010/aep-20201231.htm,7.273739251484446,0.8773371306767507,1.834651951566744,-1.3024074741274845,1.1956362504171103,41.85129786738039,41.74553391936539,41.40084417640605,69.9448213769705,41334264482.83,75373064482.83,23.72805079381745,11.448032039780092,45.38735531221039,-63.93544390228925,2.0113116448831923,2.0113116448831923,20.87549561924057,49.545168265845,82.76387886552104,-116.58633330677496,0.0105360529683769,-0.0156407766798064,1.6754254071597838,0.4263582689840658,22.37481101689345,0.4383632022726585,1.9778009018383629,2.09500805152979,0.0089296375444958,0.8475315729047073,0.0,0.0,0.0006500968334711,1.70989348852531,0.4312856588932587,1.8465551998102687,0.0149005705422921,28.587693179754385,0.0078752158510155,0.0053962160815912,-115.58891514773806,-5575200000.0,20722000000.0,-55631200000.0,59245300000.0,1830150000.0,1684650000.0,1288650000.0,45.10718440148452,115.40763519087976,88.42721068026701,1.9952475685234303,0.7798444171492075,1.0177862595419849,0.0211912860264027,3.137059425694228,2021-02-25,0.79,bmo,3951520000.0,2025-04-25,2020-12-31,0.10126582278481,86.77953125,2877621.46875
2020-09-30,AEP,USD,4904,2020-10-22,2020-10-22 07:06:18,2020,Q3,4066400000.0,1438000000.0,2628400000.0,0.6463702538,0,0.0,0.0,0.0,1685200000.0,1685200000.0,3123200000.0,0.0,291300000.0,700300000.0,1723900000.0,0.4239376353,943200000.0,0.231949636,-210900000.0,732300000.0,0.1800855794,-1200000.0,748600000.0,0.184094039,1.51,1.5,496177968,497458523,https://www.sec.gov/Archives/edgar/data/4904/000000490420000084/0000004904-20-000084-index.htm,https://www.sec.gov/Archives/edgar/data/4904/000000490420000084/aep-20200930.htm,8.195446517689797,1.508732850467879,2.3701173285469217,-0.6050248486647839,1.246931625146242,41.58709441125367,41.48128560194353,41.04555484817496,67.8837074039531,40552625324.64,73534025324.64,13.542821708736309,9.972610988746805,34.48352493591837,-135.08536084157228,1.9912022215880467,1.9912022215880467,18.08332316659453,42.65562116401183,62.52893309918368,-244.9501176703531,0.0184599639112673,-0.0074027266446198,1.6395592632783231,0.4243410476392597,19.131852195602992,0.4795074719250154,3.237899073120494,1.5717722534081795,0.0086085671939933,0.4663371627037136,0.0,0.0,0.0006671809254879,1.2552721088435377,0.3630238048396616,2.2158510957670368,0.0,37.32763696934565,0.0127346172394589,0.0095197159599576,-111.68235708523036,-4709000000.0,20582100000.0,-53716500000.0,59010900000.0,1821100000.0,1643800000.0,1273550000.0,40.96080070824316,103.8692628650904,79.3164116828929,2.1972226725022965,0.8664738491202699,1.134695809989742,0.0367575211505506,2.9751421772117057,2020-10-22,1.48,bmo,4093875675.0,2025-04-25,2020-09-30,-0.0067567567567567,82.373125,2980063.96875
2020-06-30,AEP,USD,4904,2020-08-06,2020-08-06 07:16:52,2020,Q2,3494000000.0,1208300000.0,2285700000.0,0.6541785919,0,0.0,0.0,0.0,1563000000.0,1563000000.0,2771300000.0,0.0,294000000.0,735900000.0,1537800000.0,0.4401259302,722700000.0,0.2068402977,-214800000.0,507900000.0,0.1453634803,12600000.0,520800000.0,0.1490555238,1.05,1.05,495655053,497337980,https://www.sec.gov/Archives/edgar/data/4904/000000490420000062/0000004904-20-000062-index.htm,https://www.sec.gov/Archives/edgar/data/4904/000000490420000062/aep-20200630.htm,7.049257298704468,1.0507307387422116,2.28082008476972,-0.7224782594922925,1.0916866411931847,40.91192025031166,40.80599981293845,40.36557254667996,66.72160366334448,39473968420.92,71902068420.92,18.94871755996544,11.297644081545506,34.91726529935427,-110.23169064764032,1.9729684227295905,1.9729684227295905,20.578725936153404,46.756449746989205,63.60200656428129,-200.78768059458253,0.0131935050068082,-0.0090718013497274,1.638238851624899,0.4212709241589208,21.08733255299779,0.4221695317131002,2.4581632653061223,2.197278911564626,0.0085550050706589,0.6484254992319508,0.0,0.0,0.0006747655671629,1.3167624944714729,0.426044647967945,2.121419410004276,0.0,30.89175176141393,0.0096367770516195,0.0066981941370223,-110.96825235028926,-5848800000.0,20225700000.0,-53253400000.0,57043400000.0,1766500000.0,1610700000.0,1237850000.0,46.1462507155123,121.2612761731358,95.3256641562526,1.9503209600893103,0.7421990171990172,0.9441318956086888,0.0260303687635574,3.0032983442620123,2020-08-06,1.06,bmo,3429296296.0,2025-04-25,2020-06-30,0.0188679245283019,81.62492063492063,3026725.396825397
2020-03-31,AEP,USD,4904,2020-05-06,2020-05-06 07:19:05,2020,Q1,3747500000.0,1400500000.0,2347000000.0,0.6262841895,0,0.0,0.0,0.0,1595400000.0,1595400000.0,2995900000.0,0.0,292100000.0,729700000.0,1538000000.0,0.410406938,751600000.0,0.2005603736,-235400000.0,516200000.0,0.1377451634,46500000.0,495200000.0,0.1321414276,1.0,1.0,494596869,496608918,https://www.sec.gov/Archives/edgar/data/4904/000000490420000046/0000004904-20-000046-index.htm,https://www.sec.gov/Archives/edgar/data/4904/000000490420000046/aep20201q10q.htm,7.576877725847472,1.001219439583634,1.2448521990138195,-2.3823442359882794,3.5176122394741647,40.452540753952896,40.34639370108912,39.887838432717615,67.97353988102176,39557857582.62,71330657582.62,19.970647002534328,10.55579922151301,64.2485911687835,-33.57197452484088,2.005122441891892,2.005122441891892,19.03419815413476,46.3788410810273,115.85294393798928,-60.53692402836289,0.0125183725879424,-0.0297867496372628,1.6893108412238194,0.4287916216355308,20.65851755526658,0.4540657417179335,2.573091407052379,1.2331263769276988,0.0090778424804727,0.7251615508885298,0.0,0.0,0.0006754670372085,2.913756699691408,0.4787191460973982,2.57906843013226,0.0,29.97617025139605,0.0093841828463683,0.0063755689023644,-109.32625818947513,-6362700000.0,19955200000.0,-52424300000.0,55665400000.0,1766200000.0,1839600000.0,1182550000.0,41.823882588392266,102.39628704034271,76.85183862906105,2.151880562733276,0.8789381197439438,1.1710845388410402,0.0251008698120476,3.6271964350020975,2020-05-06,1.1,bmo,4041421568.0,2025-04-25,2020-03-31,-0.0727272727272727,94.55435483870968,3696826.8387096776
2019-12-31,AEP,USD,4904,2020-02-20,2020-02-20 08:52:40,2019,Q4,3616000000.0,1460200000.0,2155800000.0,0.5961836283,0,0.0,0.0,0.0,1861100000.0,1861100000.0,3321300000.0,0.0,290900000.0,794900000.0,1173900000.0,0.3246404867,294700000.0,0.0814988938,-206600000.0,88100000.0,0.0243639381,-43600000.0,153500000.0,0.0424502212,0.31,0.31,494145607,495957578,https://www.sec.gov/Archives/edgar/data/4904/000000490420000007/0000004904-20-000007-index.htm,https://www.sec.gov/Archives/edgar/data/4904/000000490420000007/aep10klegal20194q.htm,7.3176811627508815,0.3106371843147844,1.862204149879248,-1.6100517514061397,0.9096509078143034,40.29824350942778,40.19199952130709,39.7295852111056,62.37716082741579,46701701317.57,76987401317.57,76.06140279734528,12.915293505965154,50.751685848261246,-58.699976517810455,2.378831782356027,2.378831782356027,21.29076363870852,65.5825890770679,83.66377017775484,-96.7664672166541,0.0032868181601395,-0.0170357819427165,1.555225598761219,0.4023135416900001,25.79921628758838,0.3959375091027371,1.0130629082158815,6.026195153896529,0.0074494074131109,2.2664495114006518,0.0,0.0,0.0006917697842864,1.8645946533362312,0.4745022123893805,2.1585105044659705,0.0160121681415929,16.663836469714084,0.0062646874146876,0.0020240032278566,-108.47374587709326,-6221300000.0,19860700000.0,-51901300000.0,54926700000.0,1808000000.0,1926300000.0,1110250000.0,44.57439159292036,128.55910149294618,72.06410080810848,2.019096543637277,0.7000671205292933,1.248888128634964,0.0078187875021648,3.472255901285388,2020-02-20,0.6,bmo,3495466666.0,2025-04-25,2019-12-31,0.0,92.37734375,2303494.84375
2019-09-30,AEP,USD,4904,2019-10-24,2019-10-24 13:41:51,2019,Q3,4315000000.0,1682800000.0,2632200000.0,0.6100115875,0,0.0,0.0,0.0,1674000000.0,1674000000.0,3356800000.0,0.0,275100000.0,670700000.0,1705100000.0,0.3951564311,958200000.0,0.2220625724,-198900000.0,759300000.0,0.175967555,40600000.0,733500000.0,0.1699884125,1.49,1.48,493839034,495461509,https://www.sec.gov/Archives/edgar/data/4904/000000490419000050/0000004904-19-000050-index.htm,https://www.sec.gov/Archives/edgar/data/4904/000000490419000050/aep20193q10q.htm,8.737664912895484,1.4853017876266137,3.136852077999164,0.2869356009634508,1.108053358131265,40.4943688594693,40.38805891556965,39.92475005529838,60.1333591625323,46267779095.46,75340079095.45999,15.769522527423314,10.722544402192351,29.86752249400297,326.5192596715596,2.3466646596467915,2.3466646596467915,17.460041505320973,44.18513817105155,48.63474216994384,531.6872201514467,0.0158533652217591,0.0030626064784229,1.4922146030715546,0.3981166619531344,17.05020233417395,0.483835005574136,3.48309705561614,2.110778035154653,0.0071842653029485,0.4531697341513292,0.0,0.0,0.0007104127565774,0.9085275321154218,0.3261645422943221,2.09840465185627,0.0,36.52748019125888,0.0130769473010703,0.009932537285946,-104.2066775952749,-4444800000.0,19945200000.0,-49736600000.0,55290400000.0,1803150000.0,1727900000.0,1042850000.0,38.06697566628041,94.49251247920134,56.22593296886143,2.3642540134787136,0.9524564183835182,1.6006848663559403,0.0372025319023756,2.849916477035713,2019-10-24,1.32,bmo,3901232876.0,2025-04-25,2019-09-30,0.1060606060606059,90.81453125,2139479.8125
2019-06-30,AEP,USD,4904,2019-07-25,2019-07-25 14:06:09,2019,Q2,3573600000.0,1490300000.0,2083300000.0,0.5829695545,0,0.0,0.0,0.0,1532300000.0,1532300000.0,3022600000.0,0.0,250700000.0,643600000.0,1281600000.0,0.358629953,551000000.0,0.1541862548,-163700000.0,387300000.0,0.1083781061,-54400000.0,461300000.0,0.129085516,0.93,0.93,493584347,495382966,https://www.sec.gov/Archives/edgar/data/4904/000000490419000040/0000004904-19-000040-index.htm,https://www.sec.gov/Archives/edgar/data/4904/000000490419000040/aep20192q10q.htm,7.240099937772135,0.9345920364042662,2.0108012055738875,-0.8715835553026563,0.782439723519028,39.35132894317656,39.24496414388927,39.01987596863561,58.725322584024326,43499588501.11,72024288501.11,23.574457241009103,12.172483910093463,43.82830075678589,-101.11480358231056,2.2585925201515087,2.2585925201515087,20.154546815846764,56.19872698276373,72.56855264595465,-167.42047536287774,0.0106046980188842,-0.0098897487269108,1.491993603190097,0.3960744314266023,22.25710049937578,0.4859700135214368,2.197846031112884,2.161838379438031,0.0076483482134896,0.7212226316930413,0.0,0.0,0.000723638869745,1.4334508816120908,0.398113946720394,2.210534493474208,0.0,28.644763399089257,0.0092388895455366,0.0063629780337253,-103.09788045203145,-4295800000.0,19370700000.0,-49065500000.0,53976100000.0,1831750000.0,1593100000.0,990500000.0,44.85896574882472,101.99959739649736,62.46795947124741,2.006287895800584,0.882356423919479,1.440738592420727,0.0239516916239174,2.882384760876544,2019-07-25,0.97,bmo,3466392000.0,2025-04-25,2019-06-30,0.0309278350515464,86.19253968253969,2337879.619047619
2019-03-31,AEP,USD,4904,2019-04-26,2019-04-25 18:13:15,2019,Q1,4056800000.0,1686700000.0,2370100000.0,0.5842289489,0,0.0,0.0,0.0,1581700000.0,1581700000.0,3268400000.0,0.0,255800000.0,630900000.0,1486800000.0,0.3664957602,788400000.0,0.1943403668,-188300000.0,600100000.0,0.1479244725,44500000.0,572800000.0,0.1411950306,1.16,1.16,493309076,494484144,https://www.sec.gov/Archives/edgar/data/4904/000000490419000020/0000004904-19-000020-index.htm,https://www.sec.gov/Archives/edgar/data/4904/000000490419000020/aep10q20191q.htm,8.223647602218453,1.1611381745589453,1.6385265127374222,-1.6004165307512,0.8039584497731803,38.97860577777004,38.872181625946816,38.91333229798513,56.00728092016698,40855857674.32,68001257674.32,17.831641792213684,10.070956831571682,50.54541342857849,-51.74902808653578,2.128319398754968,2.128319398754968,16.762289901971997,45.73665434108152,84.12873645220834,-86.13205531896136,0.0140200214266957,-0.019324034421048,1.4259570854800143,0.3870521195667543,18.25760021522733,0.489925662653618,3.08209538702111,1.4079428670963248,0.0081383678847352,0.580481843575419,0.0,0.0,0.0007423432595232,1.976741308919956,0.3938572273713271,2.532572515454113,0.0,31.88470639171674,0.0109917651575425,0.0081053353992882,-99.75870583820355,-4075800000.0,19176000000.0,-47578700000.0,52990700000.0,1904400000.0,1685750000.0,933850000.0,41.758775389469534,79.8885397521788,50.50927847275745,2.1552356160017,1.126569596580283,1.7818508345658144,0.0298390835733969,3.238943043488622,2019-04-25,1.11,bmo,3818164705.0,2025-04-25,2019-03-31,0.0720720720720719,79.53016393442623,2818182.901639344
2018-12-31,AEP,USD,4904,2019-02-21,2019-02-21 16:27:59,2018,Q4,3801100000.0,1662100000.0,2139000000.0,0.5627318408,0,0.0,0.0,0.0,1587900000.0,1587900000.0,3250000000.0,300000.0,251300000.0,622300000.0,1242400000.0,0.3268527532,551100000.0,0.1449843466,-182300000.0,368800000.0,0.0970245455,21800000.0,363400000.0,0.0956039041,0.74,0.74,492879671,493849410,https://www.sec.gov/Archives/edgar/data/4904/000000490419000009/0000004904-19-000009-index.htm,https://www.sec.gov/Archives/edgar/data/4904/000000490419000009/aep10klegal20184q.htm,7.712024300551848,0.7372996319014342,2.618489006417146,-0.7139673650691103,0.7977606363886734,38.66947882295596,38.56296195263448,38.60658314714709,51.75299672686237,36837826610.54,61860426610.54,25.34247840570996,9.691359503969904,28.54317883971796,-104.68265589809606,1.9359392597664544,1.9359392597664544,16.27434863869406,49.79107100011269,47.93152534521928,-175.7897886062518,0.0098648599398104,-0.0095526808277911,1.3273160118559626,0.3670882580360101,20.140534449452677,0.47566136342614,2.19299641862316,3.537828947368421,0.0090070460320008,0.9130434782608696,0.0,0.0,0.0007630503409744,1.2726638772663876,0.4321117571229381,2.639402217579945,0.0139959485412117,25.30719146261952,0.0081250451647033,0.0052857951165304,-96.26036087822337,-4534900000.0,19006900000.0,-45629500000.0,50616700000.0,2022300000.0,1727100000.0,884500000.0,45.61442740259398,101.49028337645149,49.87606040551111,1.973059953283156,0.8867843995091501,1.8044729128216264,0.0190977696495764,3.332456371486257,2019-01-24,0.71,bmo,3748306944.0,2025-04-25,2018-12-31,0.0140845070422535,75.03603174603175,2868256.285714286
2018-09-30,AEP,USD,4904,2018-10-25,2018-10-25 17:16:31,2018,Q3,4333100000.0,1941700000.0,2391400000.0,0.5518912557,0,0.0,0.0,0.0,1722800000.0,1722800000.0,3664500000.0,5400000.0,256800000.0,633800000.0,1371500000.0,0.3165170432,668600000.0,0.1543006162,-187700000.0,480900000.0,0.1109828991,-80700000.0,577600000.0,0.1332994854,1.17,1.17,492984741,493940543,https://www.sec.gov/Archives/edgar/data/4904/000000490418000055/0000004904-18-000055-index.htm,https://www.sec.gov/Archives/edgar/data/4904/000000490418000055/aep20183q10q.htm,8.789521540180896,1.171638697839534,3.9064089409615215,0.9308604543603916,1.9319056368115863,38.63567858381239,38.52918441546653,38.57482477332904,51.26608979566773,34952618136.9,59180918136.9,15.1283838888937,8.066423146684821,18.14966151048915,76.16608877075616,1.8379863140433723,1.8379863140433723,13.65787037845884,43.15050538600073,30.730562954045077,128.96255858988886,0.0165252284603601,0.0131292024592438,1.315499978965967,0.3699728176475286,17.66554866934014,0.5568821058128219,2.603582554517134,3.322063136104882,0.0087833191435778,0.5315096952908587,0.0,0.0,0.0007764273692866,0.7617094194620417,0.3385336133484111,2.3144525086778165,0.0,31.888940763268657,0.0123274811920645,0.0085488175073151,-92.50930344718316,-3733800000.0,18994300000.0,-43878200000.0,49674400000.0,2194400000.0,1607650000.0,881750000.0,43.993676582585216,73.2301591388989,39.301127877633,2.0457485482271847,1.2290018355592127,2.2900106144592525,0.0303731437465819,2.97554848660113,2018-10-25,1.21,bmo,4161151587.0,2025-04-25,2018-09-30,0.0413223140495868,71.15301587301587,2465361.53968254
2018-06-30,AEP,USD,4904,2018-07-26,2018-07-26 07:28:21,2018,Q2,4013200000.0,1639500000.0,2373700000.0,0.5914731386,0,0.0,0.0,0.0,1616700000.0,1616700000.0,3256200000.0,3800000.0,242300000.0,577200000.0,1403100000.0,0.3496212499,757000000.0,0.1886275292,-173400000.0,583600000.0,0.1454201136,72200000.0,528400000.0,0.1316655038,1.07,1.07,492688342,493505085,https://www.sec.gov/Archives/edgar/data/4904/000000490418000039/0000004904-18-000039-index.htm,https://www.sec.gov/Archives/edgar/data/4904/000000490418000039/aep20182q10q.htm,8.145514431514599,1.0724832616396676,2.444953325077864,-0.2301657870362193,0.7597094716724594,38.05935395970867,37.95279572496968,38.00029025245335,50.46496513205502,34118667683.5,58528667683.5,16.14244307508516,8.501611602586465,28.323649081437825,-300.87008539241623,1.8223545015035545,1.8223545015035545,14.58403959022725,41.71382487598888,48.58763712726216,-516.1258173148149,0.0154871229117641,-0.0033236936756132,1.3150734685375194,0.3681944546217218,17.39719193215024,0.5045207158076018,3.124226165910029,2.272401433691756,0.0089921447943399,0.5806207418622256,0.0,0.0,0.0007851042543677,1.0941391333222648,0.3284162264527061,2.283437283437284,0.0,30.28168081112932,0.0105826809596789,0.0079080960704963,-92.5201006684262,-4488200000.0,18698900000.0,-43548600000.0,48005800000.0,2061100000.0,1542500000.0,919200000.0,50.92270507325825,89.77493138151875,50.26166514181153,1.7673845069802263,1.0025070319187963,1.7906290956749673,0.0282230281535922,2.675119112114084,2018-07-25,0.88,bmo,3496475247.0,2025-04-25,2018-06-30,0.1477272727272727,67.3421875,2905010.0
2018-03-31,AEP,USD,4904,2018-04-26,2018-04-26 17:24:57,2018,Q1,4048300000.0,1790600000.0,2257700000.0,0.5576908826,0,0.0,0.0,0.0,1551700000.0,1551700000.0,3342300000.0,2100000.0,234000000.0,567100000.0,1341300000.0,0.3313242596,706000000.0,0.1743941902,-165800000.0,540200000.0,0.1334387274,102000000.0,454400000.0,0.1122446459,0.92,0.92,492267402,493127300,https://www.sec.gov/Archives/edgar/data/4904/000000490418000019/0000004904-18-000019-index.htm,https://www.sec.gov/Archives/edgar/data/4904/000000490418000019/aep10q20181q.htm,8.22378240678224,0.9230755442140772,1.6296021161279333,-2.290218680781142,0.7136365287905048,37.604765062221205,37.49811570907147,37.54727598233287,49.47270508072359,33764621103.18,57701021103.18,18.576486082295336,8.340444409549688,42.09002879977562,-29.94910511192123,1.82676367873594,1.82676367873594,14.25314850756614,43.0187289220756,71.92847307801047,-51.180611232197975,0.013457873512379,-0.0333899793086622,1.304950955727603,0.3676266394348379,17.84567210914784,0.4365774859049348,3.017094017094017,1.7565141230567112,0.0090479321259502,0.6723151408450704,0.0,0.0,0.0008001889970202,2.405385190725505,0.4766445174517699,3.402574501851525,0.0,27.925380476384408,0.0093252864557141,0.0069313726985676,-91.20363204549548,-5336400000.0,18459100000.0,-42962900000.0,46081200000.0,1871250000.0,1757450000.0,938000000.0,41.16172220438209,72.86049368926616,46.382218250865634,2.186497434512557,1.2352373068432672,1.9403987863025576,0.0245843545254364,3.9198207969090753,2018-04-26,0.98,bmo,4132333333.0,2025-04-25,2018-03-31,-0.0204081632653061,67.32754098360657,3687391.868852459
2017-12-31,AEP,USD,4904,2018-02-23,2018-02-22 17:53:21,2017,Q4,3810400000.0,1571500000.0,2238900000.0,0.5875761075,0,0.0,0.0,0.0,1496700000.0,1496700000.0,3068200000.0,3300000.0,227000000.0,535600000.0,1317000000.0,0.3456330044,742200000.0,0.1947827,-187800000.0,554400000.0,0.1454965358,171900000.0,400700000.0,0.1051595633,0.81,0.81,492041027,492869184,https://www.sec.gov/Archives/edgar/data/4904/000000490418000009/0000004904-18-000009-index.htm,https://www.sec.gov/Archives/edgar/data/4904/000000490418000009/aep10klegal20174q.htm,7.744069683034785,0.8143629860361218,2.329480545531826,-1.6293356773275738,0.7647736252692603,37.21966054672104,37.11296212703824,37.16560001408176,46.82312802342801,36199458356.39,58796758356.39,22.585137482149985,9.500172778813248,31.58214827812772,-45.15337202992391,1.979518693956909,1.979518693956909,15.43060003054535,44.64446344448747,51.29711948734078,-73.34010023249346,0.01106922639712,-0.0221467402110585,1.2474380707606496,0.3524210903596682,17.158162490508733,0.5141997025860505,3.269603524229075,2.8526630164260824,0.0084531651547759,0.7636635887197405,0.0,0.0,0.0008110726087648,1.6994416332228233,0.5112061725803065,3.6368558625840177,0.020863951291203,26.095813890719413,0.0085474461341399,0.0061954400818843,-89.71680729379503,-4018200000.0,18261100000.0,-42162400000.0,46295800000.0,1815950000.0,1801150000.0,934850000.0,44.66460214150746,118.27998727330576,54.58988227807826,2.015018508725542,0.7609064058490292,1.6486571548468316,0.0219117405807404,3.9588162228594,2018-01-25,0.79,bmo,3541988235.0,2025-04-25,2017-12-31,0.0759493670886075,74.71666666666665,2125285.5555555555
2017-09-30,AEP,USD,4904,2017-10-27,2017-10-26 17:59:43,2017,Q3,4104700000.0,1694500000.0,2410200000.0,0.5871805491,0,0.0,0.0,0.0,1435100000.0,1435100000.0,3129600000.0,2400000.0,223300000.0,551700000.0,1575600000.0,0.3838526567,975100000.0,0.2375569469,-174500000.0,800600000.0,0.1950447049,264000000.0,544700000.0,0.1327015373,1.11,1.1,491840722,492986307,https://www.sec.gov/Archives/edgar/data/4904/000000490417000060/0000004904-17-000060-index.htm,https://www.sec.gov/Archives/edgar/data/4904/000000490417000060/aep20173q10q.htm,8.345587944220691,1.1074723495546592,2.8610888384309097,0.2136870643256741,1.3309186708619056,36.81171401663647,36.704972143400525,36.73770631785955,44.73867049991847,34546892313.28,55983992313.28,15.855926341692674,8.416423201032963,24.55009402592382,328.7049696791627,1.911932100286124,1.911932100286124,13.638997323380517,35.5318559997969,39.78396270130756,532.6735710112274,0.0157669753638191,0.003042241804181,1.2054280512034357,0.3405148761273761,13.605674028941356,0.5555585905490303,4.366771159874608,2.527752829171906,0.0083683359237747,0.5307508720396549,0.0,0.0,0.0008207626370087,0.92531267765776,0.3172217214412746,2.3601595069784302,0.0,30.256154142496392,0.0108814824202311,0.0085226028125997,-88.3230547144488,-3254200000.0,18053000000.0,-41791600000.0,45114800000.0,1701350000.0,1402700000.0,949350000.0,38.17112091017614,81.6347005016229,48.678076128651526,2.3578034350048824,1.1024723487312946,1.8488816148390617,0.0301453863225063,2.647401774105236,2017-10-26,1.16,bmo,4328909090.0,2025-04-25,2017-09-30,-0.0517241379310343,71.2388888888889,2334707.492063492
2017-06-30,AEP,USD,4904,2017-07-27,2017-07-27 17:30:40,2017,Q2,3576500000.0,1481600000.0,2094900000.0,0.5857402488,0,0.0,0.0,0.0,1361600000.0,1361600000.0,2843200000.0,2300000.0,222900000.0,522000000.0,1295700000.0,0.3622815602,733300000.0,0.2050328533,-182500000.0,550800000.0,0.1540053125,190600000.0,375000000.0,0.1048511114,0.76,0.76,491790752,492642100,https://www.sec.gov/Archives/edgar/data/4904/000000490417000045/0000004904-17-000045-index.htm,https://www.sec.gov/Archives/edgar/data/4904/000000490417000045/aep20172q10q.htm,7.272401901530674,0.7625194220813653,1.8507871412758896,-0.5482006298483628,0.9963587115196504,36.29490779851021,36.18815507941882,36.24325981632123,43.97500341771372,34164703541.44,55395903541.44,22.776469027626664,9.552552367241717,37.53538073109207,-126.72367782433234,1.916770189879994,1.916770189879994,15.488858812090031,42.75364941069692,60.86124317890574,-205.47441966409497,0.0109762404214965,-0.0078911851136945,1.200823603996836,0.3411524870455585,16.385891795940417,0.4538738352279498,3.289816061013908,2.419457735247209,0.0085731755185502,0.7810666666666667,0.0,0.0,0.0008367987427298,1.2961986376620522,0.3298755766811128,2.2601532567049807,0.0,24.936203889394147,0.0081343177176503,0.005982139723641,-86.74858123399603,-4583200000.0,17797000000.0,-41080600000.0,42696500000.0,1686500000.0,1192650000.0,968750000.0,41.81797847057179,77.04913606911447,59.663876889848815,2.152184378384884,1.1680857773573006,1.5084504174302586,0.0210389304368804,2.3989877711242524,2017-07-27,0.82,bmo,3910853333.0,2025-04-25,2017-06-30,-0.0853658536585365,69.46936507936508,2420930.238095238
2017-03-31,AEP,USD,4904,2017-04-28,2017-04-27 17:44:02,2017,Q1,3933300000.0,1708700000.0,2224600000.0,0.5655810642,0,0.0,0.0,0.0,1138900000.0,1138900000.0,2847600000.0,8000000.0,221800000.0,517000000.0,1649200000.0,0.4192916889,1085700000.0,0.2760277629,-175300000.0,910400000.0,0.2314595886,343200000.0,592200000.0,0.150560598,1.2,1.2,491712042,492031975,https://www.sec.gov/Archives/edgar/data/4904/000000490417000030/0000004904-17-000030-index.htm,https://www.sec.gov/Archives/edgar/data/4904/000000490417000030/aep10q20171q.htm,7.999193967269161,1.2043634269994143,1.6407977252670172,-1.1443689638172416,0.915169777355178,36.02047232351491,35.9137025161568,35.97044304235283,42.69612742166685,33008629379.46,53606029379.46,13.934747289539008,8.392095537960492,40.91302600329697,-58.66115048775546,1.8662544667842664,1.8662544667842664,13.628767035176567,32.50426229654378,66.4427731525285,-95.26573552418697,0.0179407631014362,-0.0170470574082711,1.1744378671461122,0.3365133982306332,12.489328159107446,0.4569334765304188,4.894950405770965,1.3577919892292158,0.0087946699229093,0.4902060114826072,0.0,0.0,0.000850501309772,1.6974467030242937,0.3481809167874304,2.648936170212766,0.0,31.22072126323228,0.0116897536481518,0.0096018211356804,-85.02039085713504,-4298100000.0,17659200000.0,-40400200000.0,41990700000.0,1813950000.0,1402700000.0,961300000.0,39.15490809244146,58.82893427752092,50.31720021068649,2.298562412342216,1.529859432357418,1.7886527792316549,0.0334820292755737,2.785166689084259,2017-04-27,0.95,bmo,3892031250.0,2025-04-25,2017-03-31,0.0105263157894736,64.76790322580645,2354090.435483871
2016-12-31,AEP,USD,4904,2017-02-28,2017-02-27 18:59:56,2016,Q4,3790100000.0,1742900000.0,2047200000.0,0.5401440595,0,0.0,0.0,0.0,1471300000.0,1471300000.0,3214200000.0,9800000.0,210000000.0,431000000.0,1048100000.0,0.2765362391,575900000.0,0.1519484974,-168800000.0,407100000.0,0.1074114139,60300000.0,373400000.0,0.098519828,0.76,0.76,491596634,491737933,https://www.sec.gov/Archives/edgar/data/4904/000000490417000019/0000004904-17-000019-index.htm,https://www.sec.gov/Archives/edgar/data/4904/000000490417000019/aep10klegal20164q.htm,7.709776141388307,0.7595658191589651,2.2392342092399278,-0.5984581253255693,1.1029367625816575,35.435759309938646,35.32896443713241,35.38876956590391,45.11707051273259,30950924076.64,52709824076.64,20.722364807605786,8.166255264146065,28.116755156831395,-105.20368482882392,1.7790954806368913,1.7790954806368913,13.907238351663544,50.29083491712623,47.8831977440407,-179.16323615445276,0.012064260151826,-0.0095053704784874,1.2628269241823302,0.346150876745179,20.76032821295678,0.6352811118130133,2.7423809523809526,2.933901918976546,0.009382595468908,0.7777182645956079,0.0,0.0,0.0008271924144092,1.2672601744186047,0.3680641671723701,3.236658932714618,0.0175457111949552,24.5927274666304,0.0083685242025929,0.0058881782285634,-88.65850981396264,-3464100000.0,17367600000.0,-40013700000.0,42227700000.0,2005800000.0,1514400000.0,996050000.0,45.51410253027625,87.19088874863732,49.9495094382925,1.9774090885375903,1.032217944921528,1.8018194975705573,0.0214634707133413,2.8376923345654967,2017-01-26,0.55,bmo,3111194029.0,2025-04-25,2016-12-31,0.2181818181818181,61.67460317460318,2776296.507936508
2016-09-30,AEP,USD,4904,2016-11-02,2016-11-01 17:40:07,2016,Q3,4652200000.0,1940400000.0,2711800000.0,0.5829070117,0,0.0,0.0,0.0,3839700000.0,3839700000.0,5780100000.0,2000000.0,225300000.0,575800000.0,-522800000.0,-0.1123769399,-1127900000.0,-0.2424444349,-196000000.0,-1323900000.0,-0.2845750398,-534500000.0,-765800000.0,-0.1646102919,-1.56,-1.56,491697809,491813858,https://www.sec.gov/Archives/edgar/data/4904/000000490416000102/0000004904-16-000102-index.htm,https://www.sec.gov/Archives/edgar/data/4904/000000490416000102/aep20163q10q.htm,9.46150240014594,-1.5574606719469843,3.4476460317113187,1.1096246312539495,0.9993943251433116,35.27166418591872,35.164891287933315,35.22875164977601,43.53954727506219,31571916315.89,52542716315.89,-10.306841314928832,6.786448629871888,18.62430174368216,57.866415534989,1.822658964425958,1.822658964425958,11.294165409030136,-100.5025178192234,30.994995467136626,96.30263254378666,-0.0242557338724028,0.0172811809882253,1.222902799346492,0.3447641678330783,-40.11247130833971,0.764737640434995,-5.006213936972925,-2.218267469248888,0.0087292769068088,-0.3598850874902063,0.0,0.0,0.0008544643729045,0.6781500707881076,0.2471088947164782,1.996526571726294,0.0,,-0.0116909721104114,-0.0124744459557416,-84.45029495748679,-1830200000.0,17290500000.0,-38149800000.0,42484500000.0,1919200000.0,1291300000.0,1193400000.0,40.52727741713598,62.16604823747681,47.532467532467535,2.220726526325839,1.447735581586212,1.89344262295082,-0.0442099307812653,2.338021400457369,2016-11-01,1.21,bmo,4365723076.0,2025-04-25,2016-09-30,0.0743801652892562,67.25078125,2424564.4375
2016-06-30,AEP,USD,4904,2016-07-28,2016-07-28 16:49:45,2016,Q2,3892900000.0,1599000000.0,2293900000.0,0.5892522284,0,0.0,0.0,0.0,1427700000.0,1427700000.0,3026700000.0,2400000.0,224900000.0,546500000.0,1450200000.0,0.3725243392,866200000.0,0.2225076421,-187400000.0,678800000.0,0.1743687225,165000000.0,502100000.0,0.1289783966,1.02,1.02,491459541,491641400,https://www.sec.gov/Archives/edgar/data/4904/000000490416000086/0000004904-16-000086-index.htm,https://www.sec.gov/Archives/edgar/data/4904/000000490416000086/aep20162q10q.htm,7.921099653653891,1.0216507323844997,1.8788932210393283,-0.3918939077021601,1.126644115756418,37.44947134926006,37.34264668594561,37.4114214215652,44.41647415285402,34446399228.69,55803599228.69,17.151164722510455,8.848518900739808,37.30387614109812,-178.84942486339563,1.8734920336279384,1.8734920336279384,14.334711713296,38.47993327036961,60.43274770271822,-289.7383137522845,0.0145762695446497,-0.0055912955871331,1.1750116935527732,0.3412032452528621,14.727072127982348,0.5640351211578292,3.851489550911516,1.8234597156398105,0.0079979331996634,0.5486954789882493,0.0,0.0,0.0008291598951941,1.2085769980506822,0.2866757430193429,2.0420860018298264,0.0,29.32544351130879,0.0110167314893008,0.0079365079365079,-86.21233583905537,-3431000000.0,18352400000.0,-40473300000.0,44057700000.0,1660600000.0,1230900000.0,1356950000.0,40.30799660921164,69.92307692307692,76.66041275797373,2.232807570977918,1.2871287128712872,1.1740088105726871,0.0273085248719148,2.270787128741489,2016-07-28,0.9,bmo,3688105263.0,2025-04-25,2016-06-30,0.0555555555555554,65.44421875,2609785.046875
2016-03-31,AEP,USD,4904,2016-04-28,2016-04-28 17:29:19,2016,Q1,4044900000.0,1685700000.0,2359200000.0,0.5832529852,0,0.0,0.0,0.0,1466300000.0,1466300000.0,3152000000.0,2100000.0,217000000.0,537600000.0,1468200000.0,0.3629755989,892900000.0,0.2207471136,-179300000.0,713600000.0,0.176419689,235500000.0,501200000.0,0.1239091201,1.02,1.02,491108392,491332305,https://www.sec.gov/Archives/edgar/data/4904/000000490416000071/0000004904-16-000071-index.htm,https://www.sec.gov/Archives/edgar/data/4904/000000490416000071/aep10q20161q.htm,8.236267320799518,1.0205486368475658,1.6287646740111092,-0.9144620766325656,0.9262720967716634,36.94031764784015,36.83341660347763,36.90936725023424,43.20960575236922,32609597228.800003,53422797228.8,16.265760788507585,8.061904429973549,40.76709242255282,-72.6109936067691,1.799001309066836,1.799001309066836,13.207445728893177,36.3865939441493,66.78684489161145,-118.95523765041196,0.0153697083862585,-0.013772019226394,1.1587234159931592,0.3361302041240908,14.175997820460427,0.5741286918954845,4.114746543778802,1.5899423573842175,0.0084422999176715,0.5492817238627294,0.0,0.0,0.0008401814791995,1.5614451806475809,0.30878390071448,2.3232886904761907,0.0,29.11229293216161,0.0102228166432634,0.0080276772271518,-85.58329624308273,-3075600000.0,18089200000.0,-40198500000.0,43809800000.0,1568050000.0,1318750000.0,1345650000.0,35.104205295557364,65.10945008008542,72.1783235451148,2.563795398364708,1.3822878228782287,1.246911753827946,0.0276501255068546,2.5432267506436745,2016-04-28,1.04,bmo,4124313725.0,2025-04-25,2016-03-31,-0.0192307692307692,61.84213114754098,3319417.4918032787
2015-12-31,AEP,USD,4904,2016-02-24,2016-02-23 18:04:17,2015,Q4,3614200000.0,1678500000.0,1935700000.0,0.5355818715,0,0.0,0.0,0.0,1470200000.0,1470200000.0,3148700000.0,1900000.0,214900000.0,524700000.0,1032500000.0,0.2856787117,465500000.0,0.1287975209,-172600000.0,292900000.0,0.0810414476,92600000.0,469100000.0,0.1297935919,0.96,0.96,490724457,490953437,https://www.sec.gov/Archives/edgar/data/4904/000000490416000056/0000004904-16-000056-index.htm,https://www.sec.gov/Archives/edgar/data/4904/000000490416000056/ye15aep10k.htm,7.365029291784412,0.9559336065453122,1.851344450109606,-0.724439132651585,1.1476909128252395,36.48666730299118,36.37968262095402,36.45976829722184,41.95348266491637,28594514109.390003,48790814109.39,15.239029049984014,7.911713272478004,31.47442389586131,-80.4346388449789,1.5981999535756806,1.5981999535756806,13.49975488611311,47.255025771806295,53.70480364269675,-137.24560930911392,0.0164052446635543,-0.0124324546533651,1.1386676503630175,0.3302800929265876,19.56058111380145,0.5728916086375466,2.1661237785016287,4.440371456500489,0.0096522010810935,0.5883606906842891,0.0,0.0,0.0008511245381636,1.391304347826087,0.3497316141884787,2.408995616542786,0.017652592551602,28.003484614397877,0.0055552925593022,0.0076114787134962,-84.31717516781521,-3036100000.0,17852400000.0,-39705800000.0,43149600000.0,1663700000.0,1346000000.0,1222200000.0,38.8069282275469,76.03217158176943,71.8176943699732,2.3191735112936347,1.1837094499294782,1.2531730625653277,0.0262188612596902,2.575783582761191,2016-01-28,0.5,bmo,3765625000.0,2025-04-25,2015-12-31,-0.04,56.67171875,3100483.953125
2015-09-30,AEP,USD,4904,2015-10-22,2015-10-22 16:59:57,2015,Q3,4431400000.0,1998200000.0,2433200000.0,0.5490815544,0,0.0,0.0,0.0,1473000000.0,1473000000.0,3471200000.0,1600000.0,220200000.0,571000000.0,1567200000.0,0.3536579862,960200000.0,0.2166809586,-184200000.0,776000000.0,0.1751139595,275600000.0,518300000.0,0.1169607799,1.06,1.06,490648929,490800335,https://www.sec.gov/Archives/edgar/data/4904/000000490415000048/0000004904-15-000048-index.htm,https://www.sec.gov/Archives/edgar/data/4904/000000490415000048/aep20153q10q.htm,9.031712367194428,1.056356122199953,3.479065986099401,1.2330608796661615,1.004791758141186,36.093016723980256,35.98499651468718,36.07263555241553,41.63506489586162,27898298102.94,47928298102.94,13.456636167731045,6.295594643439996,16.34346696130053,46.1128894263471,1.5762640885326853,1.5762640885326853,10.815610891126958,30.5821197696146,28.077503282331577,79.22032744287604,0.0185781941997881,0.0216859106518846,1.1417594214362394,0.330741910669569,12.78075548749362,0.6443751771039955,4.360581289736603,3.400398406374502,0.0093554093886642,0.5035693613737218,0.0,0.0,0.0008674446390284,0.645577035735208,0.2486798754343999,1.9927667269439424,0.0,29.28096415280482,0.0109301226052342,0.0084903187760049,-83.59897999492016,-2510000000.0,17656000000.0,-38842000000.0,42781000000.0,1809000000.0,1255000000.0,1132500000.0,35.927697793022524,57.38164347913121,49.76979281353218,2.505031091011871,1.5684458398744112,1.808325791855204,0.0292841403469122,2.24600510643324,2015-10-22,1.01,bmo,4222943396.0,2025-04-25,2015-09-30,0.0495049504950495,55.49265625,2817623.765625
2015-06-30,AEP,USD,4904,2015-07-23,2015-07-23 17:01:32,2015,Q2,3826700000.0,1682100000.0,2144600000.0,0.5604306583,0,0.0,0.0,0.0,1340500000.0,1340500000.0,3022600000.0,3100000.0,219200000.0,524900000.0,1374400000.0,0.3591606345,804100000.0,0.2101288316,-173800000.0,630300000.0,0.1647111088,224300000.0,430000000.0,0.1123683592,0.88,0.88,490207482,490484450,https://www.sec.gov/Archives/edgar/data/4904/000000490415000031/0000004904-15-000031-index.htm,https://www.sec.gov/Archives/edgar/data/4904/000000490415000031/aep20152q10q.htm,7.806286400173713,0.8771795939254963,1.929795106636092,-0.3243524544980323,1.1240138517510427,35.580852272670946,35.39521659116578,35.56453265231884,42.63949606546397,25966290321.54,46454290321.54,15.096680419499998,6.785556830046777,27.448509853636363,-163.31000202226414,1.4894052037134335,1.4894052037134335,12.139517161402775,33.79968737015425,49.10601513904863,-292.16534793421386,0.0165599319223238,-0.0061233236643011,1.186359986233796,0.3394105484262693,14.906868451688007,0.6353383458646616,3.668339416058394,2.194895591647332,0.0100900050317415,0.6093023255813953,0.0,0.0,0.0014933210804424,1.168076109936575,0.2887605508662816,2.0692883895131087,0.0,26.49378893207801,0.0090535069809553,0.0070669055171167,-83.59368533669178,-2425000000.0,17351000000.0,-39271000000.0,42679000000.0,1830000000.0,1259500000.0,1176000000.0,43.48655499516555,66.13162118780096,62.06527554842162,2.0696051919956733,1.3609223300970874,1.4500862068965517,0.0246644487782493,2.254147561134124,2015-07-23,0.81,bmo,3522579545.0,2025-04-25,2015-06-30,0.0864197530864196,55.35825396825397,2471754.888888889
2015-03-31,AEP,USD,4904,2015-04-23,2015-04-23 16:27:27,2015,Q1,4580400000.0,2075200000.0,2505200000.0,0.546939132,0,0.0,0.0,0.0,1402400000.0,1402400000.0,3477600000.0,1400000.0,218700000.0,533700000.0,1676000000.0,0.3659069077,1102800000.0,0.2407649987,-179200000.0,923600000.0,0.201641778,327200000.0,629200000.0,0.1373679155,1.29,1.29,489597986,489936726,https://www.sec.gov/Archives/edgar/data/4904/000000490415000018/0000004904-15-000018-index.htm,https://www.sec.gov/Archives/edgar/data/4904/000000490415000018/aep10q20151q.htm,9.35543064100758,1.2851360054410028,2.567412521995138,0.2614389839422256,0.986523665969492,35.2289030862149,35.043036308568475,35.21460564178056,41.46810358815488,27539886712.5,47433886712.5,10.942421611768912,6.0125505878307575,21.90921775059666,215.15536494140625,1.597348570993562,1.597348570993562,10.35583938356912,28.30184171390215,37.73578895186953,370.5772399414063,0.0228468623189511,0.0046478041589729,1.1648976277478105,0.3345214697358339,11.869928400954654,0.5774410774410774,5.042524005486968,1.9920760697305864,0.0094408521979137,0.4132231404958678,0.0,0.0,0.0015157067190779,0.898170246618934,0.2464850231420836,2.0791896869244937,0.0,31.91003050174516,0.0126674887550913,0.0104959380786361,-82.42017155683315,-3012000000.0,17157000000.0,-38674000000.0,41889000000.0,1780450000.0,1270600000.0,1258500000.0,35.584228451663606,55.64282960678489,51.69622205088667,2.5292103810049698,1.6174590802805924,1.7409395973154362,0.0364944028768632,2.305973538052912,2015-04-23,1.1,bmo,3936796875.0,2025-04-25,2015-03-31,0.1636363636363635,59.33377049180328,2870280.770491803
2014-12-31,AEP,USD,4904,2015-02-20,2015-02-20 17:19:29,2014,Q4,4026000000.0,1915000000.0,2111000000.0,0.5243417784,0,0.0,0.0,0.0,1612000000.0,1612000000.0,3527000000.0,2000000.0,223000000.0,518000000.0,1059000000.0,0.2630402385,499000000.0,0.1239443616,-181000000.0,318000000.0,0.0789865872,151000000.0,191000000.0,0.0474416294,0.39,0.39,489095492,489418283,https://www.sec.gov/Archives/edgar/data/4904/000000490415000008/0000004904-15-000008-index.htm,https://www.sec.gov/Archives/edgar/data/4904/000000490415000008/ye14aep10k.htm,8.231521381513776,0.39051678685274,1.8155963702891784,-0.7237850395071725,1.1224801883882425,34.39819069115444,34.21213295500994,34.39001232912611,41.409091539940015,29697878274.24,49564878274.24,38.8715684217801,7.376522174426229,33.44355661513514,-83.89231150915253,1.7656289104780023,1.7656289104780023,12.311196789428712,46.80347334677998,55.81630436288288,-140.0137804357062,0.006431435883609,-0.0119200434701444,1.190844233055886,0.3358878473328526,18.76015108593012,0.5620685326973767,2.2376681614349776,4.625,0.0087649359188661,1.3628272251308902,0.0,0.0,0.001526000704308,1.398648648648649,0.30849478390462,2.3976833976833976,0.0,17.38310199815959,0.0047109548545204,0.0032078196903026,-82.36648192210285,-3489000000.0,16733000000.0,-38331000000.0,40719000000.0,1760950000.0,1258600000.0,1265000000.0,39.11847988077496,59.132114882506535,62.27154046997389,2.3007028973084176,1.5220155778095692,1.4452830188679244,0.0113555291319857,2.539381409796351,2015-01-28,0.5,bmo,3979166666.0,2025-04-25,2014-12-31,-0.04,57.22234375,2693738.6875
2014-09-30,AEP,USD,4904,2014-10-23,2014-10-23 17:28:03,2014,Q3,4161000000.0,1842000000.0,2319000000.0,0.5573179524,0,0.0,0.0,0.0,1414000000.0,1414000000.0,3256000000.0,1000000.0,217000000.0,519000000.0,1459000000.0,0.3506368661,905000000.0,0.2174957943,-182000000.0,723000000.0,0.1737563086,264000000.0,493000000.0,0.1184811343,1.01,1.01,488912892,488970647,https://www.sec.gov/Archives/edgar/data/4904/000000490414000097/0000004904-14-000097-index.htm,https://www.sec.gov/Archives/edgar/data/4904/000000490414000097/aep20143q10q.htm,8.510718510568545,1.0083595832036272,3.1253011016940007,0.942908251230978,1.0472213115623876,34.509214782579306,34.323087557282086,34.50103336608272,40.00099060590941,25526142091.32,44672142091.32,12.944291121359027,6.134617181283345,16.705590373900524,55.37124097900217,1.513288006362343,1.513288006362343,10.73591494624369,30.618329055051404,29.235695085942407,96.90269434125814,0.0193135334840763,0.0180599167062052,1.146549679867204,0.3338800172637031,13.12268677176148,0.5512940860936033,4.170506912442396,3.0931174089068825,0.0095980034555754,0.4969574036511156,0.0,0.0,0.0015709969788519,0.6982984293193717,0.2564287430906032,1.968634686346864,0.0,27.977894337586346,0.0106139470629533,0.0085243974132863,-78.97010005618752,-3346000000.0,16781000000.0,-36942000000.0,39809000000.0,1819000000.0,1243500000.0,1212000000.0,38.32732516222062,61.51465798045602,58.87622149837133,2.348194130925508,1.4630659253375695,1.5286307053941908,0.0292269385819302,2.182392850463023,2014-10-23,1.01,bmo,4161000000.0,2025-04-25,2014-09-30,0.0,52.87453125,2321614.359375
2014-06-30,AEP,USD,4904,2014-07-25,2014-07-25 13:26:48,2014,Q2,4044000000.0,1856000000.0,2188000000.0,0.5410484669,0,0.0,0.0,0.0,1421000000.0,1421000000.0,3277000000.0,3000000.0,221000000.0,484000000.0,1288000000.0,0.3184965381,767000000.0,0.1896636993,-184000000.0,583000000.0,0.1441641939,215000000.0,390000000.0,0.0964391691,0.8,0.8,488291576,488538227,https://www.sec.gov/Archives/edgar/data/4904/000000490414000090/0000004904-14-000090-index.htm,https://www.sec.gov/Archives/edgar/data/4904/000000490414000090/q214aep10q.htm,8.2819368565146,0.7987031093077879,2.179025918726888,0.1617885785520903,1.1611914435320916,33.96536171248631,33.77899765364783,33.95716988572418,40.60688525988415,27232021193.52,46649021193.52,17.456423842,6.733932045875371,25.594004881127823,344.7091290318987,1.6423630175212596,1.6423630175212596,11.53536626941642,36.21818415645963,43.84306503150376,590.4939391584811,0.0143213754582712,0.0029009965671882,1.1824980399252156,0.3402811523776466,15.075310559006212,0.5688157894736842,3.4705882352941178,2.721227621483376,0.008960040030303,0.6256410256410256,0.0,0.0,0.0015793127386324,0.925751879699248,0.2435707220573689,2.0351239669421486,0.0,24.70299954151247,0.0089613164463917,0.0067791896261016,-78.76236636120055,-3277000000.0,16494000000.0,-36712000000.0,39087000000.0,1871500000.0,1220500000.0,1216500000.0,41.52818991097923,59.547413793103445,59.11099137931034,2.167202572347267,1.511400651465798,1.5225594749794913,0.0235208974127012,2.0172373401747974,2014-07-25,0.75,bmo,3515625000.0,2025-04-25,2014-06-30,0.0666666666666667,52.75285714285714,2943360.793650794
2014-03-31,AEP,USD,4904,2014-04-25,2014-04-25 13:07:17,2014,Q1,4648000000.0,2098000000.0,2550000000.0,0.5486230637,0,0.0,0.0,0.0,1509000000.0,1509000000.0,3607000000.0,1000000.0,220000000.0,529000000.0,1599000000.0,0.3440189329,1041000000.0,0.2239672978,-191000000.0,850000000.0,0.1828743546,307000000.0,560000000.0,0.1204819277,1.15,1.15,487867089,488271167,https://www.sec.gov/Archives/edgar/data/4904/000000490414000049/0000004904-14-000049-index.htm,https://www.sec.gov/Archives/edgar/data/4904/000000490414000049/q114aep10q.htm,9.527184974758566,1.1478536114166946,2.3223538245269912,0.3628037307513481,1.2339426322729468,33.654657939019124,33.468131727163914,33.64850872324368,40.25481620466512,24715346728.74,43842346728.74,11.033636932473216,5.317415389143718,21.81407478264784,139.63472728101695,1.5055644937097952,1.5055644937097952,9.432518659367467,27.41860333254533,38.69580470321271,247.6968741736723,0.0226579868025403,0.0071615422572315,1.1829312865497077,0.3404572390336267,11.961851156973108,0.664979291302347,4.7318181818181815,2.019607843137255,0.0098724085353925,0.4357142857142857,0.0,0.0,0.0015954276096637,0.8437775816416593,0.2056798623063683,1.8071833648393192,0.0,29.479317339062177,0.012438794944497,0.0098337050239696,-77.89467840082158,-2184000000.0,16328000000.0,-36284000000.0,39437000000.0,1832500000.0,1239500000.0,1318500000.0,36.3446643717728,52.035271687321256,52.07816968541468,2.476291955247736,1.72959604286892,1.728171334431631,0.0341130604288499,1.9595500937756432,2014-04-25,0.93,bmo,3758817391.0,2025-04-25,2014-03-31,0.236559139784946,48.5927868852459,2858823.557377049
2013-12-31,AEP,USD,4904,2014-02-25,2014-02-25 14:26:50,2013,Q4,3773000000.0,1689000000.0,2084000000.0,0.5523456136,0,0.0,0.0,0.0,1406000000.0,1406000000.0,3095000000.0,3000000.0,221000000.0,463000000.0,1176000000.0,0.3116883117,678000000.0,0.1796978532,-186000000.0,492000000.0,0.130400212,164000000.0,346000000.0,0.0917042142,0.71,0.71,487243322,487656062,https://www.sec.gov/Archives/edgar/data/4904/000000490414000019/0000004904-14-000019-index.htm,https://www.sec.gov/Archives/edgar/data/4904/000000490414000019/ye13aep10k.htm,7.743564313027157,0.710117480070871,2.1878185946692152,-0.2483358817588884,0.9666628124664168,33.01430573531801,32.827540733334054,33.01225337265885,39.723479268126326,22773752870.280003,41789752870.28,16.45502375020231,6.035980087537769,21.36374565692308,-188.2128336386777,1.415837915466584,1.415837915466584,11.076001290824278,35.535504141394554,39.2023948126454,-345.3698584320661,0.0151929285423806,-0.0053131339700232,1.189555486478085,0.3391711277342503,16.170068027210885,0.7051701570680629,3.067873303167421,3.0720461095100866,0.0107579985343446,0.708092485549133,0.0,0.0,0.0016130747686744,1.1135084427767354,0.3146037635833554,2.5637149028077757,0.0149355950172276,22.96645399207737,0.0085739216206988,0.0061431386822434,-77.58854414837931,-1802000000.0,15995000000.0,-36018000000.0,39286000000.0,1768500000.0,1155000000.0,1431500000.0,42.65041081367612,67.46003552397868,75.82593250444049,2.110178970917226,1.3341232227488151,1.1869290231904428,0.0215107242772769,2.436154476428104,2014-01-27,0.57,bmo,3584350000.0,2025-04-25,2013-12-31,0.0526315789473684,46.14390625,3540059.984375
2013-09-30,AEP,USD,4904,2013-10-25,2013-10-25 13:02:08,2013,Q3,4176000000.0,1802000000.0,2374000000.0,0.56848659,0,0.0,0.0,0.0,1499000000.0,1499000000.0,3301000000.0,3000000.0,225000000.0,485000000.0,1390000000.0,0.3328544061,875000000.0,0.2095306513,-195000000.0,680000000.0,0.162835249,257000000.0,433000000.0,0.1036877395,0.89,0.89,486932747,487258905,https://www.sec.gov/Archives/edgar/data/4904/000000490413000083/0000004904-13-000083-index.htm,https://www.sec.gov/Archives/edgar/data/4904/000000490413000083/q313aep10q.htm,8.57613299932773,0.8892398440394891,3.129795663547763,1.2917594963067869,0.8933471874299718,32.37202693208884,32.18514280782188,32.36997326039359,39.04235259823263,21108534582.45,39747534582.45,12.187375624971132,5.054725714188218,13.850744476673228,33.55887850945946,1.3392040719737344,1.3392040719737344,9.518087783153735,28.595348620467625,26.081059437303143,63.19162890691573,0.0205130298509686,0.0297983736172269,1.1918538256566429,0.3417935702199661,13.409352517985612,0.7584328882642305,3.888888888888889,3.511520737327189,0.0113698086933775,0.5542725173210161,0.0,0.0,0.0016556592616851,0.5872703412073491,0.2143199233716475,1.845360824742268,0.0,25.44906824240887,0.0104966053531623,0.0078910919959177,-75.438035799223,-1375000000.0,15672000000.0,-34883000000.0,38586000000.0,1840000000.0,1015500000.0,1507000000.0,37.69396551724138,52.14206437291897,71.92008879023307,2.387650085763293,1.7260536398467432,1.2513888888888889,0.0274711331049359,1.8380361672409764,2013-10-23,1.09,bmo,4138036363.0,2025-04-25,2013-09-30,0.0091743119266055,44.475625,3289364.625
2013-06-30,AEP,USD,4904,2013-07-26,2013-07-26 11:44:52,2013,Q2,3582000000.0,1552000000.0,2030000000.0,0.5667225014,0,0.0,0.0,0.0,1483000000.0,1483000000.0,3035000000.0,49000000.0,228000000.0,472000000.0,1093000000.0,0.3051367951,547000000.0,0.1527079844,-154000000.0,393000000.0,0.1097152429,68000000.0,338000000.0,0.0943606924,0.69,0.69,486293026,486763615,https://www.sec.gov/Archives/edgar/data/4904/000000490413000072/0000004904-13-000072-index.htm,https://www.sec.gov/Archives/edgar/data/4904/000000490413000072/q213aep10q.htm,7.365929200062187,0.6950541791236793,1.5628437163727698,-0.0945931723067729,0.853394924071973,31.94987213326806,31.76274216196553,31.94987213326806,39.8607402607497,21625450866.22,40664450866.22,15.995155966139052,6.03725596488554,28.45454061344737,-470.11849709173913,1.3918678551985584,1.3918678551985584,11.352443011228363,37.20443812096981,53.505856402921054,-884.0098014395652,0.0156297319344204,-0.0021271232810158,1.2329278496492244,0.3484239436875898,17.419030192131746,0.7090044485350514,2.399122807017544,2.24188790560472,0.0110517926991908,0.7071005917159763,0.0,0.0,0.0016551774313828,1.0605263157894738,0.2250139586823004,1.7076271186440677,0.0,22.352965649900703,0.0087298317071121,0.0061579944614487,-75.65757276560244,-1897000000.0,15446000000.0,-34820000000.0,37619000000.0,1833500000.0,995500000.0,1547000000.0,48.517587939698494,57.23582474226804,91.2757731958763,1.854997410668048,1.5724417426545083,0.9860228716645488,0.0217545214648902,1.6574368886795428,2013-07-25,0.74,bmo,3631068493.0,2025-04-25,2013-06-30,-0.0135135135135135,48.0003125,3217118.421875
2013-03-31,AEP,USD,4904,2013-04-26,2013-04-26 11:53:58,2013,Q1,3826000000.0,1695000000.0,2131000000.0,0.5569785677,0,0.0,0.0,0.0,1376000000.0,1376000000.0,3071000000.0,3000000.0,232000000.0,454000000.0,1231000000.0,0.3217459488,755000000.0,0.1973340303,-210000000.0,545000000.0,0.1424464192,195000000.0,363000000.0,0.0948771563,0.75,0.75,485823668,486344036,https://www.sec.gov/Archives/edgar/data/4904/000000490413000050/0000004904-13-000050-index.htm,https://www.sec.gov/Archives/edgar/data/4904/000000490413000050/q113aep10q.htm,7.875285318540718,0.7471846760664612,1.5561201518078367,-0.2758202385479498,0.9056783952320742,31.74196939289504,31.55465863388113,31.74196939289504,39.33937611289864,23562447898.0,42263447898.0,16.227581196969698,6.158507030318871,31.16725912433862,-175.83916341791044,1.5279455222099734,1.5279455222099734,11.0463794819655,34.332614051990255,55.90403161111111,-315.39886491044774,0.0154058696096177,-0.0056870152277927,1.224304519810648,0.3461044912923923,15.191714053614946,0.7120647773279353,3.2543103448275863,2.076923076923077,0.0097612947939726,0.6336088154269972,0.0,0.0,0.0016681943171402,1.1772486772486772,0.2326189231573444,1.960352422907489,0.0,23.100542096825144,0.0094412023000448,0.0066655649203988,-75.39155132310269,-1778000000.0,15330000000.0,-34732000000.0,37443000000.0,1718000000.0,1086500000.0,1519500000.0,40.83638264506011,53.30973451327434,80.70796460176992,2.203917050691244,1.6882470119521913,1.1151315789473684,0.0235393294857661,1.8319403903557865,2013-04-26,0.81,bmo,3873825000.0,2025-04-25,2013-03-31,-0.0123456790123456,45.583333333333336,2731697.8833333333
2012-12-31,AEP,USD,4904,2013-02-26,2013-02-26 14:40:37,2012,Q4,3613000000.0,2403000000.0,1210000000.0,0.3349017437,0,0.0,0.0,0.0,961000000.0,961000000.0,3364000000.0,2000000.0,291000000.0,565000000.0,850000000.0,0.2352615555,249000000.0,0.0689177968,-255000000.0,-6000000.0,-0.0016606698,-16000000.0,21000000.0,0.0058123443,0.0433,0.0433,484831006,485223776,https://www.sec.gov/Archives/edgar/data/4904/000000490413000025/0000004904-13-000025-index.htm,https://www.sec.gov/Archives/edgar/data/4904/000000490413000025/ye12aep10k.htm,7.452081148456912,0.0433140614773305,1.8398163256085152,-0.0618772306819007,1.2437323367062048,31.427445463337385,31.23975119693561,31.427445463337385,39.24872742152964,20692587336.08,39151587336.08,246.3403254295238,5.727259157508994,23.19796786556054,-689.7529112026666,1.358048653677233,1.358048653677233,10.836309807938004,46.06069098362353,43.89191405390135,-1305.0529112026668,0.0010148561733207,-0.0014497945333153,1.229769639692853,0.3446576047970276,21.716470588235293,0.6725780448483072,0.8556701030927835,42.47619047619048,0.0110667649376407,10.904761904761903,0.0,0.0,0.0016738094800154,1.0336322869955157,0.2551895931358981,1.631858407079646,0.0143279822861887,5.534268864057389,-0.0081860501814738,0.0003869113420296,-75.2684946886421,-2234000000.0,15146000000.0,-34541000000.0,36620000000.0,1802000000.0,1078500000.0,1490500000.0,42.34707998892886,43.78277153558052,56.89138576779026,2.125294117647059,2.0556030795551754,1.5819618169848584,0.0013782240598543,1.901693556290416,2013-02-15,0.45,bmo,3323960000.0,2025-04-25,2012-12-31,0.111111111111111,43.16645161290323,2400186.1612903224
2012-09-30,AEP,USD,4904,2012-10-26,2012-10-26 10:49:17,2012,Q3,4156000000.0,1762000000.0,2394000000.0,0.5760346487,0,0.0,0.0,0.0,1482000000.0,1482000000.0,3244000000.0,2000000.0,233000000.0,506000000.0,1454000000.0,0.3498556304,912000000.0,0.2194417709,-197000000.0,715000000.0,0.1720404235,241000000.0,487000000.0,0.1171799808,1.0,1.0,484979543,485362858,https://www.sec.gov/Archives/edgar/data/4904/000000490412000077/0000004904-12-000077-index.htm,https://www.sec.gov/Archives/edgar/data/4904/000000490412000077/q312aep10q.htm,8.569433618357795,1.004166066443755,2.4722692272403743,0.9464316724798432,1.486660644570734,31.56009407184418,31.37451923410304,31.56009407184418,38.5088407739293,21295451733.13,39295451733.13,10.931956741853185,5.124025922312319,17.76101061979149,46.39531968002178,1.39131397707631,1.39131397707631,9.45511350652791,27.025757725674,32.773521045145955,85.61100595453158,0.0228687330094227,0.0215538982573409,1.2049523062851168,0.3425329197853017,12.379642365887207,0.6840323767476085,3.9141630901287554,2.456967213114754,0.010753469936669,0.4702258726899384,0.0,0.0,0.0016715264751221,0.6171809841534612,0.178055822906641,1.574468085106383,0.0,26.7031917421152,0.0119637209395005,0.009059959444124,-73.52268877040036,-2147000000.0,15216000000.0,-33889000000.0,36076000000.0,1856000000.0,947000000.0,1478000000.0,41.23195380173244,50.46538024971623,74.67650397275824,2.1827731092436973,1.7834008097165992,1.2051983584131327,0.0318175878740363,1.5258375547605314,2012-10-24,1.03,bmo,4196745098.0,2025-04-25,2012-09-30,-0.0097087378640776,42.6684126984127,2680271.73015873
2012-06-30,AEP,USD,4904,2012-07-27,2012-07-27 10:45:05,2012,Q2,3551000000.0,1424000000.0,2127000000.0,0.5989862011,0,0.0,0.0,0.0,1386000000.0,1386000000.0,2810000000.0,2000000.0,235000000.0,490000000.0,1268000000.0,0.357082512,741000000.0,0.2086736131,-198000000.0,543000000.0,0.1529146719,190000000.0,362000000.0,0.1019431146,0.75,0.75,484500029,484860690,https://www.sec.gov/Archives/edgar/data/4904/000000490412000054/0000004904-12-000054-index.htm,https://www.sec.gov/Archives/edgar/data/4904/000000490412000054/q212aep10q.htm,7.329204927663689,0.7471619779820488,1.727554076162914,0.4210526063766241,1.2260061185672293,30.97626233578616,30.79050383297293,30.974198352421563,38.68936816926382,19331551157.1,37544551157.1,13.350518754903316,5.44397385443537,23.09623794157706,94.76250567205882,1.2881689316385687,1.2881689316385687,10.572951607181077,29.609267474053627,44.85609457240143,184.0419174367647,0.0187258641098257,0.0105526969016697,1.2334244019457588,0.3464929522098051,14.363564668769715,0.6997034493522709,3.1531914893617023,2.3057851239669422,0.0118459195611881,0.6325966850828729,0.0,0.0,0.0016847307238726,0.7562724014336918,0.1782596451703745,1.4859154929577465,0.0,22.81910875596549,0.0095950250382272,0.0067877969661172,-73.7172298497427,-1924000000.0,14918000000.0,-33930000000.0,35994000000.0,1762500000.0,942000000.0,1456000000.0,45.82371163052662,57.26123595505618,94.4241573033708,1.9640486725663715,1.5717439293598234,0.9531459170013388,0.0241220763643632,1.3065014697862898,2012-07-20,0.71,bmo,3274298701.0,2025-04-25,2012-06-30,0.0845070422535212,38.59920634920635,3647329.984126984
2012-03-31,AEP,USD,4904,2012-04-27,2012-04-27 13:01:54,2012,Q1,3625000000.0,1575000000.0,2050000000.0,0.5655172414,0,0.0,0.0,0.0,1296000000.0,1296000000.0,2871000000.0,2000000.0,229000000.0,457000000.0,1256000000.0,0.3464827586,754000000.0,0.208,-184000000.0,570000000.0,0.1572413793,189000000.0,389000000.0,0.1073103448,0.8,0.8,483828101,484248868,https://www.sec.gov/Archives/edgar/data/4904/000000490412000032/0000004904-12-000032-index.htm,https://www.sec.gov/Archives/edgar/data/4904/000000490412000032/q112aep10q.htm,7.492330421709011,0.8040045611158083,1.8105603998391984,0.0806071410887314,1.039625435067485,30.707187055263663,30.52117057582813,30.70512020549216,38.44133890023887,18666088136.58,36750088136.58,11.996200601915168,5.149265692849655,21.30831979061644,478.6176445276923,1.2564679682673667,1.2564679682673667,10.13795534802207,29.25962431256369,41.9521554070548,942.30995222,0.0208399315996839,0.0020893504688629,1.2365374259558428,0.3472458508184946,14.398089171974522,0.6644591611479028,3.2925764192139737,2.246153846153846,0.0122682373684515,0.5886889460154242,0.0,0.0,0.0017012589316093,0.9554794520547946,0.2308965517241379,1.8315098468271336,0.0,23.568172937959343,0.0101631271160357,0.0073657502082859,-73.46669184062131,-2128000000.0,14767000000.0,-33831000000.0,35394000000.0,1775500000.0,1036500000.0,1355000000.0,42.62896551724138,55.885714285714286,81.02857142857142,2.1112405358182875,1.6104294478527608,1.1107193229901269,0.0261847065158858,1.729953258750467,2012-04-20,0.79,bmo,3579687500.0,2025-04-25,2012-03-31,0.0126582278481012,39.446935483870966,4839439.967741936
2011-12-31,AEP,USD,4904,2012-02-28,2012-02-28 11:42:07,2011,Q4,3444000000.0,1349000000.0,2095000000.0,0.6083042973,0,0.0,0.0,0.0,1752000000.0,1752000000.0,3101000000.0,3000000.0,210000000.0,534000000.0,979000000.0,0.2842624855,343000000.0,0.0995934959,-108000000.0,235000000.0,0.0682346109,-1604000000.0,311000000.0,0.0903019744,0.64,0.64,482998692,483354598,https://www.sec.gov/Archives/edgar/data/4904/000000490412000013/0000004904-12-000013-index.htm,https://www.sec.gov/Archives/edgar/data/4904/000000490412000013/ye11aep10k.htm,7.13045409240984,0.643894083257683,0.9316795416911812,-0.7494844313160169,1.0662554754910183,30.362401064224827,30.205050741628096,30.360330665243293,38.04565168470477,19952675966.52,37897675966.52,16.03912859045016,5.793459920592334,44.3392799256,-55.11788941027624,1.360657117193126,1.360657117193126,11.0039709542741,38.7105985357712,84.21705770337779,-104.68971261469616,0.0155868817055841,-0.0181429298309372,1.2388161483906164,0.3478543936579668,18.329928498467822,0.6325820602026925,1.6333333333333333,2.132701421800948,0.0115272758594352,0.7395498392282959,0.0,0.0,0.0014552974742929,1.8044444444444443,0.2357723577235772,1.5205992509363295,0.0,20.97257349074456,0.0551218286643086,0.0059639097167622,-72.50847793186156,-2429000000.0,14589000000.0,-33376000000.0,34618000000.0,1886000000.0,1049000000.0,1232500000.0,47.926829268292686,73.05411415863603,86.19718309859155,1.8778625954198471,1.2319634703196347,1.0441176470588236,0.0212084015275504,1.681163973007198,2012-01-27,0.4,bmo,3444000000.0,2025-04-25,2011-12-31,0.6,39.07904761904762,3571322.8095238097
2011-09-30,AEP,USD,4904,2011-10-28,2011-10-28 11:33:06,2011,Q3,4333000000.0,1665000000.0,2668000000.0,0.6157396723,0,0.0,0.0,0.0,1778000000.0,1778000000.0,3443000000.0,19000000.0,242000000.0,445000000.0,1671000000.0,0.3856450496,890000000.0,0.2054004154,94000000.0,984000000.0,0.2270943919,334000000.0,929000000.0,0.2144011078,1.92,1.92,482498734,482796945,https://www.sec.gov/Archives/edgar/data/4904/000000490411000140/0000004904-11-000140-index.htm,https://www.sec.gov/Archives/edgar/data/4904/000000490411000140/q311aep10q.htm,8.980334443737629,1.9253936529499784,3.3285061427746667,1.7803155520818423,1.6290198183193576,30.36899160029713,30.2114782336403,30.36899160029713,37.24569358144679,18344601866.68,35527601866.68,4.936652816652315,4.233695330413108,11.42254163554172,21.35576468763679,1.2519348847799086,1.2519348847799086,8.199308069854604,21.26128178736086,22.12179443753425,41.35925712069849,0.0506416005510252,0.0468257641262978,1.2099228826861397,0.3463574735772755,10.283064033512868,0.7695285010555947,3.677685950413223,2.4444444444444446,0.012156164610203,0.240043057050592,0.0,0.0,0.0014847519878094,0.4651307596513076,0.1723978767597507,1.6786516853932585,0.0,36.27155817797637,0.0122355616987875,0.0181761264698401,-69.86132320090191,-1310000000.0,14577000000.0,-32160000000.0,35183000000.0,2067500000.0,986000000.0,1239000000.0,40.25386568197553,54.21621621621622,63.4054054054054,2.235810113519092,1.6600199401794615,1.4194373401534526,0.0633999863509179,1.5481905906928244,2011-10-26,1.15,bmo,4258931623.0,2025-04-25,2011-09-30,0.0173913043478261,37.45515625,4674182.421875
2011-06-30,AEP,USD,4904,2011-07-29,2011-07-29 14:53:58,2011,Q2,3609000000.0,1267000000.0,2342000000.0,0.6489332225,0,0.0,0.0,0.0,1625000000.0,1625000000.0,2892000000.0,3000000.0,239000000.0,376000000.0,1170000000.0,0.3241895262,717000000.0,0.1986699917,-196000000.0,521000000.0,0.1443613189,168000000.0,352000000.0,0.0975339429,0.73,0.73,481928494,482203255,https://www.sec.gov/Archives/edgar/data/4904/000000490411000110/0000004904-11-000110-index.htm,https://www.sec.gov/Archives/edgar/data/4904/000000490411000110/q211aep10q.htm,7.488662830548467,0.7303988130654089,1.87164695848011,0.9690234252884828,1.5105975452034592,28.923377998064584,28.765678254334556,28.923377998064584,38.41441257465885,18159065653.92,36016065653.92,12.89706367465909,5.031605889143807,20.13200183361419,38.88450889490364,1.3027523964358994,1.3027523964358994,9.979513896902189,30.78296209736752,39.9291193502439,77.12219626107066,0.0193842572469588,0.0257171821998005,1.3109979195064208,0.3600646279949558,15.262393162393163,0.8075420417869883,3.0,2.5625,0.0122803675172494,0.6335227272727273,0.0,0.0,0.0014974779319041,0.4822616407982261,0.1205320033250207,1.0609756097560976,0.0,21.80197288301318,0.0102112131264605,0.0069460888783645,-70.10324232872605,-1133000000.0,13863000000.0,-32059000000.0,35007000000.0,2123500000.0,926500000.0,1316500000.0,54.78802992518703,68.83188634569849,92.69928966061562,1.6426945835229858,1.307533539731682,0.9708812260536398,0.0252528875816055,0.9026235331916274,2011-07-29,0.76,bmo,3757315068.0,2025-04-25,2011-06-30,-0.0394736842105263,36.92206349206349,3484545.793650794
2011-03-31,AEP,USD,4904,2011-05-03,2011-05-03 13:03:39,2011,Q1,3730000000.0,1331000000.0,2399000000.0,0.6431635389,0,0.0,0.0,0.0,1567000000.0,1567000000.0,2898000000.0,2000000.0,242000000.0,437000000.0,1306000000.0,0.3501340483,832000000.0,0.2230563003,-205000000.0,627000000.0,0.1680965147,-278000000.0,354000000.0,0.0949061662,0.73,0.73,481144270,481365806,https://www.sec.gov/Archives/edgar/data/4904/000000490411000074/0000004904-11-000074-index.htm,https://www.sec.gov/Archives/edgar/data/4904/000000490411000074/q111aep10q.htm,7.752352532432736,0.7357460580378521,1.7250543168684105,0.1018405560560868,2.059673286766982,28.637980038710637,28.48002325788895,28.637980038710637,39.49335196281149,16907409647.8,35042409647.8,11.940261050706216,4.532817599946381,20.370373069638557,345.0491764857143,1.2270418497568765,1.2270418497568765,9.394747894852548,26.83186037350689,42.21977066,715.1512173020409,0.0209375656812137,0.0028981376225408,1.3614921256985268,0.3710443037974683,13.885911179173048,0.7996326598764402,3.43801652892562,2.3446327683615817,0.0132486291316154,0.632768361581921,0.0,0.0,0.001503164556962,0.9409638554216868,0.2093833780160857,1.9379652605459057,0.0,21.773408570595485,0.025175956854209,0.0070121226527216,-69.80962279775254,-1200000000.0,13703000000.0,-31992000000.0,34642000000.0,2181000000.0,972500000.0,1388000000.0,49.46380697050938,59.77460555972953,89.79714500375658,1.8195121951219515,1.505656108597285,1.0022590361445782,0.0256912693228826,1.6232137608123236,2011-04-21,0.8,bmo,3639024390.0,2025-04-25,2011-03-31,0.0249999999999998,35.59693548387097,3320051.7580645164
2010-12-31,AEP,USD,4904,2011-02-25,2011-02-25 13:48:40,2010,Q4,3434000000.0,1219000000.0,2215000000.0,0.6450203844,0,0.0,0.0,0.0,1729000000.0,1729000000.0,2948000000.0,14000000.0,249000000.0,430000000.0,966000000.0,0.281304601,486000000.0,0.1415259173,-199000000.0,287000000.0,0.0835760047,113000000.0,177000000.0,0.0515433896,0.37,0.37,480258788,480483624,https://www.sec.gov/Archives/edgar/data/4904/000000490411000023/0000004904-11-000023-index.htm,https://www.sec.gov/Archives/edgar/data/4904/000000490411000023/ye10aep10k.htm,7.150311635734191,0.3685512986385998,1.9989222977008805,0.4622507813433286,1.4783696160079427,28.363874520084785,28.20562650485013,28.363874520084785,38.32517063696084,17279711192.239998,35142711192.24,24.406371740451977,5.031948512591729,17.99969915858333,77.83653690198197,1.2685149898869474,1.2685149898869474,10.233753987256843,36.37961821142857,36.60699082525,158.3005008659459,0.0102432267548248,0.0128474369467295,1.3329173395977096,0.3598652264394014,18.49171842650103,0.7695612150966554,1.9518072289156627,5.393258426966292,0.0129053082843274,1.2598870056497176,0.0,0.0,0.0015062927361014,0.76875,0.2149097262667443,1.716279069767442,0.0,15.336385256897715,0.0063240059156871,0.0035133686655153,-70.09762411677097,-1502000000.0,13546000000.0,-31817000000.0,34248000000.0,2146500000.0,972500000.0,1428500000.0,60.5940594059406,78.33470057424118,106.90730106644791,1.4852941176470589,1.1489161168708766,0.8418508287292817,0.0129936866833064,1.5366715163575515,2011-01-28,0.4,bmo,3614736842.0,2025-04-25,2010-12-31,-0.05,36.25046875,2752814.390625
2010-09-30,AEP,USD,4904,2010-11-01,2010-11-01 16:45:22,2010,Q3,4064000000.0,1436000000.0,2628000000.0,0.6466535433,0,0.0,0.0,0.0,1603000000.0,1603000000.0,3039000000.0,3000000.0,251000000.0,424000000.0,1487000000.0,0.3658956693,1025000000.0,0.2522145669,-213000000.0,812000000.0,0.1998031496,258000000.0,556000000.0,0.1368110236,1.16,1.16,479578139,479750447,https://www.sec.gov/Archives/edgar/data/4904/000000490410000143/0000004904-10-000143-index.htm,https://www.sec.gov/Archives/edgar/data/4904/000000490410000143/q310aep10q.htm,8.474114371589403,1.159352261467448,2.335385850438024,1.1822890867842497,2.952594968053788,28.475026047840768,28.316553436561044,28.475026047840768,39.61398248805499,17375115975.969997,35032115975.97,7.812552147468524,4.275373025583169,15.51349640711607,30.64394352022927,1.2723429976545106,1.2723429976545106,8.620107277551673,23.558921301930063,31.278674978544643,61.78503699465609,0.0319997864053946,0.0326328757047819,1.3728031634446398,0.3757516235067746,11.874243443174176,0.8817501626545218,4.083665338645418,2.010771992818672,0.0117409288250009,0.3669064748201439,0.0,0.0,0.0015232903070632,0.49375,0.1360728346456693,1.1816239316239316,0.0,27.25404890081371,0.015040490797026,0.0111610727477115,-68.03844326190189,-727000000.0,13580000000.0,-30815000000.0,34347000000.0,2240500000.0,873500000.0,1493000000.0,43.87057086614173,55.40389972144847,88.30779944289694,2.051489146895507,1.6244343891402715,1.0191625266146205,0.0407147041593438,1.1530967636537746,2010-10-19,1.04,bmo,3675269565.0,2025-04-25,2010-09-30,0.1057692307692306,35.64,3486295.296875
2010-06-30,AEP,USD,4904,2010-07-30,2010-07-30 13:31:45,2010,Q2,3360000000.0,1122000000.0,2238000000.0,0.6660714286,0,0.0,0.0,0.0,1844000000.0,1844000000.0,2966000000.0,18000000.0,249000000.0,405000000.0,855000000.0,0.2544642857,394000000.0,0.1172619048,-193000000.0,201000000.0,0.0598214286,65000000.0,136000000.0,0.0404761905,0.28,0.28,479050774,479176543,https://www.sec.gov/Archives/edgar/data/4904/000000490410000112/0000004904-10-000112-index.htm,https://www.sec.gov/Archives/edgar/data/4904/000000490410000112/q210aep10q.htm,7.01387030845294,0.283894750580238,1.2107276127686624,0.1711718349086729,2.525828295603589,27.700612795586466,27.541965729085742,27.69852533418514,39.80788892327309,15473340000.2,33382340000.2,28.44363970625,4.605160714345238,26.67817241413793,188.69926829512195,1.1661270630944307,1.1661270630944307,9.93522023815476,39.04367251485379,57.55575862103448,407.1017073195122,0.0087893111634748,0.0052994376132716,1.4184188710528298,0.3768948875583235,20.94619883040936,1.002596053997923,1.5823293172690762,4.233576642335766,0.0130547121692788,1.4852941176470589,0.0,0.0,0.0015219176161964,0.8586206896551725,0.1482142857142857,1.1216216216216215,0.0,13.30142788112427,0.005711560035921,0.0027275826798499,-68.45516546436058,15000000.0,13194000000.0,-30874000000.0,34809000000.0,2308000000.0,908500000.0,1571500000.0,66.96428571428571,69.22459893048129,126.49732620320856,1.344,1.3001158748551565,0.7114774889029803,0.010249453613686,1.0395557778599895,2010-07-30,0.69,bmo,3132972972.0,2025-04-25,2010-06-30,0.0724637681159421,33.02968253968254,4163579.206349206
2010-03-31,AEP,USD,4904,2010-04-30,2010-04-30 16:15:15,2010,Q1,3569000000.0,1252000000.0,2317000000.0,0.649201457,0,0.0,0.0,0.0,1559000000.0,1559000000.0,2811000000.0,3000000.0,250000000.0,408000000.0,1207000000.0,0.3381899692,758000000.0,0.2123844214,-209000000.0,549000000.0,0.1538246007,-207000000.0,345000000.0,0.0966657327,0.72,0.72,478429535,478844632,https://www.sec.gov/Archives/edgar/data/4904/000000490410000063/0000004904-10-000063-index.htm,https://www.sec.gov/Archives/edgar/data/4904/000000490410000063/q110aep10q.htm,7.459823733499229,0.7211093269983844,0.0041803439246283,-1.3481609156926315,2.4350503360959936,27.84945122587384,27.690598156737963,27.84945122587384,39.39347097373493,16352721506.3,34022721506.3,11.849798192971017,4.581877698599048,8176.36075315,-25.353056598914726,1.2273132322350644,1.2273132322350644,9.532844355926027,28.18783886188898,17011.36075315,-52.74840543612403,0.0210974057050434,-0.039442975883342,1.395752026418493,0.3747506297229219,14.63960231980116,1.000181323662738,3.032,0.0057803468208092,0.012108076317677,0.5739130434782609,0.0,0.0,0.0015314861460957,323.5,0.1812832726253852,1.4771689497716896,0.0,21.25691012805471,0.0224831619930324,0.0069628044965589,-68.48657451718569,1000000.0,13248000000.0,-30785000000.0,34603000000.0,1856500000.0,1056000000.0,1613500000.0,53.359484449425615,68.57827476038338,112.57188498402556,1.686672967863894,1.3123689727463312,0.7994891443167306,0.0258931251876313,1.35234125961726,2010-04-29,0.78,bmo,3662921052.0,2025-04-25,2010-03-31,-0.0256410256410256,34.486721311475414,3208226.393442623
2009-12-31,AEP,USD,4904,2010-02-26,2010-02-26 15:29:54,2009,Q4,3282000000.0,1107000000.0,2175000000.0,0.6627056673,0,0.0,0.0,0.0,1694000000.0,1694000000.0,2801000000.0,6000000.0,247000000.0,419000000.0,943000000.0,0.287324802,481000000.0,0.1465569775,-204000000.0,277000000.0,0.0843997562,40000000.0,239000000.0,0.0728214503,0.51,0.51,467812839,468046718,https://www.sec.gov/Archives/edgar/data/4904/000000490410000018/0000004904-10-000018-index.htm,https://www.sec.gov/Archives/edgar/data/4904/000000490410000018/ye09aep10k.htm,7.01562617865646,0.5108880733390903,1.2911146288569475,0.1881094161248533,2.0136257953364978,28.08815599864287,27.92569786653504,28.08815599864287,38.20117472235515,16275208668.81,33320208668.81,17.024276850219664,4.958930124561243,26.945709716572846,184.9455530546591,1.2386003553127851,1.2386003553127851,10.152409710179768,35.334261578801694,55.16590839206953,378.63873487284087,0.0146849115647913,0.005406996726785,1.341248097412481,0.3645238686191776,18.07529162248144,0.8928102121269007,1.947368421052632,2.527196652719665,0.0119814132013987,0.8158995815899581,0.0,0.0,0.0015719367915942,0.8543046357615894,0.1572212065813528,1.2315035799522671,0.0,17.968662660041662,0.0091681856230058,0.0049511103745442,-68.91164010998851,-571000000.0,13064000000.0,-30452000000.0,33849000000.0,1313000000.0,1081000000.0,1614000000.0,43.79341864716636,94.14634146341464,135.04065040650406,2.055103318722605,0.955958549222798,0.6664659843467791,0.0181887366818873,1.1030052127320944,2010-01-28,0.46,bmo,3019440000.0,2025-04-25,2009-12-31,0.0869565217391303,32.35328125,4245670.609375
2009-09-30,AEP,USD,4904,2009-10-30,2009-10-30 12:45:35,2009,Q3,3547000000.0,1178000000.0,2369000000.0,0.6678883564,0,0.0,0.0,0.0,1511000000.0,1511000000.0,2689000000.0,5000000.0,248000000.0,437000000.0,1335000000.0,0.3763744009,858000000.0,0.2418945588,-208000000.0,650000000.0,0.1832534536,208000000.0,444000000.0,0.1251762052,0.93,0.93,476948143,477111144,https://www.sec.gov/Archives/edgar/data/4904/000000490409000174/0000004904-09-000174-index.htm,https://www.sec.gov/Archives/edgar/data/4904/000000490409000174/q309aep10q.htm,7.436867198369613,0.9309188147945048,2.126017293246909,0.9162421668135105,2.38181030091567,27.390818460530205,27.231471996736552,27.390818460530205,37.43174234352769,14780622951.57,31508622951.57,8.322422833091217,4.16707723472512,14.57655123428994,33.822935815949656,1.1314010220124004,1.1314010220124004,8.883175345804906,23.601964757730336,31.073592654408284,72.10211201732265,0.0300393292931431,0.0295657362637467,1.3475964482547458,0.373042612251817,12.530337078651684,0.8981351513936234,3.4596774193548385,2.273542600896861,0.0135988855583823,0.4527027027027027,0.0,0.0,0.0016104083232682,0.5690335305719921,0.1626726811389907,1.3203661327231122,0.0,23.952434861499675,0.0132305319969159,0.0094233503830889,-65.91439858064402,-508000000.0,12988000000.0,-29650000000.0,33389000000.0,1033000000.0,1050000000.0,1526500000.0,26.109388215393288,76.7062818336163,119.71986417657048,3.447035957240039,1.1733067729083666,0.751754945756222,0.0339865278628291,1.2097751264333994,2009-10-29,0.85,bmo,3241881720.0,2025-04-25,2009-09-30,0.0941176470588236,30.65125,3614120.609375
2009-06-30,AEP,USD,4904,2009-08-04,2009-08-04 13:31:51,2009,Q2,3202000000.0,1022000000.0,2180000000.0,0.6808244847,0,0.0,0.0,0.0,1498000000.0,1498000000.0,2520000000.0,5000000.0,240000000.0,409000000.0,1118000000.0,0.349156777,682000000.0,0.2129918801,-213000000.0,469000000.0,0.1464709557,148000000.0,316000000.0,0.0986883198,0.67,0.67,472220041,472222817,https://www.sec.gov/Archives/edgar/data/4904/000000490409000117/0000004904-09-000117-index.htm,https://www.sec.gov/Archives/edgar/data/4904/000000490409000117/q209aep10q.htm,6.780737202976948,0.6691795615679936,1.1435346938187234,-0.393884172315338,1.656007649196744,27.02765425408957,26.866712334218786,26.98953643096228,37.05475939340744,13642436984.49,30407436984.49,10.793067234564877,4.260598683475952,25.2637721935,-73.34643540048387,1.0704148281278931,1.0704148281278931,9.496388814643971,27.198065281296955,56.31006848979629,-163.4808440026344,0.0231630170151607,-0.0136339277367718,1.354099646920361,0.3724373084725279,14.995527728085868,0.7832375301316521,2.841666666666667,1.7034700315457414,0.0142936339175833,0.6170886075949367,0.0,0.0,0.0016401225775821,1.3444444444444446,0.226733291692692,1.7203791469194314,0.0,20.15859713634313,0.0108926947515374,0.0068306601530413,-66.22389412735662,-1169000000.0,12687000000.0,-29351000000.0,32466000000.0,999500000.0,1111000000.0,1388000000.0,29.1474078700812,96.51663405088064,130.86105675146771,3.0877531340405016,0.9324817518248176,0.6877523553162853,0.0247940368772067,1.5374188661340615,2009-07-31,0.61,bmo,2872382352.0,2025-04-25,2009-06-30,0.1147540983606558,26.68492063492064,6232454.984126984
2009-03-31,AEP,USD,4904,2009-05-01,2009-05-01 15:15:27,2009,Q1,3458000000.0,1224000000.0,2234000000.0,0.6460381724,0,0.0,0.0,0.0,1484000000.0,1484000000.0,2708000000.0,5000000.0,238000000.0,395000000.0,1175000000.0,0.3397917872,750000000.0,0.2168883748,-208000000.0,542000000.0,0.1567379988,179000000.0,361000000.0,0.1043956044,0.89,0.89,406826606,407381954,https://www.sec.gov/Archives/edgar/data/4904/000000490409000076/0000004904-09-000076-index.htm,https://www.sec.gov/Archives/edgar/data/4904/000000490409000076/q109aep10q.htm,8.499935719543377,0.8873559267655174,0.7792017417857867,-1.612480576061439,2.273695934232974,26.935308159270196,26.748496385214292,26.89106326541485,46.84305234451652,10276440067.56,28385440067.56,7.116648246232687,2.971787179745518,32.41779201123029,-15.665304981036588,0.9393455271992688,0.9393455271992688,8.208629285008676,24.15782133409362,89.54397497652997,-43.270487907865856,0.0351288965465367,-0.0638353355527093,1.7202010968921388,0.4103128747410879,15.411914893617022,0.6423334893152395,3.1512605042016806,0.8732782369146006,0.016542693664574,0.4709141274238227,0.0,0.0,0.0016570369562847,3.0694006309148265,0.2813765182186235,2.547120418848168,0.0,23.1709677878553,0.0118555140093636,0.0078839896044901,-80.17051864105466,-2293000000.0,10882000000.0,-30789000000.0,31034000000.0,1037000000.0,1211500000.0,1231500000.0,25.03759398496241,82.79411764705883,94.8529411764706,3.5945945945945947,1.0870337477797514,0.9488372093023256,0.0329981718464351,2.3916823178472257,2009-04-24,0.79,bmo,3069460674.0,2025-04-25,2009-03-31,0.1265822784810126,29.67131147540984,3820869.983606557
2008-12-31,AEP,USD,4904,2009-02-27,2009-02-27 17:13:37,2008,Q4,3236000000.0,1219000000.0,2017000000.0,0.6233003708,0,0.0,0.0,0.0,1582000000.0,1582000000.0,2801000000.0,0.0,0.0,448000000.0,1065000000.0,0.3291100124,435000000.0,0.1344252163,-259000000.0,176000000.0,0.0543881335,34000000.0,153000000.0,0.0472805933,0.38,0.38,404455227,405511331,https://www.sec.gov/Archives/edgar/data/4904/000000490409000040/0000004904-09-000040-index.htm,https://www.sec.gov/Archives/edgar/data/4904/000000490409000040/ye08aep10k.htm,8.00088559617008,0.3782866181131095,1.2930973939421977,-1.4933667800020791,2.0373083223869424,26.588851576394635,26.40094449811623,26.588851576394635,44.402937089498906,13460269954.56,30922269954.56,21.993905154509804,4.159539540964154,25.73665383281071,-22.285215156556298,1.25165240418077,1.25165240418077,9.55570764974042,29.03499526249765,59.12479914829828,-51.19581118304636,0.0113667854000333,-0.0448727998798701,1.669983262042031,0.3977189679991141,16.3962441314554,0.5994918215023027,0.0,3.7357142857142858,0.0125554688405596,1.1045751633986929,0.0,0.0,0.0016830915734691,2.1548757170172084,0.3482694684796044,0.0,0.0,15.043591715503958,0.0085018751747997,0.0033940415714634,-79.5057100349948,-2522000000.0,10678000000.0,-30626000000.0,30541000000.0,1149500000.0,1372000000.0,1095500000.0,30.927070457354763,95.75881870385562,86.60377358490567,2.9100719424460437,0.9398612181958366,1.03921568627451,0.0142272642737586,2.786464173944277,2009-01-29,0.53,bmo,2906915254.0,2025-04-25,2008-12-31,0.1132075471698112,31.11296875,3778949.125
2008-09-30,AEP,USD,4904,2008-10-31,2008-10-31 16:21:58,2008,Q3,4191000000.0,1874000000.0,2317000000.0,0.5528513481,0,0.0,0.0,0.0,1580000000.0,1580000000.0,3454000000.0,14000000.0,216000000.0,414000000.0,1197000000.0,0.2856120258,737000000.0,0.1758530184,-170000000.0,567000000.0,0.1352899069,192000000.0,375000000.0,0.0894774517,0.93,0.93,402286779,403910309,https://www.sec.gov/Archives/edgar/data/4904/000000490408000148/0000004904-08-000148-index.htm,https://www.sec.gov/Archives/edgar/data/4904/000000490408000148/q308aep10q.htm,10.41794117723168,0.9321708283135002,2.127835277430284,-0.2734367763052934,0.8401966399199016,27.137357153862617,26.948437199324417,27.137357153862617,43.56345004318424,14896679426.37,31867679426.370003,9.93111961758,3.554445102927702,17.402662881273365,-135.42435842154546,1.3645396561665293,1.3645396561665293,7.603836656256264,26.62295691426065,37.22859746071262,-289.70617660336364,0.0251733953095733,-0.0073841959574748,1.5855088394247503,0.4021794693061945,14.177944862155387,0.6962600489339392,3.412037037037037,2.288770053475936,0.0110091648820534,0.4373333333333333,0.0,0.0,0.0017658813141874,1.1285046728971964,0.2304939155332856,0.0,0.0,23.85738220484378,0.0124028972629481,0.0087286439178809,-75.52758774605417,-1738000000.0,10841000000.0,-28137000000.0,30127000000.0,1191000000.0,1430500000.0,1033500000.0,25.490336435218325,69.49306296691569,48.89007470651013,3.530749789385004,1.2950932964754664,1.8408644400785856,0.0343500961802693,2.4012720537355765,2008-10-31,1.04,bmo,4686709677.0,2025-04-25,2008-09-30,-0.1057692307692307,38.81734375,2568932.0625
2008-06-30,AEP,USD,4904,2008-08-01,2008-08-01 14:30:32,2008,Q2,3546000000.0,1419000000.0,2127000000.0,0.5998307953,0,0.0,0.0,0.0,1541000000.0,1541000000.0,2960000000.0,15000000.0,234000000.0,418000000.0,1056000000.0,0.2978003384,586000000.0,0.1652566272,-182000000.0,404000000.0,0.1139311901,123000000.0,281000000.0,0.0792442188,0.7,0.7,401513958,402785942,https://www.sec.gov/Archives/edgar/data/4904/000000490408000125/0000004904-08-000125-index.htm,https://www.sec.gov/Archives/edgar/data/4904/000000490408000125/q208aep10q.htm,8.831573421913268,0.6998511369310852,1.4171362879494216,-0.8966064387729206,0.5429450101458241,26.47728625165255,26.288002670133825,26.47728625165255,41.57265187777109,16152906530.339998,32392906530.34,14.37091328322064,4.555247188477157,28.388236432934978,-44.8691848065,1.5194155329075345,1.5194155329075345,9.135055423107726,30.675100881003782,56.92953696017574,-89.9802959176111,0.0173962499858584,-0.0222870106580392,1.5481140062082588,0.385469364811692,15.37878787878788,0.7120511908993956,2.5042735042735043,2.0249110320284696,0.0102148798849346,0.5871886120996441,0.0,0.0,0.0017800262319655,1.632688927943761,0.2619853355893965,0.0,0.0,20.4188289315658,0.0106298015050827,0.0065931487564523,-75.77881016031826,-1620000000.0,10555000000.0,-28059000000.0,29460000000.0,1122500000.0,1295000000.0,998000000.0,30.32994923857868,89.68287526427062,66.53276955602537,2.967364016736401,1.0035360678925036,1.3527168732125834,0.0264321324428557,2.3137427267223423,2008-07-31,0.68,bmo,3444685714.0,2025-04-25,2008-06-30,0.0294117647058822,43.09328125,2782704.8125
2008-03-31,AEP,USD,4904,2008-05-01,2008-05-01 11:00:59,2008,Q1,3467000000.0,1243000000.0,2224000000.0,0.6414767811,0,0.0,0.0,0.0,1181000000.0,1181000000.0,2424000000.0,16000000.0,219000000.0,363000000.0,1449000000.0,0.4179405826,1043000000.0,0.300836458,-176000000.0,867000000.0,0.2500721085,293000000.0,574000000.0,0.1655610037,1.43,1.43,400797993,402072098,https://www.sec.gov/Archives/edgar/data/4904/000000490408000061/0000004904-08-000061-index.htm,https://www.sec.gov/Archives/edgar/data/4904/000000490408000061/q108aep10q.htm,8.650242916760314,1.4321428999770465,1.5668741135637374,-0.3742533710741411,0.3867284834432791,26.17029072797777,25.980669019966875,26.17029072797777,40.5790455143322,16685220448.59,32575220448.59,7.267082076912022,4.812581611938275,26.56882237036624,-111.2348029906,1.5907350985403756,1.5907350985403756,9.395794764519758,22.481173532498275,51.87137014106688,-217.16813632393337,0.0344017030981755,-0.0089899920988263,1.5296977786252264,0.3883389403877338,10.966183574879228,0.64984532095901,4.762557077625571,1.095986038394415,0.0098889913087089,0.2874564459930314,0.0,0.0,0.0018394365515405,1.2388535031847134,0.2244014998557831,0.0,0.0,29.039471607954425,0.0184212708535932,0.0139181882107611,-73.38360100021758,-1811000000.0,10413000000.0,-27467000000.0,28636000000.0,986000000.0,1250000000.0,957000000.0,27.256994519757715,85.14883346741753,68.5679806918745,3.301904761904762,1.0569727891156462,1.3125659978880675,0.0547239965678329,1.9411274846378783,2008-04-24,0.87,bmo,2957147058.0,2025-04-25,2008-03-31,0.1724137931034483,43.17983606557377,3343609.409836065
2007-12-31,AEP,USD,4904,2008-02-28,2008-02-28 14:36:24,2007,Q4,3276000000.0,1219000000.0,2057000000.0,0.6278998779,0,0.0,0.0,0.0,1643000000.0,1643000000.0,2862000000.0,0.0,0.0,386000000.0,800000000.0,0.2442002442,414000000.0,0.1263736264,-132000000.0,282000000.0,0.0860805861,73000000.0,231000000.0,0.0705128205,0.58,0.58,399791369,401135449,https://www.sec.gov/Archives/edgar/data/4904/000000490408000022/0000004904-08-000022-index.htm,https://www.sec.gov/Archives/edgar/data/4904/000000490408000022/ye07aep10k.htm,8.194273948920593,0.5778013681931188,1.8959889051531773,-0.507764838715165,0.445232223109849,25.21064930743915,25.02055015599899,25.21064930743915,39.15542258742459,18614286140.64,34090286140.64,20.14533132103896,5.682016526446886,24.557105726438,-91.69599084059114,1.846838589209247,1.846838589209247,10.40607025050061,42.6128576758,44.973992269973614,-167.93244404256157,0.012409823200024,-0.0109056022060817,1.5531302708602044,0.3878016152207303,19.345,0.5861340503168811,0.0,3.281385281385281,0.0087567150718784,0.7056277056277056,0.0,0.0,0.0018827726304315,1.2678100263852243,0.2933455433455433,0.0,0.0,18.103917322355763,0.0083808086977695,0.0057334326135517,-72.37274799696839,-2155000000.0,10003000000.0,-27235000000.0,27791000000.0,1018500000.0,1222500000.0,964000000.0,25.32967032967033,97.75225594749796,71.39458572600492,3.5531453362255965,0.9206948640483384,1.2605997931747672,0.0229189403710685,2.4037537438683425,2008-01-29,0.5,bmo,3149999999.0,2025-04-25,2007-12-31,0.04,47.2975,1882159.6875
2007-09-30,AEP,USD,4904,2007-11-02,2007-11-02 13:26:58,2007,Q3,3789000000.0,1457000000.0,2332000000.0,0.6154658221,0,0.0,0.0,0.0,1536000000.0,1536000000.0,2993000000.0,8000000.0,0.0,396000000.0,1192000000.0,0.3145948799,796000000.0,0.2100818158,-184000000.0,612000000.0,0.16152019,205000000.0,407000000.0,0.1074162048,1.02,1.02,399222569,400215911,https://www.sec.gov/Archives/edgar/data/4904/000000490407000187/0000004904-07-000187-index.htm,https://www.sec.gov/Archives/edgar/data/4904/000000490407000187/q307aep10q.htm,9.490946389857031,1.019481441190766,1.6557180162827918,0.7915384162562212,0.3657107872576212,24.82074103380663,24.6303710349602,24.82074103380663,38.48229331944408,18771445194.38,33938445194.38,11.530371741019655,4.954195089569808,28.398555513434196,59.4033075771519,1.89438340845494,1.89438340845494,8.957098230240168,28.47184999528524,51.34409257848714,107.40014302018989,0.0216818681665411,0.016834079461,1.550408719346049,0.3893704379562044,12.723993288590604,0.6338630806845966,0.0,1.624078624078624,0.0083104949237848,0.3832923832923833,0.0,0.0,0.0019261962692619,0.5219364599092284,0.0910530482977038,0.0,0.0,23.86098088748196,0.0146862536571478,0.0103351955307262,-70.34735052767019,-1797000000.0,9833000000.0,-26436000000.0,27309000000.0,1093500000.0,1155000000.0,999500000.0,26.48456057007126,69.24502402196295,59.361702127659576,3.398206278026906,1.2997323818019626,1.5161290322580645,0.0410737713190029,0.8641796000265707,2007-10-24,1.11,bmo,3625681034.0,2025-04-25,2007-09-30,0.0450450450450448,45.5931746031746,2505778.238095238
2007-06-30,AEP,USD,4904,2007-08-03,2007-08-03 16:08:48,2007,Q2,3146000000.0,1159000000.0,1987000000.0,0.6315956771,0,0.0,0.0,0.0,1441000000.0,1441000000.0,2600000000.0,8000000.0,0.0,389000000.0,935000000.0,0.2972027972,546000000.0,0.173553719,-181000000.0,365000000.0,0.1160203433,108000000.0,180000000.0,0.0572155118,0.45,0.45,398679242,399868900,https://www.sec.gov/Archives/edgar/data/4904/000000490407000137/0000004904-07-000137-index.htm,https://www.sec.gov/Archives/edgar/data/4904/000000490407000137/q207aep10q.htm,7.891055436490471,0.4514907751329576,1.550118327956488,-1.8185045109521905,0.4314245184603817,24.219971803799105,24.029342365409637,24.219971803799105,37.68944659526567,17956513059.68,32810513059.68,24.939601471777777,5.707728245289256,29.05584637488673,-24.76760422024828,1.8596223135542669,1.8596223135542669,10.429279421385887,35.091457817839576,53.09144508038835,-45.25588008231724,0.0100242179203587,-0.0403753221792227,1.5561309030654515,0.3833847880999158,15.88663101604278,0.562198483804273,0.0,3.433333333333333,0.0086876555309775,0.8666666666666667,0.0,0.0,0.0019391217819508,2.173139158576052,0.4268912905276542,0.0,0.0,15.685649858274978,0.0108759713595235,0.0046015798757573,-70.33724620154666,-2541000000.0,9580000000.0,-26274000000.0,26002000000.0,1080500000.0,1226000000.0,990000000.0,30.667514303877944,92.32959447799828,80.6039689387403,2.9347014925373136,0.9747687132043734,1.1165703275529866,0.0186412593206296,3.3686228389086783,2007-07-31,0.58,bmo,2851062499.0,2025-04-25,2007-06-30,0.103448275862069,47.98333333333333,2555120.603174603
2007-03-31,AEP,USD,4904,2007-05-04,2007-05-04 12:03:42,2007,Q1,3169000000.0,1132000000.0,2037000000.0,0.6427895235,0,0.0,0.0,0.0,1515000000.0,1515000000.0,2647000000.0,0.0,0.0,407000000.0,929000000.0,0.293152414,522000000.0,0.1647207321,-121000000.0,401000000.0,0.1265383402,130000000.0,271000000.0,0.0855159356,0.68,0.68,397314642,398552113,https://www.sec.gov/Archives/edgar/data/4904/000000490407000088/0000004904-07-000088-index.htm,https://www.sec.gov/Archives/edgar/data/4904/000000490407000088/q107aep10q.htm,7.976046349683735,0.682079066192582,0.8834308200501707,-1.399394689310242,1.147704996988256,24.011196647517465,23.819912481352752,24.011196647517465,35.430357988165966,19369088797.5,32990088797.5,17.86816309732472,6.112050740769959,55.182589166666666,-34.83649064298561,2.030302808962264,2.030302808962264,10.410252066109182,35.51139805974166,93.98885697293449,-59.33469208183453,0.0139913654603606,-0.0287055320884152,1.4755765199161426,0.3710723323492197,14.66200215285253,0.5958929917106255,0.0,1.2952029520295203,0.0080024414994682,0.5719557195571956,0.0,0.0,0.0020033741037536,2.584045584045584,0.2862101609340486,0.0,0.0,19.19621129855749,0.0103210376633022,0.0071579503433703,-67.0809660218865,-2145000000.0,9464000000.0,-25233000000.0,25234000000.0,1064500000.0,1311500000.0,927500000.0,30.92773745661092,100.41519434628977,74.89399293286219,2.910009182736456,0.8962787015043547,1.2016985138004246,0.0284067085953878,2.282825509360413,2007-04-26,0.72,bmo,3355411764.0,2025-04-25,2007-03-31,-0.0555555555555554,44.95426229508197,2143026.704918033
2006-12-31,AEP,USD,4904,2007-02-28,2007-02-28 16:00:13,2006,Q4,2984000000.0,1037000000.0,1947000000.0,0.6524798928,0,0.0,0.0,0.0,1577000000.0,1577000000.0,2614000000.0,0.0,0.0,414000000.0,784000000.0,0.2627345845,370000000.0,0.1239946381,-102000000.0,268000000.0,0.0898123324,91000000.0,181000000.0,0.0606568365,0.46,0.46,395767083,397517789,https://www.sec.gov/Archives/edgar/data/4904/000000490407000041/0000004904-07-000041-index.htm,https://www.sec.gov/Archives/edgar/data/4904/000000490407000041/ye06aep10k.htm,7.539788244592338,0.4573397025037578,1.3113773790024876,-1.4250806199564603,1.8344122873907631,23.781664530195403,23.589632389917583,23.781664530195403,34.65674784277095,16851762394.14,29841762394.14,23.275914909033148,5.647373456481233,32.46967706,-29.879011337127658,1.7904549930025495,1.7904549930025495,10.000590614658178,38.0634724415051,57.49857879410405,-52.91092623074468,0.010740716357533,-0.0334683095339704,1.4572885677858054,0.3610708926738095,16.568877551020407,0.657624633431085,0.0,2.867403314917127,0.0091385100500557,0.850828729281768,0.0,0.0,0.0020006844446784,2.086705202312139,0.3629356568364611,0.0,0.0,15.64342469150806,0.0072259054835233,0.0047743399013478,-67.24283333083565,-1868000000.0,9336000000.0,-24987000000.0,24989000000.0,1061500000.0,1270000000.0,861500000.0,31.367292225201076,118.0327868852459,79.23818707810993,2.8692307692307693,0.7625,1.135815991237678,0.0192307692307692,2.736457998958948,2007-01-30,0.37,bmo,2905473684.0,2025-04-25,2006-12-31,0.027027027027027,41.18698412698413,1928836.507936508
2006-09-30,AEP,USD,4904,2006-11-06,2006-11-06 11:04:36,2006,Q3,3594000000.0,1384000000.0,2210000000.0,0.6149137451,0,0.0,0.0,0.0,1675000000.0,1675000000.0,3059000000.0,22000.0,174000.0,395000000.0,930000000.0,0.2587646077,535000000.0,0.1488592098,-137000000.0,398000000.0,0.1107401224,133000000.0,265000000.0,0.0737340011,0.67,0.67,393913463,396266250,https://www.sec.gov/Archives/edgar/data/4904/000000490406000211/0000004904-06-000211-index.htm,https://www.sec.gov/Archives/edgar/data/4904/000000490406000211/q306aep10q.htm,9.123831342621564,0.672736590371373,2.7315644197720657,0.6498889325851754,0.657504818513908,24.180437823725764,23.98750204686454,24.180437823725764,32.45934754964188,14326632649.31,26853632649.31,13.515691178594338,3.986263953619922,13.314714358094792,55.96340878636718,1.5041084146257218,1.5041084146257218,7.471795394910962,28.87487381646236,24.95690766664498,104.89700253636718,0.0184970192568428,0.0178688186028368,1.3423622047244097,0.3514085474783565,13.46989247311828,0.5673695496783416,3074.712643678161,4.060377358490566,0.0101908106094303,0.5509433962264151,0.0,0.0,0.002088772845953,0.7620817843866171,0.228158041179744,0.0,0.0,19.13136088056612,0.0109266155321868,0.0072984659450824,-64.43991481448808,-2421000000.0,9449000000.0,-23685000000.0,23477000000.0,1050000000.0,1185500000.0,837500000.0,27.120200333889816,76.73410404624278,52.67341040462428,3.318559556786703,1.172881355932203,1.708641975308642,0.0278215223097112,2.08167548718689,2006-10-31,0.99,bmo,3594000000.0,2025-04-25,2006-09-30,0.0,36.00476190476191,1591561.9047619049
2006-06-30,AEP,USD,4904,2006-08-04,2006-08-04 12:18:41,2006,Q2,2936000000.0,1125000000.0,1811000000.0,0.6168256131,0,0.0,0.0,0.0,1440000000.0,1440000000.0,2565000000.0,11000.0,176000.0,365000000.0,736000000.0,0.2506811989,371000000.0,0.1263623978,-127000000.0,244000000.0,0.083106267,72000000.0,175000000.0,0.0596049046,0.44,0.44,393722353,395500506,https://www.sec.gov/Archives/edgar/data/4904/000000490406000148/0000004904-06-000148-index.htm,https://www.sec.gov/Archives/edgar/data/4904/000000490406000148/q206aep10q.htm,7.457031529017607,0.4444756531260495,1.3893038986282804,-0.7771974277518351,1.0718289088351558,23.940728607806527,23.74769918130607,23.940728607806527,32.52082565909078,13484990590.25,25866990590.25,19.26427227178571,4.592980446270436,24.652633620201097,-44.0685967001634,1.4306164428442605,1.4306164428442605,8.810282898586513,35.14536764979619,47.28883106078611,-84.53264898774509,0.0129773913321474,-0.0226918957007835,1.3583704646721833,0.353858058810524,16.82336956521739,0.713659285244464,2107.954545454545,3.125714285714286,0.0107526956752078,0.8285714285714286,0.0,0.0,0.0021003758567322,1.559414990859232,0.2905313351498637,0.0,0.0,15.473335036314468,0.0080266585895259,0.0048465713969203,-63.8539996737244,-1306000000.0,9350000000.0,-23503000000.0,24168000000.0,1008500000.0,1112000000.0,820500000.0,31.175068119891005,95.28,69.2,2.886922320550639,0.9445843828715366,1.300578034682081,0.0185656694249946,2.166501326380115,2006-07-27,0.54,bmo,3603272727.0,2025-04-25,2006-06-30,-0.1851851851851852,33.63634920634921,2216377.8571428573
2006-03-31,AEP,USD,4904,2006-05-05,2006-05-05 12:23:55,2006,Q1,3108000000.0,1127000000.0,1981000000.0,0.6373873874,0,0.0,0.0,0.0,1360000000.0,1360000000.0,2487000000.0,0.0,0.0,362000000.0,983000000.0,0.3162805663,621000000.0,0.1998069498,-54000000.0,567000000.0,0.1824324324,189000000.0,381000000.0,0.1225868726,0.97,0.96,393653162,395580106,https://www.sec.gov/Archives/edgar/data/4904/000000490406000096/0000004904-06-000096-index.htm,https://www.sec.gov/Archives/edgar/data/4904/000000490406000096/q106aep10q.htm,7.895275079741389,0.967857080238568,1.4987813053563126,-0.4623359280929642,1.2142668880683347,23.83824367705701,23.645180322468743,23.83824367705701,31.41852065194385,13392080571.240002,25282080571.24,8.787454443070867,4.308906232702704,22.698441646169496,-73.58286028153847,1.4271185604475705,1.4271185604475705,8.134517558314029,25.719308821200407,42.85098401905085,-138.9125306112088,0.0284496496248844,-0.0135901213431206,1.317988064791134,0.3458129456172235,12.095625635808748,0.66796875,0.0,1.5485564304461945,0.0109019654730528,0.3832020997375328,0.0,0.0,0.0021249825248147,1.3084745762711865,0.2483912483912484,0.0,0.0,22.784211436300968,0.012861936125264,0.010675558295273,-62.91071021550692,-1615000000.0,9308000000.0,-23132000000.0,23269000000.0,1110000000.0,1088500000.0,751000000.0,28.95752895752895,82.49334516415261,61.9698314108252,3.108,1.090997095837367,1.452319587628866,0.0406010230179028,1.9611172334492768,2006-04-27,0.88,bmo,2849000000.0,2025-04-25,2006-03-31,0.0909090909090908,36.226451612903226,1478009.677419355
2005-12-31,AEP,USD,4904,2006-03-01,2006-02-28 18:52:47,2005,Q4,3055000000.0,1232000000.0,1823000000.0,0.5967266776,0,0.0,0.0,0.0,1496000000.0,1496000000.0,2728000000.0,0.0,0.0,219000000.0,657000000.0,0.2150572831,327000000.0,0.1070376432,-276000000.0,51000000.0,0.0166939444,-41000000.0,-149000000.0,-0.0487725041,-0.38,-0.38,391811399,393501974,https://www.sec.gov/Archives/edgar/data/4904/000000490406000034/0000004904-06-000034-index.htm,https://www.sec.gov/Archives/edgar/data/4904/000000490406000034/ye05aep10k.htm,7.797118735690485,-0.3802850054395686,0.7401520240098987,-1.2863331727620309,1.347587133369747,23.19483308345503,23.000862208197265,23.19483308345503,31.229310916500417,14532284788.910002,26240284788.910004,-24.38302816931208,4.756885364618658,50.11132685831035,-28.833898390694447,1.5990630269487236,1.5990630269487236,8.589291256599019,39.93955066805176,90.4837406514138,-52.06405712085319,-0.0102530333092361,-0.0346814012607719,1.3463908450704225,0.3382726971137896,17.820395738203956,0.7225274725274725,0.0,-1.9463087248322148,0.0099777840928808,-0.9731543624161074,0.0,0.0,0.0021010726528806,2.7379310344827585,0.2599018003273322,0.0,0.0,,0.0185061130334486,-0.0041278812056737,-64.51573401007661,-1515000000.0,9012000000.0,-23139000000.0,22845000000.0,1215000000.0,1128000000.0,687500000.0,35.94108019639934,83.57142857142857,53.03571428571429,2.5040983606557377,1.0769230769230769,1.696969696969697,-0.0163952464788732,2.026485196771929,2006-02-01,0.25,bmo,2499137931.0,2025-04-25,2005-12-31,0.1599999999999999,37.1463492063492,1629955.5555555555
2005-09-30,AEP,USD,4904,2005-11-08,2005-11-08 10:39:08,2005,Q3,3328000000.0,1252000000.0,2076000000.0,0.6237980769,0,0.0,0.0,0.0,1453000000.0,1453000000.0,2705000000.0,0.0,145000.0,351000000.0,974000000.0,0.2926682692,623000000.0,0.1871995192,-62000000.0,561000000.0,0.1685697115,196000000.0,387000000.0,0.1162860577,0.99,0.99,389000000,390000000,https://www.sec.gov/Archives/edgar/data/4904/000000490405000324/0000004904-05-000324-index.htm,https://www.sec.gov/Archives/edgar/data/4904/000000490405000324/q30510q.htm,8.555269922879177,0.9948586118251928,1.781491002570694,0.2596401028277635,2.182519280205656,23.09768637532133,22.902313624678666,23.09768637532133,30.224023136246785,15443300000.000002,26351300000.0,9.976291989664084,4.640414663461539,22.284704184704182,152.90396039603962,1.7187868670005566,1.7187868670005566,7.918058894230769,27.0547227926078,38.02496392496393,260.9039603960396,0.0250594108772088,0.0065400529679537,1.3085141903171953,0.3269829791967961,11.19917864476386,0.8628972653362897,4296.551724137931,1.7906976744186047,0.0087416549571658,0.3488372093023256,0.0,0.0,0.0021136945155189,0.8542568542568543,0.1778846153846154,0.0,0.0,22.73820517507553,0.0129600550238814,0.0107859531772575,-63.98457583547558,-742000000.0,8909000000.0,-22301000000.0,22849000000.0,1134000000.0,1018500000.0,689000000.0,32.722355769230774,79.93610223642172,46.653354632587856,2.750413223140496,1.1258992805755397,1.929121725731895,0.0430717863105175,1.5218508997429303,2005-10-27,0.82,bmo,2872589473.0,2025-04-25,2005-09-30,0.1585365853658536,38.095625,1780265.6875
2005-06-30,AEP,USD,4904,2005-08-04,2005-08-04 13:01:01,2005,Q2,2819000000.0,988000000.0,1831000000.0,0.6495211068,0,0.0,0.0,0.0,1376000000.0,1376000000.0,2364000000.0,0.0,156000.0,352000000.0,807000000.0,0.2862717276,455000000.0,0.1614047535,-134000000.0,321000000.0,0.1138701667,103000000.0,221000000.0,0.0783965945,0.58,0.58,384000000,385000000,https://www.sec.gov/Archives/edgar/data/4904/000000490405000219/0000004904-05-000219-index.htm,https://www.sec.gov/Archives/edgar/data/4904/000000490405000219/q20510q.htm,7.341145833333333,0.5755208333333334,0.5755208333333334,-0.8645833333333334,2.296875,21.828125,21.63020833333333,21.828125,31.068114583333333,14158079999.999998,25206080000.0,16.015927601809953,5.022376729336644,64.06371040723981,-42.644819277108425,1.6891052254831782,1.6891052254831782,8.941496984746363,31.23429987608426,114.05466063348416,-75.92192771084338,0.0156094611698761,-0.0234495072778229,1.4232879980911477,0.3515130086331359,13.690210656753408,0.7790774663429706,2916.6666666666665,1.0,0.0095351912123677,0.6108597285067874,0.0,0.0,0.0022393117062965,2.502262443438914,0.1961688542036183,0.0,0.0,16.812411056340007,0.0101359022260971,0.0065262971384697,-61.2421875,-1001000000.0,8306000000.0,-22027000000.0,21968000000.0,1091500000.0,900500000.0,682500000.0,33.777935438098616,84.26113360323886,66.40688259109312,2.664461247637051,1.068108108108108,1.3552812071330589,0.0263660224290145,1.4401041666666667,2005-07-29,0.43,bmo,1987163934.0,2025-04-25,2005-06-30,0.4186046511627906,35.37546875,1416715.625
2005-03-31,AEP,USD,4904,2005-05-04,2005-05-04 13:33:28,2005,Q1,3065000000.0,1168000000.0,1897000000.0,0.6189233279,0,0.0,0.0,0.0,1352000000.0,1352000000.0,2520000000.0,0.0,144000000.0,327000000.0,872000000.0,0.284502447,545000000.0,0.1778140294,-19000000.0,526000000.0,0.1716150082,172000000.0,355000000.0,0.1158238173,0.9,0.9,393000000,394000000,https://www.sec.gov/Archives/edgar/data/4904/000000490405000089/0000004904-05-000089-index.htm,https://www.sec.gov/Archives/edgar/data/4904/000000490405000089/q10510q.htm,7.798982188295166,0.9033078880407124,1.7124681933842238,0.5292620865139949,3.208651399491094,21.0381679389313,20.844783715012724,21.0381679389313,31.862595419847327,13385580000.0,24502580000.0,9.426464788732394,4.367236541598695,19.8894205052006,64.35375,1.6189622641509434,1.6189622641509434,7.99431647634584,28.099288990825688,36.40799405646359,117.80086538461538,0.0265210771591518,0.0155391099974748,1.497097242380261,0.3526797162150611,12.748853211009177,0.7959146782357195,3.7847222222222223,1.895774647887324,0.0103096018252477,0.3887323943661971,0.0,0.0,0.0021654272444938,0.6909361069836553,0.1517128874388254,0.0,0.0,20.678218458226567,0.0117300544386883,0.0101367750778104,-62.10241730279898,-1129000000.0,8192000000.0,-22426000000.0,21546000000.0,1313500000.0,965500000.0,744000000.0,33.03425774877651,67.5,49.00684931506849,2.7244444444444444,1.3333333333333333,1.836477987421384,0.0429366231253023,1.183206106870229,2005-04-28,0.71,bmo,25011363.0,2025-04-25,2005-03-31,0.2394366197183099,34.09081967213115,1645373.7704918033
2004-12-31,AEP,USD,4904,2005-03-01,2005-03-01 19:16:45,2004,Q4,3596000000.0,1781000000.0,1815000000.0,0.504727475,0,0.0,0.0,0.0,977000000.0,977000000.0,2758000000.0,0.0,0.0,232000000.0,1166000000.0,0.3242491657,838000000.0,0.2330367075,-435000000.0,403000000.0,0.1120689655,128000000.0,177000000.0,0.0492213571,0.45,0.45,394500000,395000000,https://www.sec.gov/Archives/edgar/data/4904/000101540205001007/0001015402-05-001007-index.htm,https://www.sec.gov/Archives/edgar/data/4904/000101540205001007/aep10k04.htm,9.11533586818758,0.4486692015209125,0.8517110266159695,-0.8187579214195184,1.508238276299113,21.584283903675537,21.39163498098859,21.584283903675537,31.20405576679341,13547130000.000002,25262130000.0,19.134364406779664,3.767277530589544,40.31883928571429,-41.94157894736843,1.5909724016441575,1.5909724016441575,7.0250639599555065,21.665634648370496,75.18491071428572,-78.21092879256966,0.0130654980058506,-0.0238426884513546,1.445684086905461,0.3551337160661224,10.047169811320757,0.8030756940283603,0.0,1.8983050847457628,0.0103342922080174,0.7909604519774012,0.0,0.0,0.0021925395955341,1.9613095238095235,0.1832591768631813,0.0,0.0,14.76125255696185,0.0184713556524271,0.0051175297076936,-60.837769328263626,-986000000.0,8439000000.0,-22127000000.0,21891000000.0,1417500000.0,1044000000.0,963000000.0,37.59176863181313,53.31274564851208,43.05446378439079,2.394141145139814,1.6881516587677723,2.09037558685446,0.0207868467410452,1.670468948035488,2005-01-27,0.43,bmo,3679627906.0,2025-04-25,2004-12-31,-0.0232558139534883,33.686875,1303407.8125
2004-09-30,AEP,USD,4904,2004-11-05,2004-11-05 17:11:15,2004,Q3,3781000000.0,1781000000.0,2000000000.0,0.5289605924,0,0.0,0.0,0.0,1361000000.0,1361000000.0,3142000000.0,0.0,0.0,398000000.0,1037000000.0,0.2742660672,639000000.0,0.1690029093,-23000000.0,616000000.0,0.1629198625,204000000.0,530000000.0,0.140174557,1.34,1.34,396000000,397000000,https://www.sec.gov/Archives/edgar/data/4904/000000490404000239/0000004904-04-000239-index.htm,https://www.sec.gov/Archives/edgar/data/4904/000000490404000239/q30410q.txt,9.547979797979798,1.3383838383838385,2.517676767676768,1.6666666666666667,3.689393939393939,20.916666666666668,20.71969696969697,20.916666666666668,32.4520202020202,12656160000.0,24046160000.0,5.96988679245283,3.347304945781539,12.694242728184554,19.176,1.52796812749004,1.52796812749004,6.359735519703782,23.18819672131147,24.11851554663992,36.43357575757576,0.0418768410007458,0.0521485189820609,1.5514910056742726,0.3690483027970823,10.98360655737705,0.884765625,0.0,1.881132075471698,0.0109037812417036,0.260377358490566,0.0,0.0,0.0022399632416288,0.3380140421263791,0.089129859825443,0.0,0.0,25.09734834478324,0.0137856627599224,0.0152544324199861,-59.44760101010101,-649000000.0,8205000000.0,-21556000000.0,21723000000.0,1439500000.0,1099000000.0,1133000000.0,31.729701137265277,52.20101066816395,54.27288040426727,2.8364591147786946,1.7241045498547918,1.6582867783985102,0.0639864783291078,0.851010101010101,2004-10-21,0.74,bmo,3447783783.0,2025-04-25,2004-09-30,0.0810810810810811,32.01109375,981143.75
2004-06-30,AEP,USD,4904,2004-08-06,2004-08-06 16:05:23,2004,Q2,3411000000.0,1522000000.0,1889000000.0,0.5537965406,0,0.0,0.0,0.0,1481000000.0,1481000000.0,3003000000.0,0.0,0.0,440000000.0,848000000.0,0.2486074465,408000000.0,0.1196130167,-179000000.0,229000000.0,0.0671357373,78000000.0,100000000.0,0.0293169159,0.25,0.25,396000000,396000000,https://www.sec.gov/Archives/edgar/data/4904/000000490404000152/0000004904-04-000152-index.htm,https://www.sec.gov/Archives/edgar/data/4904/000000490404000152/q20410q.txt,8.613636363636363,0.2525252525252525,0.8560606060606061,-0.1237373737373737,2.691919191919192,20.411616161616163,20.214646464646464,20.411616161616163,35.33585858585859,12672000000.0,25599000000.0,31.68,3.715039577836411,37.38053097345133,-258.6122448979592,1.5677347519485338,1.5677347519485338,7.504837291116974,30.1875,75.51327433628319,-522.4285714285714,0.0078914141414141,-0.0038667929292929,1.7311641717184214,0.3903425574648516,15.244103773584904,0.7568450528935905,0.0,3.2596153846153846,0.0109690656565656,1.39,0.0,0.0,0.0021758536041062,1.1445427728613569,0.1137496335385517,0.0,0.0,10.76917321930354,0.0084388509311665,0.0027956388034665,-62.98863636363637,-1563000000.0,8005000000.0,-22900000000.0,20696000000.0,1533500000.0,1205500000.0,1076500000.0,40.79155672823219,68.88961892247043,70.4862023653088,2.2063389391979302,1.3064377682403434,1.2768456375838926,0.012371644191513,0.9797979797979798,2004-07-30,0.43,bmo,3759627906.0,2025-04-25,2004-06-30,-0.1162790697674418,31.00935483870968,1282787.0967741937
2004-03-31,AEP,USD,4904,2004-05-07,2004-05-07 17:02:52,2004,Q1,3364000000.0,1362000000.0,2002000000.0,0.5951248514,0,0.0,0.0,0.0,1376000000.0,1376000000.0,2738000000.0,0.0,0.0,226000000.0,945000000.0,0.2809155767,626000000.0,0.1860879905,-175000000.0,451000000.0,0.1340665874,162000000.0,282000000.0,0.0838287753,0.71,0.71,395000000,395000000,https://www.sec.gov/Archives/edgar/data/4904/000000490404000091/0000004904-04-000091-index.htm,https://www.sec.gov/Archives/edgar/data/4904/000000490404000091/q10410q.txt,8.51645569620253,0.7139240506329114,2.3417721518987342,1.559493670886076,3.172151898734177,20.432911392405064,20.235443037974683,20.432911392405064,35.678481012658224,13003400000.0,25843400000.0,11.527836879432623,3.865457788347206,14.057729729729733,21.109415584415583,1.611126254491389,1.611126254491389,7.682342449464922,27.34751322751323,27.93881081081081,41.95357142857143,0.0216866358029438,0.0473722257255794,1.7461281129971502,0.3889333517317511,13.587301587301589,0.7652091254752852,0.0,3.327338129496403,0.0106126090099512,0.4893617021276595,0.0,0.0,0.0021526148751207,0.334054054054054,0.0918549346016646,0.0,0.0,18.11683759706717,0.0124759645936215,0.0077993196338191,-64.0246835443038,-1482000000.0,7993000000.0,-23334000000.0,20651000000.0,1615500000.0,1291500000.0,976000000.0,40.69262782401903,82.33480176211454,63.502202643171806,2.2117028270874424,1.0930979133226324,1.417273673257024,0.0349399083137157,0.7822784810126582,2004-04-29,0.61,bmo,3098291666.0,2025-04-25,2004-03-31,0.180327868852459,32.88161290322581,1234114.5161290322
2003-12-31,AEP,USD,4904,2004-03-11,2004-03-11 15:47:52,2003,Q4,2687000000.0,873000000.0,1814000000.0,0.6751023446,0,0.0,0.0,0.0,1873000000.0,1873000000.0,2746000000.0,0.0,0.0,235000000.0,255000000.0,0.094901377,-59000000.0,-0.0219575735,-164000000.0,-223000000.0,-0.0829921846,-50000000.0,-762000000.0,-0.2835876442,-1.97,-1.97,387155173,387155173,https://www.sec.gov/Archives/edgar/data/4904/000000490404000055/0000004904-04-000055-index.htm,https://www.sec.gov/Archives/edgar/data/4904/000000490404000055/form10k.txt,6.940369617636493,-1.968203069832157,1.950122464203778,0.8730349574846052,3.053039407534921,20.338098388265628,20.136628782692256,20.338098388265628,37.26412820008994,11812104328.23,25057104328.230003,-3.875362312411417,4.3960194745924825,15.645171295668876,34.94705422553255,1.50014024996571,1.50014024996571,9.325308644670638,98.26315422835296,33.188217653284774,74.13344475807693,-0.0645100973396315,0.0286147150929074,1.8322326644653288,0.3926355323318092,51.94117647058823,0.8186225342694751,0.0,-0.9908136482939632,0.0116829310142639,-0.1811023622047244,0.0,0.0,0.0021227955584585,0.552317880794702,0.1551916635653144,0.0,0.0,,-0.0013926217923275,-0.0207821960399279,-66.92407026161575,-1085000000.0,7796000000.0,-23973000000.0,21022000000.0,1622500000.0,1518500000.0,1094000000.0,57.2757722366952,137.83505154639175,102.16494845360825,1.5713450292397662,0.6529543754674645,0.8809283551967709,-0.0967741935483871,1.0770875067191727,2004-02-03,0.39,bmo,3565575000.0,2025-04-25,2003-12-31,0.0256410256410256,28.69125,1247235.9375
2003-09-30,AEP,USD,4904,2003-11-12,2003-11-12 16:55:34,2003,Q3,3941000000.0,1794000000.0,2147000000.0,0.5447855874,0,0.0,0.0,0.0,1412000000.0,1412000000.0,3206000000.0,0.0,0.0,428000000.0,1163000000.0,0.2951027658,735000000.0,0.1865008881,-256000000.0,479000000.0,0.1215427556,172000000.0,257000000.0,0.0652118752,0.65,0.65,395000000,395000000,https://www.sec.gov/Archives/edgar/data/4904/000000490403000352/0000004904-03-000352-index.htm,https://www.sec.gov/Archives/edgar/data/4904/000000490403000352/q30310q.txt,9.977215189873418,0.6506329113924051,1.9113924050632911,1.1721518987341772,4.324050632911392,21.4126582278481,20.40759493670886,21.4126582278481,36.39493670886076,11850000000.0,24518000000.0,11.527237354085605,3.006851053032225,15.695364238410596,25.593952483801296,1.401040435091038,1.401040435091038,6.221263638670388,21.081685296646604,32.47417218543046,52.95464362850972,0.0216877637130801,0.0390717299578059,1.6996925987231024,0.3984589373319659,10.892519346517629,1.0269877181641889,0.0,2.937743190661479,0.0116455696202531,0.5369649805447471,0.0,0.0,0.0110036309210343,0.3867549668874172,0.0740928698299923,0.0,0.0,17.704944328556792,0.0149225531099911,0.0072025110700072,-61.17278481012658,167000000.0,8061000000.0,-21266000000.0,23576000000.0,1610000000.0,1780000000.0,1187500000.0,35.05455468155291,85.28428093645485,60.05016722408027,2.56742671009772,1.0552941176470587,1.4987468671679198,0.0303854339087254,0.739240506329114,2003-10-23,0.86,bmo,4586790697.0,2025-04-25,2003-09-30,-0.1162790697674418,28.46921875,1179417.1875
2003-06-30,AEP,USD,4904,2003-08-12,2003-08-12 15:44:36,2003,Q2,3450000000.0,1623000000.0,1827000000.0,0.5295652174,0,0.0,0.0,0.0,1434000000.0,1434000000.0,3057000000.0,0.0,0.0,430000000.0,823000000.0,0.2385507246,393000000.0,0.1139130435,-158000000.0,235000000.0,0.068115942,58000000.0,175000000.0,0.0507246377,0.44,0.44,395000000,395000000,https://www.sec.gov/Archives/edgar/data/4904/000000490403000286/0000004904-03-000286-index.htm,https://www.sec.gov/Archives/edgar/data/4904/000000490403000286/q20310q.txt,8.734177215189874,0.4430379746835443,0.0582278481012658,-0.7645569620253164,2.9772151898734176,22.648101265822785,21.64556962025317,21.29873417721519,32.65063291139241,11782850000.0,23503850000.0,16.832642857142858,3.4153188405797104,512.2978260869565,-39.01605960264901,1.400552716034708,1.400552716034708,6.812710144927536,28.558748481166464,1021.9065217391304,-77.82731788079471,0.0148520943574771,-0.0256304714054749,1.5329846665874245,0.3647444780678187,14.24179829890644,0.950488703733376,0.0,0.1314285714285714,0.0117968063753675,0.7942857142857143,0.0,0.0,0.0111994117480697,14.130434782608695,0.0942028985507246,0.0,0.0,14.570975643275352,0.0096402623455186,0.0050052913079541,-59.2006329113924,-309000000.0,8550000000.0,-20481000000.0,22500000000.0,2128500000.0,2395000000.0,1072000000.0,43.95652173913043,103.14232902033272,65.32347504621073,2.047477744807121,0.8725806451612903,1.3777589134125636,0.0208011410911684,0.8227848101265823,2003-07-30,0.4,bmo,3136363636.0,2025-04-25,2003-06-30,0.0999999999999999,27.02619047619048,1902090.507936508
2003-03-31,AEP,USD,4904,2003-05-14,2003-05-14 12:16:17,2003,Q1,3785000000.0,1764000000.0,2021000000.0,0.5339498018,0,0.0,0.0,0.0,1391000000.0,1391000000.0,3155000000.0,0.0,0.0,232000000.0,939000000.0,0.2480845443,630000000.0,0.1664464993,-138000000.0,492000000.0,0.12998679,199000000.0,198000000.0,0.0523117569,0.56,0.56,356000000,356000000,https://www.sec.gov/Archives/edgar/data/4904/000000490403000161/0000004904-03-000161-index.htm,https://www.sec.gov/Archives/edgar/data/4904/000000490403000161/x10q1q03.txt,10.632022471910112,0.5561797752808989,2.176966292134832,1.2668539325842696,4.955056179775281,25.831460674157302,24.719101123595507,23.69943820224719,35.806179775280896,8134600000.000001,19117600000.0,10.270959595959596,2.149167767503303,10.496258064516129,18.036807095343683,0.9641578760222828,0.9641578760222828,5.050885072655218,20.359531416400426,24.667870967741937,42.38935698447894,0.0243404715659036,0.0554421852334472,1.5108450871162735,0.3454377930137394,11.696485623003197,0.913038145467926,0.0,1.7613636363636365,0.02495512993878,1.0252525252525253,0.0,0.0,0.0107314164927779,0.4180645161290323,0.0856010568031704,0.0,0.0,17.221377262176546,0.012227713288442,0.0054239145322558,-66.09269662921348,-709000000.0,8800000000.0,-20261000000.0,22015000000.0,2156500000.0,2411000000.0,1066000000.0,61.15719947159842,149.48979591836735,49.285714285714285,1.4716174183514774,0.6020477815699659,1.826086956521739,0.0234680573663624,0.9101123595505618,2003-04-29,0.51,bmo,3164508196.0,2025-04-25,2003-03-31,0.1960784313725489,23.56639344262295,3388201.8032786883
2002-12-31,AEP,USD,4904,2003-03-20,2003-03-20 17:04:58,2002,Q4,3737000000.0,1624000000.0,2113000000.0,0.565426813,0,0.0,0.0,0.0,1642000000.0,1642000000.0,3266000000.0,0.0,0.0,363000000.0,834000000.0,0.2231736687,471000000.0,0.126036928,-1367000000.0,-896000000.0,-0.239764517,-215000000.0,-837000000.0,-0.2239764517,-2.43,-2.43,344000000,344000000,https://www.sec.gov/Archives/edgar/data/4904/000000490403000086/0000004904-03-000086-index.htm,https://www.sec.gov/Archives/edgar/data/4904/000000490403000086/module.txt,10.863372093023257,-2.433139534883721,2.6802325581395348,1.0087209302325582,3.5261627906976742,22.74127906976744,21.59011627906977,20.53488372093023,41.11627906976744,9401520000.0,22332520000.0,-2.808100358422939,2.515793417179556,10.196876355748373,27.09371757925072,1.3309060022650057,1.3309060022650057,5.976055659620016,26.777601918465223,24.22182212581345,64.35884726224783,-0.0890281571490567,0.03690892536526,2.002265005662514,0.407127025704499,15.504796163069544,0.6231869254341165,0.0,-1.1015531660692952,0.0215922531675729,-0.2425328554360812,0.0,0.0,0.0113986356178578,0.6236442516268981,0.1538667380251538,0.0,0.0,,0.0123369413373441,-0.0243703595865482,-69.23328488372093,-3689000000.0,7427000000.0,-20817000000.0,18391000000.0,2143500000.0,2277000000.0,1196500000.0,41.92935509767193,104.85221674876848,64.61822660098522,2.1464675473865595,0.8583509513742071,1.3927958833619212,-0.1184881087202718,1.6715116279069768,2003-01-24,0.55,bmo,3940836363.0,2025-04-25,2002-12-31,-0.0545454545454545,25.6403125,4085297.046875
2002-09-30,AEP,USD,4904,2002-11-14,2002-11-13 17:48:38,2002,Q3,3811000000.0,1597000000.0,2214000000.0,0.5809498819,0,0.0,0.0,0.0,1432000000.0,1432000000.0,3029000000.0,0.0,0.0,427000000.0,1209000000.0,0.3172395697,782000000.0,0.2051954867,-153000000.0,629000000.0,0.1650485437,243000000.0,425000000.0,0.1115192863,1.25,1.25,339000000,339000000,https://www.sec.gov/Archives/edgar/data/4904/000000490402000297/0000004904-02-000297-index.htm,https://www.sec.gov/Archives/edgar/data/4904/000000490402000297/xq302mod.txt,11.24188790560472,1.2536873156342183,1.943952802359882,0.8702064896755162,1.6696165191740413,28.74926253687316,27.28613569321534,25.56342182890856,38.78761061946903,9664890000.0,22247890000.0,5.685229411764706,2.536050905274206,14.665993930197269,32.762338983050846,1.1152654050311563,1.1152654050311563,5.837808974022567,18.401894127378,33.760075872534145,75.41657627118644,0.0439735992856618,0.0305228512688711,1.5173090237710594,0.2888874242024782,10.407775020678246,0.8158526341053642,0.0,1.5505882352941176,0.0210038603646808,0.4776470588235294,0.0,0.0,0.0108972668951577,0.5523520485584219,0.0955129887168722,0.0,0.0,26.85315806474101,0.0145823905889541,0.0094402487783207,-96.40412979351032,-3069000000.0,9250000000.0,-22173000000.0,20244000000.0,2592000000.0,2651500000.0,1186500000.0,60.12595119391236,150.0187852222918,69.1484032561052,1.4968578161822466,0.5999248685199099,1.3015484922575389,0.0490422340180013,1.0737463126843658,2002-10-25,1.05,bmo,3307066115.0,2025-04-25,2002-09-30,0.1523809523809523,32.24234375,2732120.40625
2002-06-30,AEP,USD,4904,2002-08-13,2002-08-13 16:11:19,2002,Q2,3581000000.0,1421000000.0,2160000000.0,0.6031834683,0,0.0,0.0,0.0,1733000000.0,1733000000.0,3154000000.0,0.0,0.0,380000000.0,807000000.0,0.2253560458,427000000.0,0.1192404356,-165000000.0,262000000.0,0.0731639207,104000000.0,62000000.0,0.0173135996,0.19,0.19,326000000,326000000,https://www.sec.gov/Archives/edgar/data/4904/000000490402000223/0000004904-02-000223-index.htm,https://www.sec.gov/Archives/edgar/data/4904/000000490402000223/xq202mod.txt,10.984662576687116,0.1901840490797546,0.3374233128834356,-0.98159509202454,1.794478527607362,29.003067484662576,26.401840490797547,25.717791411042946,46.06441717791411,12906340000.000002,27338340000.0,52.04169354838709,3.6041161686679706,117.33036363636364,-40.33231250000001,1.5394012404580153,1.5394012404580153,7.634275342083217,33.87650557620818,248.53036363636363,-85.4323125,0.0048038405930728,-0.024794015964247,1.7911498091603053,0.2935415770749442,17.88351920693928,0.8161490683229814,0.0,-0.3819444444444444,0.0150313721783247,3.129032258064516,0.0,0.0,0.0165760975800461,3.909090909090909,0.120078190449595,0.0,0.0,10.490474647920626,0.0069240069049178,0.0012323593718942,-118.3021472392638,-3404000000.0,8607000000.0,-26592000000.0,20885000000.0,2596000000.0,2401500000.0,1054500000.0,66.2999162245183,167.2695285010556,72.58268824771288,1.3574677786201668,0.5380537675123059,1.2399650959860384,0.0073950381679389,1.3190184049079754,2002-07-25,0.52,bmo,3325214285.0,2025-04-25,2002-06-30,0.0769230769230769,44.40796875,1597764.09375
2002-03-31,AEP,USD,4904,2002-05-15,2002-05-15 15:52:59,2002,Q1,13414000000.0,11307000000.0,2107000000.0,0.1570746981,0,0.0,0.0,0.0,1587000000.0,1587000000.0,12894000000.0,0.0,0.0,362000000.0,882000000.0,0.0657521992,520000000.0,0.0387654689,-244000000.0,276000000.0,0.0205755181,95000000.0,181000000.0,0.0134933651,0.56,0.56,322618858,322618858,https://www.sec.gov/Archives/edgar/data/4904/000000490402000150/0000004904-02-000150-index.htm,https://www.sec.gov/Archives/edgar/data/4904/000000490402000150/xq102mod.txt,41.57847462221195,0.5610335400790489,-0.043394859453628,-1.1375652442486794,0.9484876423435856,28.69330099730252,22.30185812634673,25.37359424909997,48.9308036667838,14734003244.86,30214003244.86,20.3508332111326,1.0984048937572686,-1052.4288032042855,-40.14714780615804,1.799902668563401,1.799902668563401,2.252423083708066,34.25623950664399,-2158.1430889185717,-82.32698431841962,0.0122845093076209,-0.0249083697010877,1.928414365990716,0.314756844057185,17.551020408163264,0.7465885920426623,0.0,-0.0773480662983425,0.013098951913651,1.0662983425414363,0.0,0.0,0.0411141905768348,-25.214285714285715,0.0263157894736842,0.0,0.0,17.89685284169521,0.0094096325364538,0.0037636979892287,-118.38427622231556,-4847000000.0,7195000000.0,-26616000000.0,21662000000.0,2218000000.0,2203500000.0,481500000.0,17.135828239153124,17.208808702573627,7.665163173255506,5.252153484729836,5.229879740980573,11.741433021806854,0.0221109210847788,1.0941703847950512,2002-04-24,0.59,bmo,2992000000.0,2025-04-25,2002-03-31,0.0,43.3685,1021938.3333333334
2001-12-31,AEP,USD,4904,2002-03-29,2002-03-29 00:00:00,2001,Q4,14179000000.0,12276000000.0,1903000000.0,0.1342125679,0,0.0,0.0,0.0,1643000000.0,1643000000.0,13919000000.0,0.0,0.0,227000000.0,613000000.0,0.0432329501,260000000.0,0.0183369772,-203000000.0,57000000.0,0.0040200296,3000000.0,52000000.0,0.0036673954,0.16,0.16,322309429,322309429,https://www.sec.gov/Archives/edgar/data/4904/000000490402000106/0000004904-02-000106-index.htm,https://www.sec.gov/Archives/edgar/data/4904/000000490402000106/module.txt,43.99188706328539,0.1613356461873785,5.448180667404552,3.806900728306028,1.0331686573153278,28.854259798896543,24.21896257958993,25.53136600915265,47.18447129264717,14030129444.37,28905129444.370003,67.452545405625,0.9895006308181112,7.989823145996583,11.434498324669928,1.7049616532227487,1.7049616532227487,2.038587308298893,47.153555374176186,16.460779865814352,23.557562709348005,0.0037063093541782,0.0874546457226287,1.848098189330417,0.3216514033121126,24.26590538336052,0.6941267473341068,0.0,33.76923076923077,0.0141124856178325,3.807692307692307,0.0,0.0,0.0315983164484676,0.30125284738041,0.0373086959588123,0.0,0.0,9.627054962214306,0.0071113488314139,0.0011356935374669,-112.42767582824888,-5536000000.0,7806000000.0,-25418000000.0,20501000000.0,2353000000.0,2046000000.0,0.0,11.945835390366032,16.458944281524925,0.0,7.534006376195537,5.46815144766147,0.0,0.0063191153238546,1.6412799390985238,2002-01-22,0.38,bmo,15298394736.0,2025-04-25,2001-12-31,-0.0789473684210527,43.13921875,1144457.8125
2001-09-30,AEP,USD,4904,2001-11-14,2001-11-14 00:00:00,2001,Q3,18385000000.0,16008000000.0,2377000000.0,0.1292901822,0,0.0,0.0,0.0,1515000000.0,1515000000.0,17523000000.0,0.0,0.0,415000000.0,1277000000.0,0.0694587979,862000000.0,0.0468860484,-236000000.0,626000000.0,0.0340494969,223000000.0,421000000.0,0.0228991025,1.31,1.31,322000000,322000000,https://www.sec.gov/Archives/edgar/data/4904/000000490401500257/0000004904-01-500257-index.htm,https://www.sec.gov/Archives/edgar/data/4904/000000490401500257/xq301.txt,57.09627329192546,1.3074534161490683,1.7329192546583851,0.2298136645962732,1.1770186335403727,28.422360248447205,7.186335403726708,26.02173913043478,46.73913043478261,14116480000.000002,28787480000.0,8.38270783847981,0.7678259450639109,25.298351254480288,190.76324324324327,1.684745196324144,1.684745196324144,1.5658134348653794,22.543054032889582,51.59046594982079,389.02,0.029823298726028,0.0052421000136011,1.796157059314954,0.284935345235616,11.488645262333597,0.8194311717861206,0.0,1.32541567695962,0.0136719635489867,0.4584323040380047,0.0,0.0,0.1294609894166871,0.8673835125448028,0.0263258090834919,0.0,0.0,27.66766639427879,0.0154279994567562,0.0091559557208412,-127.85714285714286,-3968000000.0,2314000000.0,-25660000000.0,25942000000.0,2678000000.0,1549500000.0,0.0,13.82431329888496,10.384182908545728,0.0,6.510269121813031,8.667027612344341,0.0,0.0502446592672156,1.5031055900621118,2001-10-23,1.44,bmo,3783272727.0,2025-04-25,2001-09-30,-0.0069444444444444,45.72728813559322,929493.220338983
2001-06-30,AEP,USD,4904,2001-08-15,2001-08-15 00:00:00,2001,Q2,14528000000.0,12367000000.0,2161000000.0,0.1487472467,0,0.0,0.0,0.0,1489000000.0,1489000000.0,13856000000.0,0.0,0.0,459000000.0,1131000000.0,0.0778496696,672000000.0,0.0462555066,-219000000.0,453000000.0,0.0311811674,173000000.0,232000000.0,0.015969163,0.72,0.72,322201108,322201108,https://www.sec.gov/Archives/edgar/data/4904/000000490401500202/0000004904-01-500202-index.htm,https://www.sec.gov/Archives/edgar/data/4904/000000490401500202/xq201mod.txt,45.08985114973595,0.7200471824572372,0.1707008406687415,-1.393539590186636,0.6579741494867858,26.28792946298621,22.25318231990686,25.288553632161936,48.690087062022144,14876025156.36,30352025156.36,16.030199521939657,1.0239554760710352,270.4731846610909,-33.13145914556793,1.825727191502209,1.825727191502209,2.089208780035793,26.836450182458,551.8550028429091,-67.59916515893096,0.0155955638392297,-0.0301827938095437,1.9253804614629355,0.3123419674676966,13.683465959328029,0.8219847328244275,0.0,0.2370689655172413,0.0130411180379765,0.8362068965517241,0.0,0.0,0.0258824934796026,9.163636363636364,0.0346916299559471,0.0,0.0,20.2410823649152,0.011649210186521,0.0047417581294581,-123.047373257326,-3498000000.0,7170000000.0,-25605000000.0,20669000000.0,2845000000.0,1655000000.0,0.0,15.68557268722467,9.11134470768982,0.0,5.737756714060032,9.87779552715655,0.0,0.0284732449680903,1.5642404308553777,2001-07-24,0.8,bmo,6839550561.0,2025-04-25,2001-06-30,0.1124999999999999,48.3568253968254,913336.507936508
2001-03-31,AEP,USD,4904,2001-05-15,2001-05-15 00:00:00,2001,Q1,14235000000.0,12102000000.0,2133000000.0,0.1498419389,0,0.0,0.0,0.0,1462000000.0,1462000000.0,13564000000.0,0.0,0.0,352000000.0,1023000000.0,0.0718651212,671000000.0,0.0471373375,-235000000.0,436000000.0,0.030628732,170000000.0,266000000.0,0.0186863365,0.83,0.83,322000000,322000000,https://www.sec.gov/Archives/edgar/data/4904/000000490401500110/0000004904-01-500110-index.htm,https://www.sec.gov/Archives/edgar/data/4904/000000490401500110/xq101mod.txt,44.20807453416149,0.8260869565217391,1.813664596273292,0.8354037267080745,0.8540372670807453,26.055900621118013,21.987577639751557,25.02173913043478,51.62111801242236,15134000000.0,31481000000.0,14.223684210526317,1.0631541974007728,25.91438356164383,56.260223048327134,1.8783666377063424,1.8783666377063424,2.211520899192132,30.773216031280548,53.90582191780822,117.02973977695169,0.0175763182238667,0.0177745473767675,2.063050763311406,0.3543380942229802,15.979472140762462,0.7474662605681878,0.0,2.1954887218045114,0.0127527421699484,0.7255639097744361,0.0,0.0,0.0279258153911745,0.5393835616438356,0.0221285563751317,0.0,0.0,21.56566663276816,0.0122419724770642,0.0058333333333333,-111.41770186335404,-4809000000.0,7080000000.0,-24286000000.0,18604000000.0,3428500000.0,2342500000.0,0.0,19.96628029504742,15.304908279623204,0.0,4.507599746675111,5.880466472303207,0.0,0.0330147697654213,0.9782608695652174,2001-04-24,0.66,bmo,13390235294.0,2025-04-25,2001-03-31,0.0303030303030303,44.45354838709677,1000056.4516129032
2000-12-31,AEP,USD,4904,2001-03-30,2001-03-30 00:00:00,2000,Q4,3560000000.0,1085000000.0,2475000000.0,0.6952247191,0,0.0,0.0,0.0,2087000000.0,2087000000.0,3172000000.0,0.0,0.0,203000000.0,646000000.0,0.1814606742,388000000.0,0.108988764,-361000000.0,27000000.0,0.0075842697,249000000.0,-222000000.0,-0.0623595506,-0.69,-0.69,322000000,322000000,https://www.sec.gov/Archives/edgar/data/4904/000000490401000036/0000004904-01-000036-index.htm,https://www.sec.gov/Archives/edgar/data/4904/000000490401000036/0000004904-01-000036-0001.txt,11.055900621118012,-0.6894409937888198,3.027950310559006,1.2608695652173914,1.3571428571428572,26.049689440993788,21.75776397515528,25.012422360248447,46.85403726708075,14973000000.0,29623000000.0,-16.861486486486488,4.205898876404494,15.356923076923078,36.87931034482759,1.859076235410976,1.859076235410976,8.321067415730337,45.85603715170279,30.382564102564103,72.96305418719211,-0.0148266880384692,0.0271154745208041,1.8732306928234417,0.2765820928356676,22.678018575851397,0.8139431780396793,0.0,-4.391891891891892,0.0128898684298403,-0.8693693693693694,0.0,0.0,0.0253354843440639,0.5835897435897436,0.1598314606741573,0.0,0.0,,-0.0967731062980714,-0.0041756009479742,-133.3812111801242,-5036000000.0,7006000000.0,-24129000000.0,18739000000.0,3360500000.0,2204500000.0,403000000.0,93.51404494382024,217.9078341013825,0.0,0.9624222762908894,0.4130186524552722,0.0,-0.0275639433821703,1.7670807453416149,2001-01-23,0.46,bmo,3327826086.0,2025-04-25,2000-12-31,0.0652173913043477,42.13507936507937,1091279.365079365
2000-09-30,AEP,USD,4904,2000-11-14,2000-11-14 00:00:00,2000,Q3,3921000000.0,1237000000.0,2684000000.0,0.6845192553,0,0.0,0.0,0.0,1804000000.0,1804000000.0,3041000000.0,0.0,0.0,379000000.0,1259000000.0,0.3210915583,880000000.0,0.2244325427,-258000000.0,622000000.0,0.1586330018,219000000.0,359000000.0,0.091558276,1.11,1.11,322000000,322000000,https://www.sec.gov/Archives/edgar/data/4904/000000490400500070/0000004904-00-500070-index.htm,https://www.sec.gov/Archives/edgar/data/4904/000000490400500070/0000004904-00-500070-0001.txt,12.177018633540373,1.1149068322981366,0.4751552795031056,-0.7546583850931677,0.9161490683229814,27.17701863354037,22.89751552795031,26.13975155279503,47.599378881987576,12599860000.0,27631860000.0,8.774275766016714,3.213430247385871,82.35202614379085,-51.85127572016461,1.4969537840085545,1.4969537840085545,7.047146136189747,21.94746624305004,180.6003921568627,-113.71135802469136,0.0284923800740643,-0.0192859285738095,1.8209575858381848,0.3782763216348289,11.939634630659253,0.6744258954463516,0.0,0.3805970149253731,0.0153176305133549,0.5376044568245125,0.0,0.0,0.0340095759909176,2.588235294117647,0.1009946442234124,0.0,0.0,25.60715175527547,0.0172697492565252,0.0091722023505365,-89.44875776397515,-4154000000.0,7373000000.0,-23162000000.0,19294000000.0,2762000000.0,1686500000.0,814500000.0,69.36495791889824,129.65238480194017,58.64187550525465,1.297485109199206,0.6941638608305275,1.534739454094293,0.0426517761672805,1.2298136645962734,2000-10-24,0.98,bmo,8818480620.0,2025-04-25,2000-09-30,0.3163265306122449,35.01238095238096,831476.1904761905
2000-06-30,AEP,USD,4904,2000-08-14,2000-08-14 00:00:00,2000,Q2,8137000000.0,6318000000.0,1819000000.0,0.2235467617,0,0.0,0.0,0.0,1511000000.0,1511000000.0,7829000000.0,0.0,0.0,570000000.0,878000000.0,0.1079021752,308000000.0,0.0378517881,-274000000.0,34000000.0,0.0041784441,52000000.0,-9000000.0,-0.0011060587,-0.0464,-0.0464,194103000,194103000,https://www.sec.gov/Archives/edgar/data/4904/000000490400500023/0000004904-00-500023-index.htm,https://www.sec.gov/Archives/edgar/data/4904/000000490400500023/0000004904-00-500023-0001.txt,41.92104192104192,-0.0463671349747299,0.4482156380890558,-2.756268579053389,1.6073940124573036,44.24970247755058,36.92369515154325,42.52381467571341,77.500090158318,5751271890.0,20482271890.0,-159.7575525,0.7068049514563107,66.10657344827587,-10.750040915887851,0.6967860298037315,0.6967860298037315,2.5171773245667937,23.328327892938496,235.42841252873563,-38.28462035514018,-0.0015648712445065,-0.0930229017567799,1.8225102980373151,0.3723607019975742,16.777904328018224,0.7271005917159763,0.0,4.833333333333333,0.020249746878164,-12.9402,0.0,0.0,0.0351988910616599,7.149425287356322,0.0764409487526115,0.0,0.0,,-0.0049871184098792,-0.0002309054057521,-150.48711251242898,-3459000000.0,7167000000.0,-22594000000.0,19917000000.0,1747500000.0,1160000000.0,697000000.0,27.67358977510139,22.663817663817664,11.723646723646723,3.2521982414068744,3.971087366436204,7.676792223572296,-0.0010903804216137,3.204484217142445,2000-07-26,0.52,bmo,8296549019.0,2025-04-25,2000-06-30,-0.0192307692307692,34.23063492063493,606566.6666666666
2000-03-31,AEP,USD,4904,2000-05-15,2000-05-15 00:00:00,2000,Q1,1746000000.0,511000000.0,1235000000.0,0.7073310424,0,0.0,0.0,0.0,932000000.0,932000000.0,1443000000.0,0.0,0.0,195000000.0,498000000.0,0.2852233677,303000000.0,0.1735395189,-136000000.0,167000000.0,0.0956471936,63000000.0,104000000.0,0.0595647194,0.53,0.53,194000000,194000000,https://www.sec.gov/Archives/edgar/data/4904/000000490400000081/0000004904-00-000081-index.html,https://www.sec.gov/Archives/edgar/data/4904/000000490400000081/,9.0,0.5360824742268041,1.4845360824742269,0.5257731958762887,1.8762886597938144,25.628865979381445,25.628865979381445,25.628865979381445,43.618556701030926,5783140000.0,13881140000.0,13.901778846153846,3.312222222222222,20.08034722222222,56.69745098039216,1.163141592920354,1.163141592920354,7.950252004581902,27.873775100401605,48.19840277777778,136.08960784313726,0.0179833101048911,0.0176374772182585,1.7019308125502817,0.386357410282166,16.26104417670683,0.6968810916179338,0.0,2.769230769230769,0.0201274740020127,1.1192307692307693,0.0,0.0,0.0,0.6458333333333334,0.1065292096219931,0.0,0.0,17.58214100818539,0.0099339094908367,0.004748424801388,-80.08118556701031,-1555000000.0,4972000000.0,-13355000000.0,11464000000.0,1074500000.0,1004500000.0,594500000.0,51.18556701030928,128.39530332681016,100.56751467710372,1.758308157099698,0.700960219478738,0.8949211908931699,0.0209171359613837,0.9587628865979382,2000-04-25,0.6,bmo,6924905660.0,2025-04-25,2000-03-31,-0.1166666666666665,30.942380952380955,485426.98412698414
1999-12-31,AEP,USD,4904,2000-03-24,2000-03-24 00:00:00,1999,Q4,1665000000.0,500000000.0,1165000000.0,0.6996996997,0,0.0,0.0,0.0,902000000.0,902000000.0,1402000000.0,0.0,0.0,0.0,263000000.0,0.157957958,263000000.0,0.157957958,-122000000.0,141000000.0,0.0846846847,34000000.0,107000000.0,0.0642642643,0.42,0.42,257500000,257500000,https://www.sec.gov/Archives/edgar/data/4904/000000490400000039/0000004904-00-000039-index.html,https://www.sec.gov/Archives/edgar/data/4904/000000490400000039/,6.466019417475728,0.4155339805825243,0.2679611650485436,-0.7766990291262136,1.2932038834951456,19.44077669902913,19.44077669902913,19.44077669902913,32.72233009708738,8273475000.000001,16366475000.0,19.330549065420563,4.969054054054054,119.90543478260872,-41.367375,1.6527117459049143,1.6527117459049143,9.829714714714717,62.229942965779465,237.19528985507247,-81.832375,0.0129328969991448,-0.024173639250738,1.6831801837794649,0.3921258376768429,30.771863117870723,0.6886509635974304,0.0,0.6448598130841121,0.0141415789616817,1.0934579439252337,0.0,0.0,0.0,3.898550724637681,0.1615615615615615,0.0,0.0,13.481907315572233,0.010555403019023,0.0049795234549516,-58.147572815533984,-1454000000.0,5006000000.0,-13266000000.0,11601000000.0,1173500000.0,963500000.0,611000000.0,62.48648648648648,230.4,111.24,1.4403114186851211,0.390625,0.8090614886731392,0.0213743507790651,1.0446601941747573,2000-01-25,0.53,bmo,1602169811.0,2025-04-25,1999-12-31,0.0377358490566038,33.1,435323.4375
1999-09-30,AEP,USD,4904,1999-11-15,1999-11-15 00:00:00,1999,Q3,3532000000.0,1072000000.0,2460000000.0,0.6964892412,0,0.0,0.0,0.0,1654000000.0,1654000000.0,2726000000.0,0.0,0.0,379000000.0,1185000000.0,0.3355039638,806000000.0,0.2281993205,-237000000.0,569000000.0,0.1610985277,166000000.0,395000000.0,0.1118346546,2.05,2.05,192741935,192741935,https://www.sec.gov/Archives/edgar/data/4904/000000490499000223/0000004904-99-000223-index.html,https://www.sec.gov/Archives/edgar/data/4904/000000490499000223/,18.32502096650633,2.0493723900821066,2.3969874537162865,1.4319665307915477,1.421589961727841,26.92200843578747,26.92200843578747,26.92200843578747,41.49071140123191,6578282241.55,14301282241.55,4.163469773132912,1.8624808158408832,14.238706150541129,23.834355947644926,1.2677360265079978,1.2677360265079978,4.049060657290487,12.068592608902954,30.95515636699134,51.81624000561594,0.0600460706147701,0.0419562417460166,1.54114472923492,0.391280947255113,6.517299578059072,0.7238290248272332,0.0,2.655172413793104,0.0176337827628185,0.2936708860759494,0.0,0.0,0.0,0.4025974025974026,0.0526613816534541,0.0,0.0,35.233470839698136,0.0311790728598619,0.0193267442998336,-71.49326377780736,-1079000000.0,5189000000.0,-12421000000.0,11842000000.0,1161500000.0,603500000.0,616000000.0,30.34824462061155,54.31902985074626,50.708955223880594,2.9655751469353486,1.6568778979907264,1.774834437086093,0.0761225669685874,0.9650209229247388,1999-10-26,0.88,bmo,3453511111.0,2025-04-25,1999-09-30,0.0227272727272727,36.0125,446957.8125
1999-06-30,AEP,USD,4904,1999-08-16,1999-08-16 00:00:00,1999,Q2,2962000000.0,822000000.0,2140000000.0,0.7224848076,0,0.0,0.0,0.0,1592000000.0,1592000000.0,2414000000.0,0.0,0.0,473000000.0,1021000000.0,0.3446995273,548000000.0,0.1850101283,-237000000.0,311000000.0,0.1049966239,121000000.0,190000000.0,0.0641458474,0.99,0.99,191139241,191139241,https://www.sec.gov/Archives/edgar/data/4904/000000490499000188/0000004904-99-000188-index.html,https://www.sec.gov/Archives/edgar/data/4904/000000490499000188/,15.49655625136651,0.9940397325319504,-0.6121192037170431,-1.6584768169085695,1.266092711961747,26.71350986477968,26.71350986477968,26.71350986477968,42.63384094948876,7179189891.96,15086189891.96,9.446302489421054,2.42376431193788,-61.36059736717949,-22.647286725425868,1.4060301394359578,1.4060301394359578,5.0932443929642135,14.775896074397648,-128.94179394837607,-47.59050439104101,0.0264653815903075,-0.0441553998111972,1.5959655307481395,0.3958323213678535,7.744368266405485,0.6945090739879014,0.0,-1.3295454545454546,0.016157811918293,0.6105263157894737,0.0,0.0,0.0,-1.709401709401709,0.0675219446320054,0.0,0.0,24.443230750494955,0.0182736202600603,0.0092291251760819,-73.64264881641965,-1313000000.0,5106000000.0,-12496000000.0,11611000000.0,1084500000.0,650500000.0,586000000.0,34.39567859554355,61.31386861313868,68.75912408759123,2.61660777385159,1.4678571428571427,1.3089171974522291,0.0372111241676459,1.0463576131915266,1999-07-27,0.59,bmo,3120678571.0,2025-04-25,1999-06-30,-0.0508474576271185,41.38492063492063,408020.6349206349
1999-03-31,AEP,USD,4904,1999-05-17,1999-05-17 00:00:00,1999,Q1,1694000000.0,491000000.0,1203000000.0,0.7101534829,0,0.0,0.0,0.0,822000000.0,822000000.0,1313000000.0,0.0,0.0,172000000.0,553000000.0,0.326446281,381000000.0,0.2249114522,-137000000.0,244000000.0,0.1440377804,93000000.0,151000000.0,0.0891381346,0.79,0.79,192000000,192000000,https://www.sec.gov/Archives/edgar/data/4904/000000490499000060/0000004904-99-000060-index.html,https://www.sec.gov/Archives/edgar/data/4904/,8.822916666666666,0.7864583333333334,2.098958333333333,0.9947916666666666,1.4583333333333333,26.50520833333333,26.50520833333333,26.50520833333333,40.317708333333336,7620480000.0,15081480000.0,12.616688741721854,4.498512396694215,18.909379652605452,39.89780104712042,1.4974415405777166,1.4974415405777166,8.90288075560803,27.272115732368896,37.42302729528536,78.96062827225131,0.0198150247753422,0.0250640379608633,1.5211239929259186,0.3845504222553403,13.491862567811935,0.7256934715606612,0.0,2.6688741721854305,0.0150909129083732,0.7615894039735099,0.0,0.0,0.0,0.5260545905707196,0.1251475796930342,0.0,0.0,21.65682211996805,0.0132760578201151,0.0075012419274714,-71.41276041666667,-979000000.0,5089000000.0,-12451000000.0,11836000000.0,1065000000.0,679500000.0,519750000.0,55.09445100354191,135.82484725050915,99.71486761710794,1.6335583413693346,0.6626180836707153,0.9025735294117648,0.0296718412261741,1.1041666666666667,1999-04-27,0.86,bmo,3177645569.0,2025-04-25,1999-03-31,-0.0813953488372092,43.30147540983607,495004.91803278687
1998-12-31,AEP,USD,4904,1999-03-29,1999-03-29 00:00:00,1998,Q4,-3200700000.0,-4169300000.0,968600000.0,-0.3026213016,0,0.0,0.0,0.0,770700000.0,770700000.0,-3398600000.0,0.0,0.0,9300000.0,222300000.0,-0.069453557,197900000.0,-0.0618302246,-89800000.0,108100000.0,-0.033773862,35900000.0,72200000.0,-0.0225575655,0.38,0.38,191500000,191500000,https://www.sec.gov/Archives/edgar/data/4904/000000490499000027/0000004904-99-000027-index.html,https://www.sec.gov/Archives/edgar/data/4904/,-16.713838120104437,0.3770234986945169,0.9613577023498696,-0.264751958224543,0.9033942558746736,26.190078328981723,26.190078328981723,26.190078328981723,40.23185378590078,9011990000.0,16543390000.0,31.20495152354571,-2.8156309557284342,48.95160239000544,-177.75128205128206,1.7968636599274237,1.7968636599274237,-5.168678726528572,74.41920827710301,89.86089082020641,-326.29960552268244,0.008011549058532,-0.0056258384663098,1.5361486621206684,0.3954381210478771,33.87944219523167,0.7915833809251857,0.0,2.5498614958448758,0.0127385849296326,1.5900277008310248,0.0,0.0,0.0,1.2753938077131994,-0.0733589527290905,0.0,0.0,14.90540796691634,0.0075158034132307,0.0037057567545372,-69.07206266318538,-583900000.0,5015400000.0,-12250100000.0,14502600000.0,1062550000.0,539450000.0,484900000.0,-30.73390195894648,-13.340368886863503,-10.696040102655124,-2.9283623055809698,-6.746440129449838,-8.414328960645813,0.0143956613630019,1.2261096605744126,1999-01-26,0.63,bmo,-4470819047.0,2025-04-25,1998-12-31,-0.3968253968253968,48.86484375,475545.3125
1998-09-30,AEP,USD,4904,1998-11-16,1998-11-16 00:00:00,1998,Q3,1858000000.0,652000000.0,1206000000.0,0.6490850377,0,0.0,0.0,0.0,793000000.0,793000000.0,1445000000.0,0.0,0.0,229300000.0,624000000.0,0.3358449946,413000000.0,0.2222820237,-113000000.0,300000000.0,0.1614639397,105000000.0,195000000.0,0.1049515608,1.02,1.02,191176471,191176471,https://www.sec.gov/Archives/edgar/data/4904/000000490498000146/0000004904-98-000146-index.html,https://www.sec.gov/Archives/edgar/data/4904/,9.718769209836497,1.019999997803077,1.4400307661291645,0.5031999989161846,0.7736307675644876,26.337446097119347,26.337446097119347,26.337446097119347,32.11273839237256,9331323549.51,15322623549.51,11.963235319884616,5.022240877023681,33.89510915187069,96.99920529636177,1.853254860779329,1.853254860779329,8.246837217174381,24.55548645754808,55.65791336545587,159.27883107598754,0.0208973570539454,0.0103093628132797,1.2192806498381363,0.3512891818587564,9.601442307692308,0.8422852632963563,0.0,1.409626216077829,0.0122812159917033,0.5876923076923077,0.0,0.0,0.0,0.6505630221576462,0.0963939720129171,0.0,0.0,24.58545071026783,0.0168564019163992,0.0111580320664675,-59.01340756520189,-359700000.0,5035100000.0,-10520100000.0,13148900000.0,1048450000.0,486450000.0,496950000.0,49.9940796555436,63.62116564417178,65.47085889570552,1.8002131576397635,1.414623562594923,1.3746573898376555,0.0387281285376655,0.93683076721298,1998-10-27,1.04,bmo,1894431372.0,2025-04-25,1998-09-30,-0.0192307692307692,45.11359375,316665.625
1998-06-30,AEP,USD,4904,1998-08-14,1998-08-14 00:00:00,1998,Q2,1557000000.0,554000000.0,1003000000.0,0.6441875401,0,0.0,0.0,0.0,709000000.0,709000000.0,1263000000.0,0.0,0.0,233500000.0,528000000.0,0.3391136802,294000000.0,0.1888246628,-96000000.0,198000000.0,0.1271676301,80000000.0,118000000.0,0.0757867694,0.62,0.62,190322581,190322581,https://www.sec.gov/Archives/edgar/data/4904/000000490498000100/0000004904-98-000100-index.html,https://www.sec.gov/Archives/edgar/data/4904/,8.180847442374692,0.6199999988440678,1.2142542350242718,0.0309999999422033,0.9210677948929245,25.924406731327377,25.924406731327377,25.924406731327377,32.39867790569738,8636838725.78,14627738725.78,18.298387130889832,5.5471025856005145,37.37273356027694,1463.8709704711866,1.7504740019821647,1.7504740019821647,9.394822559910084,27.70405061700757,63.29614333959325,2479.277750132203,0.0136624063209358,0.0006831203160467,1.2497365220916092,0.3461784619530434,11.346401515151516,0.8596445543909902,0.0,1.9568162574089751,0.0132224305241599,0.9677966101694916,0.0,0.0,0.0,0.9744699264387712,0.1446371226718047,0.0,0.0,19.016978551488208,0.0111087095395226,0.0066246729769483,-61.18296598762498,-431200000.0,4934000000.0,-10237200000.0,12697500000.0,971500000.0,427100000.0,500700000.0,61.54913294797688,83.1768953068592,84.41155234657039,1.4622464312546957,1.08203125,1.0662047729022326,0.0239156870693149,1.1832542350820685,1998-07-21,0.66,bmo,1657451612.0,2025-04-25,1998-06-30,-0.0606060606060606,47.16888888888889,365744.4444444445
1998-03-31,AEP,USD,4904,1998-05-14,1998-05-14 00:00:00,1998,Q1,1521000000.0,485000000.0,1036000000.0,0.681130835,0,0.0,0.0,0.0,692000000.0,692000000.0,1177000000.0,0.0,0.0,152800000.0,497000000.0,0.3267587114,344000000.0,0.2261669954,-110000000.0,234000000.0,0.1538461538,83000000.0,151000000.0,0.0992767916,0.79,0.79,191139241,191139241,https://www.sec.gov/Archives/edgar/data/4904/000000490498000053/0000004904-98-000053-index.html,https://www.sec.gov/Archives/edgar/data/4904/,7.95754964832156,0.7899999979596026,1.7735761543596378,0.97311258026812,0.6968741703855568,25.672907218460704,25.672907218460704,25.672907218460704,31.615172103775382,9604746860.25,15514446860.25,15.901898775248345,6.314757962031559,28.33258660840708,51.63842397983871,1.9573163090725685,1.9573163090725685,10.20016230128205,31.216190865694166,45.76532997123894,83.411004625,0.0157213929942209,0.0193654244829476,1.231460536773247,0.3597306886370131,11.890744466800804,0.7713938214546339,0.0,2.250996015936255,0.0118691311347098,0.7549668874172185,0.0,0.0,0.0,0.4513274336283185,0.1005917159763313,0.0,0.0,21.36202061204705,0.0142258434256742,0.0089889513286979,-56.80963230360426,-469900000.0,4907100000.0,-10305700000.0,12623500000.0,867450000.0,347750000.0,485200000.0,51.96449704142012,63.50103092783505,89.40618556701031,1.731951719426099,1.4172998246639392,1.0066417600664177,0.0307717389089278,0.8004635740915179,1998-04-21,0.89,bmo,1713531645.0,2025-04-25,1998-03-31,-0.1123595505617977,49.693934426229504,462734.4262295082
1997-12-31,AEP,USD,4904,1998-03-27,1998-03-27 00:00:00,1997,Q4,1703200000.0,694000000.0,1009200000.0,0.592531705,0,0.0,0.0,0.0,719000000.0,719000000.0,1413000000.0,0.0,0.0,-8600000.0,298200000.0,0.1750821982,290200000.0,0.1703851574,-91200000.0,199000000.0,0.1168388915,74100000.0,126100000.0,0.0740371066,0.66,0.66,190199250,190199250,https://www.sec.gov/Archives/edgar/data/4904/000000490498000024/0000004904-98-000024-index.html,https://www.sec.gov/Archives/edgar/data/4904/,8.954819748237703,0.6629889444884772,1.219247709967311,-0.169821910443916,0.4810744521863256,25.50746125444764,25.50746125444764,25.50746125444764,31.967528788888497,9819987277.5,15808687277.5,19.468650431205397,5.76561019111085,42.34578386157826,-304.02437391640865,2.02411363032052,2.02411363032052,9.281756269081727,53.01370649731724,68.17027717766278,-489.4330426470588,0.0128411571661529,-0.0032892099640502,1.253261877769762,0.3659398265454129,20.08283031522468,0.7285597734798676,0.0,1.856685348278623,0.0115886097185424,0.9024583663758922,0.0,0.0,0.0,1.1392841742130229,0.1551197745420385,0.0,0.0,19.50644017517053,0.011764440878621,0.0075893905015257,-56.706191007588096,-565600000.0,4851500000.0,-10245700000.0,12426000000.0,789900000.0,280500000.0,482700000.0,45.26949271958666,45.81700288184438,63.363112391930834,1.9880938484883857,1.96433625813756,1.420384772820303,0.0259919612490982,1.3890696204112267,1998-01-28,0.79,bmo,1983473417.0,2025-04-25,1997-12-31,-0.1645569620253164,48.371875,352712.5
1997-09-30,AEP,USD,4904,1997-11-13,1997-11-13 00:00:00,1997,Q3,1584000000.0,522800000.0,1061200000.0,0.6699494949,0,0.0,0.0,0.0,694300000.0,694300000.0,1217100000.0,0.0,0.0,185400000.0,585100000.0,0.3693813131,366900000.0,0.2316287879,-73300000.0,293600000.0,0.1853535354,91800000.0,91200000.0,0.0575757576,0.48,0.48,190000000,190000000,https://www.sec.gov/Archives/edgar/data/4904/000000490497000134/0000004904-97-000134-index.html,https://www.sec.gov/Archives/edgar/data/4904/,8.336842105263157,0.48,2.103157894736842,1.2352631578947368,0.4831578947368421,25.371052631578948,25.371052631578948,25.371052631578948,31.29052631578947,8645000000.0,14498400000.0,23.697916666666668,5.45770202020202,21.634134134134136,36.83425649765658,1.7933824292085885,1.7933824292085885,9.153030303030302,24.77935395658862,36.28228228228228,61.77417980400512,0.0105494505494505,0.0271486408328513,1.233316046053314,0.3658494560133904,10.004101862929414,0.7826012938372489,0.0,1.9801783944499505,0.013128976286871,1.2445175438596492,0.0,0.0,0.0,0.4126626626626626,0.1041035353535353,0.0,0.0,16.55316792704806,0.0164705941499557,0.0056121695465957,-55.565131578947366,-383100000.0,4820500000.0,-10050800000.0,12433100000.0,724650000.0,191900000.0,488000000.0,41.08522727272727,35.755547054322875,82.08110175975516,2.190568386115337,2.5170919595570536,1.096476510067114,0.0189191992531895,0.8678947368421053,1997-10-27,0.95,bmo,1406355140.0,2025-04-25,1997-09-30,0.1263157894736843,44.11578125,449756.25
1997-06-30,AEP,USD,4904,1997-08-14,1997-08-14 00:00:00,1997,Q2,1382200000.0,391900000.0,990300000.0,0.7164665027,0,0.0,0.0,0.0,698700000.0,698700000.0,1090600000.0,0.0,0.0,235300000.0,532600000.0,0.3853277384,291600000.0,0.210968022,-100200000.0,191400000.0,0.1384748951,70300000.0,121100000.0,0.0876139488,0.64,0.64,189218750,189218750,https://www.sec.gov/Archives/edgar/data/4904/000000490497000097/0000004904-97-000097-index.html,https://www.sec.gov/Archives/edgar/data/4904/,7.304772914946326,0.64,0.7895623451692816,-0.29701073492981,0.4978364987613543,25.491659785301405,25.491659785301405,25.491659785301405,32.11890999174236,7935834375.0,13919134375.0,16.3828125,5.741451580813196,53.11803463855421,-141.20701734875445,1.645243987768218,1.645243987768218,10.07027519534076,26.13431163161848,93.1668967536814,-247.6714301601423,0.0152598950882212,-0.0070818010236006,1.2599771949828962,0.372240733027905,11.234134434847917,0.7568159307720378,0.0,1.2336911643270023,0.0142770116721343,0.935590421139554,0.0,0.0,0.0,1.3761713520749663,0.1487483721603241,0.0,0.0,19.15932934390816,0.011973960532923,0.0074172526153318,-56.09829892650702,-466500000.0,4823500000.0,-10051500000.0,12324300000.0,728600000.0,167400000.0,480250000.0,47.28548690493416,40.44143914263843,114.64149017606532,1.903332415312586,2.225440090857467,0.7850560897435898,0.0251062506478698,1.0865730800990916,1997-07-23,0.63,bmo,1360406250.0,2025-04-25,1997-06-30,0.0158730158730158,40.7940625,333417.1875
1997-03-31,AEP,USD,4904,1997-05-15,1997-05-15 00:00:00,1997,Q1,1492100000.0,434700000.0,1057400000.0,0.708665639,0,0.0,0.0,0.0,680300000.0,680300000.0,1115000000.0,0.0,0.0,148500000.0,530100000.0,0.3552710944,377100000.0,0.2527310502,-99300000.0,277800000.0,0.1861805509,105200000.0,172600000.0,0.115675893,0.92,0.92,187608696,187608696,https://www.sec.gov/Archives/edgar/data/4904/000000490497000064/0000004904-97-000064-index.html,https://www.sec.gov/Archives/edgar/data/4904/,7.953256068684578,0.919999998294322,2.222711467489759,1.5526998812464428,0.4589339504816983,25.580370752110557,25.580370752110557,25.580370752110557,29.575921150264804,7738858710.0,13201458710.0,11.209239151216686,5.18655499631392,18.55841417266187,26.566627909371785,1.612564587110083,1.612564587110083,8.84756967361437,24.903713846444067,31.65817436450839,45.319116752488846,0.0223030302616805,0.037641209242338,1.156195953407931,0.3488497834109784,10.304848141860026,0.7663581927054981,0.0,2.4159907300115875,0.0145887144643321,0.6541135573580533,0.0,0.0,0.0,0.3014388489208633,0.0842436833992359,0.0,0.0,23.011164107601584,0.0157979416020049,0.0108514557674292,-54.590220061014655,-429200000.0,4799100000.0,-9698800000.0,11904500000.0,718650000.0,182450000.0,474250000.0,44.09221902017291,32.857142857142854,95.5072463768116,2.041176470588235,2.739130434782609,0.9423368740515932,0.0359650767852305,0.6700115862433157,1997-04-23,0.94,bmo,1524434782.0,2025-04-25,1997-03-31,-0.0212765957446807,41.51672131147541,391995.08196721313
1996-12-31,AEP,USD,4904,1997-03-26,1997-03-26 00:00:00,1996,Q4,1446100000.0,424400000.0,1021700000.0,0.7065209875,0,0.0,0.0,0.0,707700000.0,707700000.0,1132100000.0,0.0,0.0,35100000.0,347700000.0,0.2404398036,314000000.0,0.2171357444,-103100000.0,210900000.0,0.1458405366,78500000.0,132400000.0,0.0915566005,0.71,0.71,186810894,186810894,https://www.sec.gov/Archives/edgar/data/4904/000000490497000038/0000004904-97-000038-index.html,https://www.sec.gov/Archives/edgar/data/4904/,7.740983242658214,0.7087381103159862,1.3516342360633422,0.1643373110778004,0.3077978953411571,27.54389687787694,27.54389687787694,27.54389687787694,28.33346539201295,7683532070.22,12919032070.22,14.508179890898791,5.313278521692829,30.429829981069307,250.27791759674267,1.4932527587639686,1.4932527587639686,8.933705878030565,37.15568613810757,51.16448344641584,420.8153768801303,0.0172316584078771,0.0039955582562071,1.0286658245068507,0.3331969406062132,15.0575208513086,0.905681818181818,0.0,1.9070996978851964,0.0146677334030796,0.8512084592145015,0.0,0.0,0.0,0.8784158415841584,0.1533780513104211,0.0,0.0,20.957855616432,0.0132425551805437,0.0083346448018633,-53.04388190551671,-141100000.0,5145500000.0,-9385100000.0,12172000000.0,688500000.0,192000000.0,494750000.0,43.957540972270245,43.72761545711592,103.3176248821866,2.047430270423333,2.05819592628516,0.8711001642036125,0.0257312214556408,1.1872969249855418,1997-01-29,0.73,bmo,,2025-04-25,1996-12-31,-0.0273972602739726,41.165,339675.0
1996-09-30,AEP,USD,4904,1996-11-13,1996-11-13 00:00:00,1996,Q3,1484400000.0,416500000.0,1067900000.0,0.719415252,0,0.0,0.0,0.0,708600000.0,708600000.0,1125100000.0,0.0,0.0,221000000.0,584000000.0,0.3934249528,359300000.0,0.2420506602,-97400000.0,261900000.0,0.1764349232,99600000.0,162300000.0,0.1093371059,0.87,0.87,186551724,186551724,https://www.sec.gov/Archives/edgar/data/4904/000000490496000103/0000004904-96-000103-index.html,https://www.sec.gov/Archives/edgar/data/4904/,7.957042519746427,0.8700000006432532,2.3065988926481324,1.5523844743455708,0.6041219967498129,27.41974124023641,27.41974124023641,27.41974124023641,28.30207026122149,7579596546.120001,12746696546.12,11.675287347689466,5.106168516653193,17.614679400697188,26.17264000732045,1.481779118337504,1.481779118337504,8.58710357458906,21.82653518171233,29.6228132607948,44.01483613991713,0.0214127492159304,0.0382078384037797,1.032178604942133,0.3365802659594813,8.84777397260274,1.0335183129855716,0.0,2.651263093037585,0.0148424786616892,0.6931608133086876,0.0,0.0,0.0,0.3269811759237741,0.0947857720291026,0.0,0.0,23.16768083288612,0.0150434083940837,0.010346410311986,-52.02055918818526,45300000.0,5115200000.0,-9174600000.0,12252700000.0,693650000.0,177750000.0,512300000.0,40.664915117219074,38.42016806722689,108.54021608643455,2.2132100790219176,2.34251968503937,0.8291857455703763,0.0317289646543634,0.7542144183025615,1996-10-23,0.83,bmo,,2025-04-25,1996-09-30,0.0481927710843373,41.79703125,303189.0625
1996-06-30,AEP,USD,4904,1996-08-14,1996-08-14 00:00:00,1996,Q2,1400900000.0,404900000.0,996000000.0,0.7109715183,0,0.0,0.0,0.0,710100000.0,710100000.0,1115000000.0,0.0,0.0,224600000.0,511500000.0,0.3651224213,285900000.0,0.2040830894,-108000000.0,177900000.0,0.1269897923,65200000.0,112700000.0,0.0804482832,0.6,0.6,187833333,187833333,https://www.sec.gov/Archives/edgar/data/4904/000000490496000078/0000004904-96-000078-index.html,https://www.sec.gov/Archives/edgar/data/4904/,7.458207644113944,0.6000000010647737,0.7511978717856218,0.0873114464726023,0.58775510308386,27.02076313579549,27.02076313579549,27.02076313579549,28.997515579409967,7982916652.5,13319216652.5,17.70833330190772,5.698420053180098,56.576305120481926,486.7632105182927,1.572864533337274,1.572864533337274,9.507614142693985,26.039524247311828,94.39558222891566,812.1473568597561,0.014117647083877,0.0020543869758259,1.0731567955235055,0.3434756835838967,10.43264907135875,0.9366961540874584,0.0,1.2519964507542147,0.014055013334614,0.9955634427684116,0.0,0.0,0.0,0.8837703756201276,0.0890142051538296,0.0,0.0,19.09922257529313,0.0121201191465858,0.0071070023206538,-52.56362032398158,-100900000.0,5075400000.0,-9289200000.0,12100600000.0,713050000.0,181600000.0,508200000.0,46.0375472910272,39.498641639911085,116.09533218078538,1.9549260396315933,2.2785593697242543,0.7752249664943519,0.0222051463924025,0.6638864253130193,1996-07-18,0.56,bmo,,2025-04-25,1996-06-30,0.0714285714285712,40.55825396825397,369309.5238095238
1996-03-31,AEP,USD,4904,1996-05-14,1996-05-14 00:00:00,1996,Q1,1517800000.0,441000000.0,1076800000.0,0.7094478851,0,0.0,0.0,0.0,685800000.0,685800000.0,1126800000.0,0.0,0.0,163300000.0,553200000.0,0.3644748979,391000000.0,0.2576096982,-112200000.0,278800000.0,0.1836869153,98800000.0,180000000.0,0.1185927,0.96,0.96,187500000,187500000,https://www.sec.gov/Archives/edgar/data/4904/000000490496000050/0000004904-96-000050-index.html,https://www.sec.gov/Archives/edgar/data/4904/,8.094933333333334,0.96,2.203733333333333,1.7210666666666667,1.010133333333333,26.9664,26.9664,26.9664,29.0352,7828125000.0,13082825000.0,10.872395833333334,5.157547107655818,18.945123426911906,24.25821196157422,1.5482229737747717,1.5482229737747717,8.619597443668468,23.6493582791034,31.66220958373669,40.54175704989154,0.0229940119760479,0.0412231536926147,1.0767176931292275,0.3405584956649026,9.498734634851772,0.895891364902507,0.0,2.295555555555556,0.0143073852295409,0.6222222222222222,0.0,0.0,0.0,0.2190222652468538,0.0596257741467914,0.0,0.0,24.13450310240507,0.0169480174012745,0.011259993244004,-53.12546666666667,-179400000.0,5056200000.0,-9385800000.0,12014900000.0,704850000.0,202800000.0,508550000.0,42.07076031097641,37.85714285714285,100.83673469387756,2.1392529950669488,2.3773584905660377,0.8925318761384335,0.0355998576005696,0.4826666666666667,1996-04-22,0.86,bmo,,2025-04-25,1996-03-31,0.1162790697674418,42.723174603174606,485358.7301587302
1995-12-31,AEP,USD,4904,1996-03-28,1996-03-28 00:00:00,1995,Q4,1425400000.0,400000000.0,1025400000.0,0.719377017,0,0.0,0.0,0.0,730300000.0,730300000.0,1130300000.0,0.0,0.0,29300000.0,334000000.0,0.2343201908,295100000.0,0.2070296057,-101800000.0,193300000.0,0.1356110565,61900000.0,131400000.0,0.0921846499,0.7,0.7,186673500,186673500,https://www.sec.gov/Archives/edgar/data/4904/000000490496000034/0000004904-96-000034-index.html,https://www.sec.gov/Archives/edgar/data/4904/,7.6357919040463695,0.703902803558084,1.3397723833323958,0.3846287769822711,0.4285557403702186,26.801340308078007,26.801340308078007,26.801340308078007,29.568739001518693,7560276750.0,12999976750.0,14.384088184931509,5.303968535148028,30.229015393842463,105.2963335654596,1.5111184565569349,1.5111184565569349,9.12023063701417,38.92208607784431,51.97911535385845,181.05817200557104,0.0173803161372366,0.0094970068390684,1.1032559812915992,0.3471007338561088,16.286526946107784,0.862654605870408,0.0,1.9033485540334856,0.0147745914195535,0.850076103500761,0.0,0.0,0.0,0.7129148340663735,0.1250876946821944,0.0,0.0,20.60278180475476,0.0134843195171557,0.0082629556730787,-53.74383616314046,-223200000.0,5003100000.0,-9497300000.0,11987400000.0,668700000.0,210200000.0,506500000.0,44.21074786024976,49.52250000000001,117.675,2.0357040845472723,1.817355747387551,0.7648183556405354,0.0262637164957726,0.9551436063501246,1996-01-22,0.67,bmo,,2025-04-25,1995-12-31,0.0447761194029849,38.14539682539682,362039.68253968254
1995-09-30,AEP,USD,4904,1995-11-13,1995-11-13 00:00:00,1995,Q3,1523400000.0,456500000.0,1066900000.0,0.7003413417,0,0.0,0.0,0.0,723500000.0,723500000.0,1180000000.0,0.0,0.0,192900000.0,542000000.0,0.3557831167,343400000.0,0.2254168308,-108300000.0,235100000.0,0.1543258501,80900000.0,154200000.0,0.1012209531,0.83,0.83,185783133,185783133,https://www.sec.gov/Archives/edgar/data/4904/000000490495000122/0000004904-95-000122-index.html,https://www.sec.gov/Archives/edgar/data/4904/,8.199883247743486,0.8299999979007782,2.545440979294929,1.755810631097496,0.5043514902937932,27.241977881813416,27.241977881813416,27.241977881813416,28.79324895441396,6758790378.540001,12014390378.54,10.957831353015566,4.436648535210714,14.292219028420384,20.719774305763337,1.3354390109936576,1.3354390109936576,7.886563199776815,22.166771916125462,25.40577369113978,36.83136228859596,0.0228147333122808,0.0482630739718937,1.0569441425777004,0.3407262559157181,9.696678966789667,0.8749183540169824,0.0,3.066796368352789,0.0165118303349581,0.7237354085603113,0.0,0.0,0.0,0.310213575808839,0.096297755021662,0.0,0.0,22.555352705204125,0.0153511090594369,0.009821843729498,-52.86809325150093,-191500000.0,5061100000.0,-9299100000.0,11964700000.0,622600000.0,182500000.0,526400000.0,37.64474202441906,39.48959474260679,96.60460021905806,2.390772128060264,2.2790813779331005,0.9316326530612244,0.0304676848906364,0.7896303481974329,1995-10-18,0.86,bmo,,2025-04-25,1995-09-30,0.0813953488372093,34.6215873015873,237688.88888888888
1995-06-30,AEP,USD,4904,1995-08-14,1995-08-14 00:00:00,1995,Q2,1305300000.0,357100000.0,948200000.0,0.7264230445,0,0.0,0.0,0.0,684400000.0,684400000.0,1041500000.0,0.0,0.0,232200000.0,496100000.0,0.3800658852,263800000.0,0.2020991343,-114600000.0,149200000.0,0.1143032253,52700000.0,96500000.0,0.0739293649,0.52,0.52,185576923,185576923,https://www.sec.gov/Archives/edgar/data/4904/000000490495000094/0000004904-95-000094-index.html,https://www.sec.gov/Archives/edgar/data/4904/,7.033740935558027,0.520000000215544,-0.0064663212462036,-0.8088290158793073,0.6962072541745937,27.420435244526605,27.420435244526605,27.420435244526605,30.174549235305516,6519317304.990001,11989817304.990002,16.88942306992228,4.994497284141577,-5432.764420825,-43.433159926648905,1.281161283062139,1.281161283062139,9.185487861020455,24.16814614994961,-9991.514420825002,-79.87886279140574,0.0148021633992469,-0.0230238831733363,1.1004401996619897,0.3508430081387408,11.027010683329976,0.8431543976219619,0.0,-0.0124481327800829,0.0170876787842083,1.1544041450777205,0.0,0.0,0.0,-124.08333333333331,0.1140733930897111,0.0,0.0,17.911423519473356,0.0112895557309452,0.0060461007349301,-53.91564769074224,-269100000.0,5088600000.0,-9425500000.0,11846600000.0,592400000.0,180400000.0,550250000.0,41.92139737991266,41.50938112573509,141.84262111453373,2.146875,2.1681845780206435,0.6345060412224591,0.0189639586526746,0.8023626946331037,1995-07-28,0.53,bmo,,2025-04-25,1995-06-30,-0.0188679245283019,33.38920634920635,311011.1111111111
1995-03-31,AEP,USD,4904,1995-05-15,1995-05-15 00:00:00,1995,Q1,1416200000.0,412000000.0,1004200000.0,0.7090806383,0,0.0,0.0,0.0,668400000.0,668400000.0,1080400000.0,0.0,0.0,156900000.0,497500000.0,0.3512921904,335800000.0,0.2371134021,-109500000.0,226300000.0,0.1597938144,78400000.0,147900000.0,0.1044344019,0.8,0.8,184875000,184875000,https://www.sec.gov/Archives/edgar/data/4904/000000490495000064/0000004904-95-000064-index.html,https://www.sec.gov/Archives/edgar/data/4904/,7.660311020960108,0.8,1.8109533468559835,1.0964164976335362,0.4732927653820148,27.5921568627451,27.5921568627451,27.5921568627451,28.72319134550372,5869781250.0,11092481250.0,9.921875,4.14474032622511,17.5322020609319,28.957973606314752,1.1506893121091528,1.1506893121091528,7.832566904392035,22.29644472361809,33.1316644265233,54.723637148495314,0.0251968503937007,0.034532803075072,1.0409911587696772,0.3368091233144321,10.49788944723618,0.7368938401048493,0.0,2.26369168356998,0.0189274515127799,0.751183231913455,0.0,0.0,0.0,0.3945639187574671,0.0932777856234995,0.0,0.0,22.28584356782152,0.0149641699256124,0.0093808273394984,-53.42068965517242,-481800000.0,5101100000.0,-9315700000.0,11619600000.0,582400000.0,223650000.0,530550000.0,36.655839570682105,42.8373786407767,117.45873786407766,2.455270457697642,2.100968893421724,0.7662265203645156,0.0289937464468447,0.7145368492224476,1995-04-20,0.78,bmo,,2025-04-25,1995-03-31,0.0256410256410256,33.4368253968254,355544.44444444444
1994-12-31,AEP,USD,4904,1995-03-29,1995-03-29 00:00:00,1994,Q4,1282700000.0,385700000.0,897000000.0,0.6993061511,0,0.0,0.0,0.0,668600000.0,668600000.0,1054300000.0,0.0,0.0,37000000.0,272000000.0,0.2120527013,228400000.0,0.1780619007,-105100000.0,123300000.0,0.0961253606,19800000.0,103500000.0,0.0806891713,0.56,0.56,184688423,184688423,https://www.sec.gov/Archives/edgar/data/4904/000000490495000037/0000004904-95-000037-index.html,https://www.sec.gov/Archives/edgar/data/4904/,6.945210637268802,0.5604032906816254,0.8522461637998826,-0.232283103094123,0.3405735940470941,27.360133991722915,27.360133991722915,27.360133991722915,28.68236088625869,6072555348.240001,11306955348.240002,14.668008087536236,4.734197667607392,38.58040246658196,-141.55140671888114,1.2017485005719262,1.2017485005719262,8.814964799438686,41.56968878029412,71.83580272071157,-263.5653927328672,0.0170438957019959,-0.0070645712619867,1.0483267697057252,0.3371349290701153,19.24411764705882,0.6984248105957377,0.0,1.5207729468599034,0.0182624930758584,1.0714975845410628,0.0,0.0,0.0,1.272554002541296,0.1561549855772979,0.0,0.0,18.57379754533692,0.0132325624615891,0.0065870283274039,-53.571305874434806,-553300000.0,5053100000.0,-9378200000.0,11529800000.0,573400000.0,217950000.0,510350000.0,41.256724097606615,58.61550427793622,122.1311900440757,2.181462585034013,1.5354299363057324,0.7369124952235384,0.0204824761037778,1.0845292668940056,1995-01-19,0.7,bmo,,2025-04-25,1994-12-31,-0.1999999999999998,32.124920634920635,348509.5238095238
1994-09-30,AEP,USD,4904,1994-11-14,1994-11-14 00:00:00,1994,Q3,1385300000.0,427100000.0,958200000.0,0.6916913304,0,0.0,0.0,0.0,643500000.0,643500000.0,1070600000.0,0.0,0.0,174900000.0,493600000.0,0.356312712,314700000.0,0.2271710099,-107100000.0,207600000.0,0.1498592363,67800000.0,139800000.0,0.1009167689,0.76,0.76,183947368,183947368,https://www.sec.gov/Archives/edgar/data/73986/000000490494000101/0000004904-94-000101-index.html,https://www.sec.gov/Archives/edgar/data/73986/0000004904-94-000101.txt,7.530958529398474,0.760000001739628,2.1250643825466424,1.305808300556929,0.2522460663856848,27.450243267411143,27.450243267411143,27.450243267411143,28.4575966316626,5772268407.84,10960568407.84,10.322368397424892,4.166800265530932,14.766611429623945,24.03109245562032,1.1431592680001583,1.1431592680001583,7.91205400118386,22.20536549400324,28.03931544599642,45.631009191673606,0.0242192479840544,0.0416127565505713,1.0366974293975522,0.3398692386103193,10.51114262560778,0.7919445361505447,0.0,2.796137339055794,0.0191952265853593,0.7925608011444921,0.0,0.0,0.0,0.3855205935021745,0.1087851007002093,0.0,0.0,21.665621637681618,0.0147166188202427,0.0090766843482382,-52.398412137106526,-315100000.0,5049400000.0,-9153300000.0,11674800000.0,593350000.0,215050000.0,495050000.0,36.30404966433264,38.92062748770779,104.79278857410442,2.479062276306371,2.312398484028154,0.8588377237080234,0.0276864577969659,0.8192560819897134,1994-10-18,0.69,bmo,,2025-04-25,1994-09-30,0.1014492753623189,30.30875,355287.5
1994-06-30,AEP,USD,4904,1994-08-12,1994-08-12 00:00:00,1994,Q2,1348600000.0,430800000.0,917800000.0,0.6805576153,0,0.0,0.0,0.0,641400000.0,641400000.0,1072200000.0,0.0,0.0,210700000.0,480800000.0,0.3565178704,276400000.0,0.2049532849,-115400000.0,161000000.0,0.1193830639,57200000.0,103800000.0,0.0769687083,0.56,0.56,185357143,185357143,https://www.sec.gov/Archives/edgar/data/4904/000000490494000070/0000004904-94-000070-index.html,https://www.sec.gov/Archives/edgar/data/4904/,7.275684002099665,0.5599999995684007,0.4245857414839416,-0.5551445082426631,0.1742581886903597,27.02620421809156,27.02620421809156,27.02620421809156,28.892331384283366,5236339289.75,10559439289.75,12.611607152577072,3.8827964479830936,66.5354420552732,-50.88765101797862,1.0452818224872742,1.0452818224872742,7.829926805390776,21.96222814007903,134.17330736658195,-102.61845762633624,0.0198230088342796,-0.0196511330351385,1.0690488072661943,0.3452023359847361,11.071339434276206,0.8367732274236604,0.0,0.7589199614271939,0.0211407232943618,1.0664739884393064,0.0,0.0,0.0,2.307496823379924,0.1346581640219487,0.0,0.0,18.453459645429707,0.0123031976678989,0.0066908172079052,-52.6263776087658,-250700000.0,5009500000.0,-9219100000.0,11692200000.0,633250000.0,233750000.0,456800000.0,41.9034554352662,51.267409470752085,102.95264623955433,2.1477942347507564,1.7555012224938875,0.8741883116883117,0.0207206308014771,0.9797302497266048,1994-07-18,0.49,bmo,,2025-04-25,1994-06-30,0.142857142857143,29.81677419354839,368314.5161290322
1994-03-31,AEP,USD,4904,1994-05-16,1994-05-16 00:00:00,1994,Q1,1488200000.0,501600000.0,986600000.0,0.6629485284,0,0.0,0.0,0.0,656700000.0,656700000.0,1158300000.0,0.0,0.0,127100000.0,464200000.0,0.3119204408,329900000.0,0.2216771939,-104500000.0,225400000.0,0.1514581373,72400000.0,153000000.0,0.1028087623,0.83,0.83,184337349,184337349,https://www.sec.gov/Archives/edgar/data/4904/000000490494000047/0000004904-94-000047-index.html,https://www.sec.gov/Archives/edgar/data/4904/,8.073241847478235,0.8300000017901961,1.9024902001818416,1.3008758197992747,0.4063202623142855,26.92183665937389,26.92183665937389,26.92183665937389,27.960150387103592,5668373481.75,10747573481.75,9.26204817279412,3.80887883466604,16.163026751497007,23.637921108215178,1.1421954745904448,1.1421954745904448,7.221860960724365,23.152894187311503,30.646060683632733,44.8189052616764,0.0269918699769169,0.0423049047089195,1.0385677151550567,0.3333570486120094,10.941835415769065,0.8327558025498529,0.0,2.292156862745098,0.0195294118068281,0.7235294117647059,0.0,0.0,0.0,0.3162246934702024,0.0745195538234108,0.0,0.0,22.422428519190404,0.0157400643352252,0.0098957390112022,-52.80671580017135,-255800000.0,4962700000.0,-9224800000.0,11608700000.0,,,,38.61980916543475,39.85047846889952,75.50239234449761,2.3304102724710303,2.2584421431787485,1.1920152091254752,0.0308299917383682,0.601614380382567,1994-04-19,0.81,bmo,,2025-04-25,1994-03-31,0.0246913580246912,34.092063492063495,346426.98412698414
1993-12-31,AEP,USD,4904,1993-12-31,1993-12-30 19:00:00,1993,Q4,1330600000.0,0.0,1330600000.0,1.0,0,0.0,0.0,0.0,0.0,0.0,0.0,0.0,0.0,0.0,1330600000.0,1.0,1330600000.0,1.0,-1330600000.0,0.0,0.0,0.0,144700000.0,0.1087479333,0.79,0.79,184304091,184304091,,,7.219590150063462,0.7851155078266819,,,,,,,,6843210898.830001,,11.823101069160332,5.142951224131971,0.0,0.0,0.0,0.0,,,0.0,0.0,0.0211450446492507,,0.0,0.0,,0.0,0.0,0.0,0.0161594398060867,0.7642187601935038,0.0,0.0,0.0,0.0,,0.0,,,0.0,0.0,,,,,,,,,,0.0,0.0,0.0,0.0,0.0,0.0,,1994-01-19,0.78,bmo,,2025-04-25,1993-12-31,0.0128205128205128,37.13296875,309218.75
1993-09-30,AEP,USD,4904,1993-09-30,1993-09-29 20:00:00,1993,Q3,1406300000.0,0.0,1406300000.0,1.0,0,0.0,0.0,0.0,0.0,0.0,0.0,0.0,0.0,0.0,1406300000.0,1.0,1406300000.0,1.0,-1406300000.0,0.0,0.0,0.0,-10100000.0,-0.0071819669,-0.06,-0.06,168333333,168333333,,,8.354257442285657,-0.0600000001188118,,,,,,,,6480833320.5,,-160.4166663490099,4.6084287282229965,0.0,0.0,0.0,0.0,,,0.0,0.0,-0.0015584415615275,,0.0,0.0,,0.0,0.0,0.0,0.0155844155844155,-9.99999998019802,0.0,0.0,0.0,0.0,,0.0,,,0.0,0.0,,,,,,,,,,0.0,0.0,0.0,0.0,0.0,0.0,,1993-10-20,0.72,bmo,,2025-04-25,1993-09-30,0.0138888888888889,38.35390625,246671.875
1993-06-30,AEP,USD,4904,1993-06-30,1993-06-29 20:00:00,1993,Q2,1210400000.0,0.0,1210400000.0,1.0,0,0.0,0.0,0.0,0.0,0.0,0.0,0.0,0.0,0.0,1210400000.0,1.0,1210400000.0,1.0,-1210400000.0,0.0,0.0,0.0,86200000.0,0.0712161269,0.47,0.47,183404255,183404255,,,6.5996287817858965,0.4700000008178654,,,,,,,,6923510626.25,,20.079787199100927,5.720018693200595,0.0,0.0,0.0,0.0,,,0.0,0.0,0.0124503311474931,,0.0,0.0,,0.0,0.0,0.0,0.0158940397350993,1.2765957424593968,0.0,0.0,0.0,0.0,,0.0,,,0.0,0.0,,,,,,,,,,0.0,0.0,0.0,0.0,0.0,0.0,,1993-07-19,0.49,bmo,,2025-04-25,1993-06-30,-0.0408163265306122,36.26793650793651,240052.38095238092
1993-03-31,AEP,USD,4904,1993-03-31,1993-03-30 19:00:00,1993,Q1,1321500000.0,0.0,1321500000.0,1.0,0,0.0,0.0,0.0,0.0,0.0,0.0,0.0,0.0,0.0,1321500000.0,1.0,1321500000.0,1.0,-1321500000.0,0.0,0.0,0.0,133100000.0,0.1007188801,0.72,0.72,184861111,184861111,,,7.148610071915018,0.7200000004327574,,,,,,,,6817677773.68,,12.805555547858754,5.1590448533333335,0.0,0.0,0.0,0.0,,,0.0,0.0,0.0195227765844023,,0.0,0.0,,0.0,0.0,0.0,0.0162689804772234,0.8333333328324568,0.0,0.0,0.0,0.0,,0.0,,,0.0,0.0,,,,,,,,,,0.0,0.0,0.0,0.0,0.0,0.0,,1993-04-20,0.73,bmo,,2025-04-25,1993-03-31,-0.0136986301369863,34.74274193548387,283067.7419354839
1992-12-31,AEP,USD,4904,1992-12-31,1992-12-30 19:00:00,1992,Q4,1291900000.0,0.0,1291900000.0,1.0,0,0.0,0.0,0.0,0.0,0.0,0.0,0.0,0.0,0.0,1291900000.0,1.0,1291900000.0,1.0,-1291900000.0,0.0,0.0,0.0,155900000.0,0.1206749748,0.84,0.84,184615595,184615595,,,6.997783692109001,0.8444573710037876,,,,,,,,6116314662.35,,9.80807354449968,4.734356112973141,0.0,0.0,0.0,0.0,,,0.0,0.0,0.0254892052823358,,0.0,0.0,,0.0,0.0,0.0,0.0181104738907334,0.7105154393842207,0.0,0.0,0.0,0.0,,0.0,,,0.0,0.0,,,,,,,,,,0.0,0.0,0.0,0.0,0.0,0.0,,1992-12-30,,bmo,,2025-04-25,1992-12-31,,31.9846875,269065.625
1992-09-30,AEP,USD,4904,1992-09-30,1992-09-29 20:00:00,1992,Q3,1282000000.0,0.0,1282000000.0,1.0,0,0.0,0.0,0.0,0.0,0.0,0.0,0.0,0.0,0.0,1282000000.0,1.0,1282000000.0,1.0,-1282000000.0,0.0,0.0,0.0,107800000.0,0.0840873635,0.58,0.58,185862069,185862069,,,6.897588124879854,0.5799999998923934,,,,,,,,6133448277.0,,14.224137933673468,4.784281027301092,0.0,0.0,0.0,0.0,,,0.0,0.0,0.0175757575724967,,0.0,0.0,,0.0,0.0,0.0,0.0181818181818181,1.034482758812616,0.0,0.0,0.0,0.0,,0.0,,,0.0,0.0,,,,,,,,,,0.0,0.0,0.0,0.0,0.0,0.0,,1993-01-16,0.69,bmo,,2025-04-25,1992-09-30,0.2318840579710145,33.155,261984.375
1992-06-30,AEP,USD,4904,1992-06-30,1992-06-29 20:00:00,1992,Q2,1173500000.0,0.0,1173500000.0,1.0,0,0.0,0.0,0.0,0.0,0.0,0.0,0.0,0.0,0.0,1173500000.0,1.0,1173500000.0,1.0,-1173500000.0,0.0,0.0,0.0,74300000.0,0.06331487,0.4,0.4,185750000,185750000,,,6.317631224764469,0.4,,,,,,,,5921710000.0,,19.925,5.046195142735407,0.0,0.0,0.0,0.0,,,0.0,0.0,0.0125470514429109,,0.0,0.0,,0.0,0.0,0.0,0.0188205771643663,1.5,0.0,0.0,0.0,0.0,,0.0,,,0.0,0.0,,,,,,,,,,0.0,0.0,0.0,0.0,0.0,0.0,,1992-06-29,,bmo,,2025-04-25,1992-06-30,,31.68492063492064,265406.34920634923
1992-03-31,AEP,USD,4904,1992-03-31,1992-03-30 19:00:00,1992,Q1,1297200000.0,0.0,1297200000.0,1.0,0,0.0,0.0,0.0,0.0,0.0,0.0,0.0,0.0,0.0,1297200000.0,1.0,1297200000.0,1.0,-1297200000.0,0.0,0.0,0.0,130300000.0,0.1004471169,0.71,0.71,183521127,183521127,,,7.068395999987511,0.7099999990736762,,,,,,,,5643274655.25,,10.827464802858788,4.350350489708603,0.0,0.0,0.0,0.0,,,0.0,0.0,0.0230894308641845,,0.0,0.0,,0.0,0.0,0.0,0.0195121951219512,0.8450704236377591,0.0,0.0,0.0,0.0,,0.0,,,0.0,0.0,,,,,,,,,,0.0,0.0,0.0,0.0,0.0,0.0,,1992-03-30,,bmo,,2025-04-25,1992-03-31,,31.64555555555556,233903.17460317464
1991-12-31,AEP,USD,4904,1991-12-31,1991-12-30 19:00:00,1991,Q4,1272800000.0,0.0,1272800000.0,1.0,0,0.0,0.0,0.0,0.0,0.0,0.0,0.0,0.0,0.0,1272800000.0,1.0,1272800000.0,1.0,-1272800000.0,0.0,0.0,0.0,115000000.0,0.0903519799,0.63,0.63,183964267,183964267,,,6.918734930191634,0.6251213992552151,,,,,,,,6300776144.75,,13.697339445108696,4.950326952192017,0.0,0.0,0.0,0.0,,,0.0,0.0,0.0182517196862836,,0.0,0.0,,0.0,0.0,0.0,0.0175182481751824,0.9598135669565218,0.0,0.0,0.0,0.0,,0.0,,,0.0,0.0,,,,,,,,,,0.0,0.0,0.0,0.0,0.0,0.0,,1991-12-30,,bmo,,2025-04-25,1991-12-31,,31.61375,329650.0
1991-09-30,AEP,USD,4904,1991-09-30,1991-09-29 20:00:00,1991,Q3,1285800000.0,0.0,1285800000.0,1.0,0,0.0,0.0,0.0,0.0,0.0,0.0,0.0,0.0,0.0,1285800000.0,1.0,1285800000.0,1.0,-1285800000.0,0.0,0.0,0.0,136000000.0,0.1057707264,0.74,0.74,183783784,183783784,,,6.996264697651453,0.7399999991294117,,,,,,,,5629297303.92,,10.34797298514706,4.378050477461502,0.0,0.0,0.0,0.0,,,0.0,0.0,0.0241593208987728,,0.0,0.0,,0.0,0.0,0.0,0.019588638589618,0.8108108117647058,0.0,0.0,0.0,0.0,,0.0,,,0.0,0.0,,,,,,,,,,0.0,0.0,0.0,0.0,0.0,0.0,,1991-09-29,,bmo,,2025-04-25,1991-09-30,,29.58859375,246839.0625
1991-06-30,AEP,USD,4904,1991-06-30,1991-06-29 20:00:00,1991,Q2,1230600000.0,0.0,1230600000.0,1.0,0,0.0,0.0,0.0,0.0,0.0,0.0,0.0,0.0,0.0,1230600000.0,1.0,1230600000.0,1.0,-1230600000.0,0.0,0.0,0.0,101400000.0,0.0823988298,0.55,0.55,184363636,184363636,,,6.674852084171306,0.5500000010848126,,,,,,,,5278330898.679999,,13.01363633796844,4.28923362480091,0.0,0.0,0.0,0.0,,,0.0,0.0,0.0192106182705138,,0.0,0.0,,0.0,0.0,0.0,0.0209570380719524,1.0909090887573965,0.0,0.0,0.0,0.0,,0.0,,,0.0,0.0,,,,,,,,,,0.0,0.0,0.0,0.0,0.0,0.0,,1991-06-29,,bmo,,2025-04-25,1991-06-30,,29.0175,237681.25
1991-03-31,AEP,USD,4904,1991-03-31,1991-03-30 19:00:00,1991,Q1,1257400000.0,0.0,1257400000.0,1.0,0,0.0,0.0,0.0,0.0,0.0,0.0,0.0,0.0,0.0,1257400000.0,1.0,1257400000.0,1.0,-1257400000.0,0.0,0.0,0.0,145600000.0,0.1157944966,0.79,0.79,184303797,184303797,,,6.822431336018541,0.7900000020075549,,,,,,,,5368769606.61,,9.218354406953983,4.269738831406076,0.0,0.0,0.0,0.0,,,0.0,0.0,0.0271198078272418,,0.0,0.0,,0.0,0.0,0.0,0.0205973223480947,0.759493668956044,0.0,0.0,0.0,0.0,,0.0,,,0.0,0.0,,,,,,,,,,0.0,0.0,0.0,0.0,0.0,0.0,,1991-03-30,,bmo,,2025-04-25,1991-03-31,,28.10295081967213,298195.08196721313
1990-12-31,AEP,USD,4904,1990-12-31,1990-12-30 19:00:00,1990,Q4,1275900000.0,0.0,1275900000.0,1.0,0,0.0,0.0,0.0,0.0,0.0,0.0,0.0,0.0,0.0,1275900000.0,1.0,1275900000.0,1.0,-1275900000.0,0.0,0.0,0.0,110200000.0,0.0863704052,0.59,0.59,185874663,185874663,,,6.864302963120907,0.5928726283689348,,,,,,,,5204490564.0,,11.806920517241378,4.079074037150247,0.0,0.0,0.0,0.0,,,0.0,0.0,0.0211740224417476,,0.0,0.0,,0.0,0.0,0.0,0.0214285714285714,1.0120217586206897,0.0,0.0,0.0,0.0,,0.0,,,0.0,0.0,,,,,,,,,,0.0,0.0,0.0,0.0,0.0,0.0,,1990-12-30,,bmo,,2025-04-25,1990-12-31,,28.05296875,257229.6875
1990-09-30,AEP,USD,4904,1990-09-30,1990-09-29 20:00:00,1990,Q3,1332800000.0,0.0,1332800000.0,1.0,0,0.0,0.0,0.0,0.0,0.0,0.0,0.0,0.0,0.0,1332800000.0,1.0,1332800000.0,1.0,-1332800000.0,0.0,0.0,0.0,129100000.0,0.0968637455,0.7,0.7,184428571,184428571,,,7.226646027637442,0.700000001626646,,,,,,,,5025678559.75,,9.7321428345275,3.7707672267031818,0.0,0.0,0.0,0.0,,,0.0,0.0,0.0256880734541888,,0.0,0.0,,0.0,0.0,0.0,0.0220183486238532,0.8571428551510456,0.0,0.0,0.0,0.0,,0.0,,,0.0,0.0,,,,,,,,,,0.0,0.0,0.0,0.0,0.0,0.0,,1990-09-29,,bmo,,2025-04-25,1990-09-30,,27.94857142857143,260439.68253968252
1990-06-30,AEP,USD,4904,1990-06-30,1990-06-29 20:00:00,1990,Q2,1259900000.0,0.0,1259900000.0,1.0,0,0.0,0.0,0.0,0.0,0.0,0.0,0.0,0.0,0.0,1259900000.0,1.0,1259900000.0,1.0,-1259900000.0,0.0,0.0,0.0,112300000.0,0.0891340583,0.6,0.6,187166667,187166667,,,6.731433647851409,0.5999999989314336,,,,,,,,5568208343.25,,12.395833355409618,4.4195637298595125,0.0,0.0,0.0,0.0,,,0.0,0.0,0.0201680671909725,,0.0,0.0,,0.0,0.0,0.0,0.0201680672268907,1.0000000017809438,0.0,0.0,0.0,0.0,,0.0,,,0.0,0.0,,,,,,,,,,0.0,0.0,0.0,0.0,0.0,0.0,,1990-06-29,,bmo,,2025-04-25,1990-06-30,,29.614126984126987,308796.8253968254
1990-03-31,AEP,USD,4904,1990-03-31,1990-03-30 19:00:00,1990,Q1,1298900000.0,0.0,1298900000.0,1.0,0,0.0,0.0,0.0,0.0,0.0,0.0,0.0,0.0,0.0,1298900000.0,1.0,1298900000.0,1.0,-1298900000.0,0.0,0.0,0.0,144900000.0,0.1115559319,0.75,0.75,193200000,193200000,,,6.7230848861283645,0.75,,,,,,,,5869416000.0,,10.126666666666669,4.518758949880668,0.0,0.0,0.0,0.0,,,0.0,0.0,0.0246872942725477,,0.0,0.0,,0.0,0.0,0.0,0.0197498354180381,0.8,0.0,0.0,0.0,0.0,,0.0,,,0.0,0.0,,,,,,,,,,0.0,0.0,0.0,0.0,0.0,0.0,,1990-03-30,,bmo,,2025-04-25,1990-03-31,,30.724761904761905,298719.04761904763
1989-12-31,AEP,USD,4904,1989-12-31,1989-12-30 19:00:00,1989,Q4,400000.0,0.0,400000.0,1.0,0,0.0,0.0,0.0,0.0,0.0,0.0,0.0,0.0,0.0,400000.0,1.0,400000.0,1.0,-400000.0,0.0,0.0,0.0,0.0,0.0,0.0,0.0,193767269,193767269,,,0.0020643321344432,0.0,,,,,,,,6419509621.97,,0.0,16048.774054925,0.0,0.0,0.0,0.0,,,0.0,0.0,0.0,,0.0,0.0,,0.0,0.0,0.0,0.0181104738907334,0.0,0.0,0.0,0.0,0.0,,0.0,,,0.0,0.0,,,,,,,,,,0.0,0.0,0.0,0.0,0.0,0.0,,1989-12-30,,bmo,,2025-04-25,1989-12-31,,,
1989-09-30,AEP,USD,4904,1989-09-30,1989-09-29 20:00:00,1989,Q3,1297200000.0,0.0,1297200000.0,1.0,0,0.0,0.0,0.0,0.0,0.0,0.0,0.0,0.0,0.0,1297200000.0,1.0,1297200000.0,1.0,-1297200000.0,0.0,0.0,0.0,0.0,0.0,0.0,0.0,194026846,194026846,,,6.685672765097671,0.0,,,,,,,,5820805380.0,,0.0,4.487207354301573,0.0,0.0,0.0,0.0,,,0.0,0.0,0.0,,0.0,0.0,,0.0,0.0,0.0,0.02,0.0,0.0,0.0,0.0,0.0,,0.0,,,0.0,0.0,,,,,,,,,,0.0,0.0,0.0,0.0,0.0,0.0,,1989-12-30,,bmo,,2025-04-25,1989-09-30,,,
1989-06-30,AEP,USD,4904,1989-06-30,1989-06-29 20:00:00,1989,Q2,1197200000.0,0.0,1197200000.0,1.0,0,0.0,0.0,0.0,0.0,0.0,0.0,0.0,0.0,0.0,1197200000.0,1.0,1197200000.0,1.0,-1197200000.0,0.0,0.0,-129300000.0,129300000.0,0.1080020047,0.67,0.67,192985075,192985075,,,6.203588541756402,0.6699999987045631,,,,,,,,5355335831.25,,10.354477631960556,4.473217366563649,0.0,0.0,0.0,0.0,,,0.0,0.0,0.0241441440974617,,0.0,0.0,,0.0,0.0,0.0,0.0209009009009009,0.8656716434648104,0.0,0.0,0.0,0.0,,0.0,,,0.0,0.0,,,,,,,,,,0.0,0.0,0.0,0.0,0.0,0.0,,1989-06-29,,bmo,,2025-04-25,1989-06-30,,,
1989-03-31,AEP,USD,4904,1989-03-31,1989-03-30 19:00:00,1989,Q1,1263000000.0,0.0,1263000000.0,1.0,0,0.0,0.0,0.0,0.0,0.0,0.0,0.0,0.0,0.0,1263000000.0,1.0,1263000000.0,1.0,-1263000000.0,0.0,0.0,0.0,0.0,0.0,0.0,0.0,193535000,193535000,,,6.525951378303666,0.0,,,,,,,,5128677500.0,,0.0,4.060710609659541,0.0,0.0,0.0,0.0,,,0.0,0.0,0.0,,0.0,0.0,,0.0,0.0,0.0,0.0218867924528301,0.0,0.0,0.0,0.0,0.0,,0.0,,,0.0,0.0,,,,,,,,,,0.0,0.0,0.0,0.0,0.0,0.0,,1989-12-30,,bmo,,2025-04-25,1989-03-31,,,
1988-12-31,AEP,USD,4904,1988-12-31,1988-12-30 19:00:00,1988,Q4,1232000000.0,0.0,1232000000.0,1.0,0,0.0,0.0,0.0,0.0,0.0,0.0,0.0,0.0,0.0,1232000000.0,1.0,1232000000.0,1.0,-1232000000.0,0.0,0.0,0.0,0.0,0.0,0.0,0.0,193495895,193495895,,,6.367060138407587,0.0,,,,,,,,5272763138.75,,0.0,4.279840210024351,0.0,0.0,0.0,0.0,,,0.0,0.0,0.0,,0.0,0.0,,0.0,0.0,0.0,0.0217247706422018,0.0,0.0,0.0,0.0,0.0,,0.0,,,0.0,0.0,,,,,,,,,,0.0,0.0,0.0,0.0,0.0,0.0,,1988-12-30,,bmo,,2025-04-25,1988-12-31,,,
1988-09-30,AEP,USD,4904,1988-09-30,1988-09-29 20:00:00,1988,Q3,1286900000.0,0.0,1286900000.0,1.0,0,0.0,0.0,0.0,0.0,0.0,0.0,0.0,0.0,0.0,1286900000.0,1.0,1286900000.0,1.0,-1286900000.0,0.0,0.0,0.0,0.0,0.0,0.0,0.0,193535000,193535000,,,6.649443253158344,0.0,,,,,,,,5347372050.0,,0.0,4.155235099852359,0.0,0.0,0.0,0.0,,,0.0,0.0,0.0,,0.0,0.0,,0.0,0.0,0.0,0.0214259862468331,0.0,0.0,0.0,0.0,0.0,,0.0,,,0.0,0.0,,,,,,,,,,0.0,0.0,0.0,0.0,0.0,0.0,,1988-12-30,,bmo,,2025-04-25,1988-09-30,,,
1988-06-30,AEP,USD,4904,1988-06-30,1988-06-29 20:00:00,1988,Q2,1102600000.0,0.0,1102600000.0,1.0,0,0.0,0.0,0.0,0.0,0.0,0.0,0.0,0.0,0.0,1102600000.0,1.0,1102600000.0,1.0,-1102600000.0,0.0,0.0,0.0,0.0,0.0,0.0,0.0,193535000,193535000,,,5.697160720283153,0.0,,,,,,,,5589290800.0,,0.0,5.0691917286413934,0.0,0.0,0.0,0.0,,,0.0,0.0,0.0,,0.0,0.0,,0.0,0.0,0.0,0.0195637119113573,0.0,0.0,0.0,0.0,0.0,,0.0,,,0.0,0.0,,,,,,,,,,0.0,0.0,0.0,0.0,0.0,0.0,,1988-12-30,,bmo,,2025-04-25,1988-06-30,,,
1988-03-31,AEP,USD,4904,1988-03-31,1988-03-30 19:00:00,1988,Q1,1219300000.0,0.0,1219300000.0,1.0,0,0.0,0.0,0.0,0.0,0.0,0.0,0.0,0.0,0.0,1219300000.0,1.0,1219300000.0,1.0,-1219300000.0,0.0,0.0,0.0,0.0,0.0,0.0,0.0,193535000,193535000,,,6.300152427209548,0.0,,,,,,,,5250604550.0,,0.0,4.306245017633068,0.0,0.0,0.0,0.0,,,0.0,0.0,0.0,,0.0,0.0,,0.0,0.0,0.0,0.0208256542572797,0.0,0.0,0.0,0.0,0.0,,0.0,,,0.0,0.0,,,,,,,,,,0.0,0.0,0.0,0.0,0.0,0.0,,1988-12-30,,bmo,,2025-04-25,1988-03-31,,,
1987-12-31,AEP,USD,4904,1987-12-31,1987-12-30 19:00:00,1987,Q4,1149500000.0,0.0,1149500000.0,1.0,0,0.0,0.0,0.0,0.0,0.0,0.0,0.0,0.0,0.0,1149500000.0,1.0,1149500000.0,1.0,-1149500000.0,0.0,0.0,0.0,0.0,0.0,0.0,0.0,193402116,193402116,,,5.943575095114264,0.0,,,,,,,,5076805545.0,,0.0,4.416533749456286,0.0,0.0,0.0,0.0,,,0.0,0.0,0.0,,0.0,0.0,,0.0,0.0,0.0,0.0215238095238095,0.0,0.0,0.0,0.0,0.0,,0.0,,,0.0,0.0,,,,,,,,,,0.0,0.0,0.0,0.0,0.0,0.0,,1987-12-30,,bmo,,2025-04-25,1987-12-31,,,
1987-09-30,AEP,USD,4904,1987-09-30,1987-09-29 20:00:00,1987,Q3,1260900000.0,0.0,1260900000.0,1.0,0,0.0,0.0,0.0,0.0,0.0,0.0,0.0,0.0,0.0,1260900000.0,1.0,1260900000.0,1.0,-1260900000.0,0.0,0.0,0.0,0.0,0.0,0.0,0.0,193535000,193535000,,,6.515100627793422,0.0,,,,,,,,5322212500.0,,0.0,4.220963200888255,0.0,0.0,0.0,0.0,,,0.0,0.0,0.0,,0.0,0.0,,0.0,0.0,0.0,0.0234545454545454,0.0,0.0,0.0,0.0,0.0,,0.0,,,0.0,0.0,,,,,,,,,,0.0,0.0,0.0,0.0,0.0,0.0,,1987-12-30,,bmo,,2025-04-25,1987-09-30,,,
1987-06-30,AEP,USD,4904,1987-06-30,1987-06-29 20:00:00,1987,Q2,1143700000.0,0.0,1143700000.0,1.0,0,0.0,0.0,0.0,0.0,0.0,0.0,0.0,0.0,0.0,1143700000.0,1.0,1143700000.0,1.0,-1143700000.0,0.0,0.0,0.0,0.0,0.0,0.0,0.0,193535000,193535000,,,5.9095254088407785,0.0,,,,,,,,5322212500.0,,0.0,4.653503978315992,0.0,0.0,0.0,0.0,,,0.0,0.0,0.0,,0.0,0.0,,0.0,0.0,0.0,0.0205454545454545,0.0,0.0,0.0,0.0,0.0,,0.0,,,0.0,0.0,,,,,,,,,,0.0,0.0,0.0,0.0,0.0,0.0,,1987-12-30,,bmo,,2025-04-25,1987-06-30,,,
1987-03-31,AEP,USD,4904,1987-03-31,1987-03-30 19:00:00,1987,Q1,1233400000.0,0.0,1233400000.0,1.0,0,0.0,0.0,0.0,0.0,0.0,0.0,0.0,0.0,0.0,1233400000.0,1.0,1233400000.0,1.0,-1233400000.0,0.0,0.0,0.0,0.0,0.0,0.0,0.0,193535000,193535000,,,6.373007466349756,0.0,,,,,,,,5492523300.0,,0.0,4.453156559104913,0.0,0.0,0.0,0.0,,,0.0,0.0,0.0,,0.0,0.0,,0.0,0.0,0.0,0.0199083861874559,0.0,0.0,0.0,0.0,0.0,,0.0,,,0.0,0.0,,,,,,,,,,0.0,0.0,0.0,0.0,0.0,0.0,,1987-12-30,,bmo,,2025-04-25,1987-03-31,,,
1986-12-31,AEP,USD,4904,1986-12-31,1986-12-30 19:00:00,1986,Q4,1198600000.0,0.0,1198600000.0,1.0,0,0.0,0.0,0.0,0.0,0.0,0.0,0.0,0.0,0.0,1198600000.0,1.0,1198600000.0,1.0,-1198600000.0,0.0,0.0,0.0,0.0,0.0,0.0,0.0,193561393,193561393,,,6.192350558254145,0.0,,,,,,,,5322938307.5,,0.0,4.440963046470883,0.0,0.0,0.0,0.0,,,0.0,0.0,0.0,,0.0,0.0,,0.0,0.0,0.0,0.0205454545454545,0.0,0.0,0.0,0.0,0.0,,0.0,,,0.0,0.0,,,,,,,,,,0.0,0.0,0.0,0.0,0.0,0.0,,1986-12-30,,bmo,,2025-04-25,1986-12-31,,,
1986-09-30,AEP,USD,4904,1986-09-30,1986-09-29 20:00:00,1986,Q3,1210000000.0,0.0,1210000000.0,1.0,0,0.0,0.0,0.0,0.0,0.0,0.0,0.0,0.0,0.0,1210000000.0,1.0,1210000000.0,1.0,-1210000000.0,0.0,0.0,0.0,0.0,0.0,0.0,0.0,193535000,193535000,,,6.252099103521327,0.0,,,,,,,,5225445000.0,,0.0,4.318549586776859,0.0,0.0,0.0,0.0,,,0.0,0.0,0.0,,0.0,0.0,,0.0,0.0,0.0,0.0209259259259259,0.0,0.0,0.0,0.0,0.0,,0.0,,,0.0,0.0,,,,,,,,,,0.0,0.0,0.0,0.0,0.0,0.0,,1986-12-30,,bmo,,2025-04-25,1986-09-30,,,
1986-06-30,AEP,USD,4904,1986-06-30,1986-06-29 20:00:00,1986,Q2,1154600000.0,0.0,1154600000.0,1.0,0,0.0,0.0,0.0,0.0,0.0,0.0,0.0,0.0,0.0,1154600000.0,1.0,1154600000.0,1.0,-1154600000.0,0.0,0.0,0.0,0.0,0.0,0.0,0.0,193535000,193535000,,,5.965845971012995,0.0,,,,,,,,5153837050.0,,0.0,4.463742464922917,0.0,0.0,0.0,0.0,,,0.0,0.0,0.0,,0.0,0.0,,0.0,0.0,0.0,0.0212166729252722,0.0,0.0,0.0,0.0,0.0,,0.0,,,0.0,0.0,,,,,,,,,,0.0,0.0,0.0,0.0,0.0,0.0,,1986-12-30,,bmo,,2025-04-25,1986-06-30,,,
1986-03-31,AEP,USD,4904,1986-03-31,1986-03-30 19:00:00,1986,Q1,1280000000.0,0.0,1280000000.0,1.0,0,0.0,0.0,0.0,0.0,0.0,0.0,0.0,0.0,0.0,1280000000.0,1.0,1280000000.0,1.0,-1280000000.0,0.0,0.0,0.0,0.0,0.0,0.0,0.0,193535000,193535000,,,6.613790787196114,0.0,,,,,,,,5370596250.0,,0.0,4.1957783203125,0.0,0.0,0.0,0.0,,,0.0,0.0,0.0,,0.0,0.0,,0.0,0.0,0.0,0.0203603603603603,0.0,0.0,0.0,0.0,0.0,,0.0,,,0.0,0.0,,,,,,,,,,0.0,0.0,0.0,0.0,0.0,0.0,,1986-12-30,,bmo,,2025-04-25,1986-03-31,,,
1985-12-31,AEP,USD,4904,1985-12-31,1985-12-30 19:00:00,1985,Q4,1200700000.0,0.0,1200700000.0,1.0,0,0.0,0.0,0.0,0.0,0.0,0.0,0.0,0.0,0.0,1200700000.0,1.0,1200700000.0,1.0,-1200700000.0,0.0,0.0,0.0,0.0,0.0,0.0,0.0,192239941,192239941,,,6.245840452062977,0.0,,,,,,,,4542629805.83,,0.0,3.7833179027483967,0.0,0.0,0.0,0.0,,,0.0,0.0,0.0,,0.0,0.0,,0.0,0.0,0.0,0.0239102835378755,0.0,0.0,0.0,0.0,0.0,,0.0,,,0.0,0.0,,,,,,,,,,0.0,0.0,0.0,0.0,0.0,0.0,,1985-12-30,,bmo,,2025-04-25,1985-12-31,,,
1985-09-30,AEP,USD,4904,1985-09-30,1985-09-29 20:00:00,1985,Q3,1176000000.0,0.0,1176000000.0,1.0,0,0.0,0.0,0.0,0.0,0.0,0.0,0.0,0.0,0.0,1176000000.0,1.0,1176000000.0,1.0,-1176000000.0,0.0,0.0,0.0,0.0,0.0,0.0,0.0,191678000,191678000,,,6.135289391583802,0.0,,,,,,,,3977318500.0,,0.0,3.3820735544217686,0.0,0.0,0.0,0.0,,,0.0,0.0,0.0,,0.0,0.0,,0.0,0.0,0.0,0.0272289156626506,0.0,0.0,0.0,0.0,0.0,,0.0,,,0.0,0.0,,,,,,,,,,0.0,0.0,0.0,0.0,0.0,0.0,,1985-12-30,,bmo,,2025-04-25,1985-09-30,,,
