date,symbol,reportedCurrency,cik,fillingDate,acceptedDate,calendarYear,period,revenue,costOfRevenue,grossProfit,grossProfitRatio,researchAndDevelopmentExpenses,generalAndAdministrativeExpenses,sellingAndMarketingExpenses,sellingGeneralAndAdministrativeExpenses,otherExpenses,operatingExpenses,costAndExpenses,interestIncome,interestExpense,depreciationAndAmortization,ebitda,ebitdaratio,operatingIncome,operatingIncomeRatio,totalOtherIncomeExpensesNet,incomeBeforeTax,incomeBeforeTaxRatio,incomeTaxExpense,netIncome,netIncomeRatio,eps,epsdiluted,weightedAverageShsOut,weightedAverageShsOutDil,link,finalLink,revenuePerShare,netIncomePerShare,operatingCashFlowPerShare,freeCashFlowPerShare,cashPerShare,bookValuePerShare,tangibleBookValuePerShare,shareholdersEquityPerShare,interestDebtPerShare,marketCap,enterpriseValue,peRatio,priceToSalesRatio,pocfratio,pfcfRatio,pbRatio,ptbRatio,evToSales,enterpriseValueOverEBITDA,evToOperatingCashFlow,evToFreeCashFlow,earningsYield,freeCashFlowYield,debtToEquity,debtToAssets,netDebtToEBITDA,currentRatio,interestCoverage,incomeQuality,dividendYield,payoutRatio,salesGeneralAndAdministrativeToRevenue,researchAndDdevelopementToRevenue,intangiblesToTotalAssets,capexToOperatingCashFlow,capexToRevenue,capexToDepreciation,stockBasedCompensationToRevenue,grahamNumber,roic,returnOnTangibleAssets,grahamNetNet,workingCapital,tangibleAssetValue,netCurrentAssetValue,investedCapital,averageReceivables,averagePayables,averageInventory,daysSalesOutstanding,daysPayablesOutstanding,daysOfInventoryOnHand,receivablesTurnover,payablesTurnover,inventoryTurnover,roe,capexPerShare,report_date,epsEstimated,time,revenueEstimated,updatedFromDate,fiscalDateEnding,surprise(%),QuarterAvgPrice,QuarterAvgVolume
2024-12-31,AFL,USD,4977,2025-02-26,2025-02-26 12:26:15,2024,Q4,5498000000.0,0.0,5498000000.0,1.0,0,0.0,0.0,0.0,3363000000.0,3363000000.0,3363000000.0,0.0,50000000.0,0.0,2135000000.0,0.3883230266,2135000000.0,0.3883230266,0.0,2135000000.0,0.3883230266,233000000.0,1902000000.0,0.3459439796,3.41,3.37,557899000,565015000,https://www.sec.gov/Archives/edgar/data/4977/000000497725000047/0000004977-25-000047-index.htm,https://www.sec.gov/Archives/edgar/data/4977/000000497725000047/afl-20241231.htm,9.854830354598231,3.4092192314379486,0.5968822313716282,0.5968822313716282,128.155813148975,46.77907649950977,46.77907649950977,46.77907649950977,13.529330577756904,57709072560.0,58978072560.0,7.585314479495268,10.496375511094945,173.30051819819818,173.3005181981982,2.2112450210744115,2.2112450210744115,10.727186715169152,27.62438995784543,177.111329009009,177.111329009009,0.0329584225777063,0.0057703231957814,0.287301708943214,0.0637769423132538,0.5943793911007026,0.0,42.7,0.1750788643533123,0.0046266555353562,0.140378548895899,0.0,0.0,0.0,0.0,0.0,0.0,0.0,59.90244454693233,0.0103586872460705,0.016178146743106,-34.74777692736499,72277000000.0,26098000000.0,-19191000000.0,72664000000.0,796500000.0,0.0,0.0,12.7519097853765,0.0,0.0,7.057766367137355,0.0,0.0,0.0728791478274197,0.0,2025-02-05,1.62,amc,4329692563.0,2025-05-05,2024-12-31,-0.037037037037037,109.04296875,2031443.828125
2024-09-30,AFL,USD,4977,2024-11-01,2024-11-01 08:25:31,2024,Q3,3035000000.0,0.0,3035000000.0,1.0,0,0.0,0.0,0.0,2943000000.0,2943000000.0,2943000000.0,0.0,50000000.0,0.0,92000000.0,0.0303130148,92000000.0,0.0303130148,0.0,92000000.0,0.0303130148,185000000.0,-93000000.0,-0.0306425041,-0.17,-0.17,557899000,560414000,https://www.sec.gov/Archives/edgar/data/4977/000000497724000167/0000004977-24-000167-index.htm,https://www.sec.gov/Archives/edgar/data/4977/000000497724000167/afl-20240930.htm,5.440052769408083,-0.1666968393920763,2.2763976992251287,2.2763976992251287,132.4128560904393,44.506263678551136,44.506263678551136,44.506263678551136,14.389701361716009,62373108200.0,64739108200.0,-167.6696456989247,20.55127123558484,49.11268362204724,49.11268362204724,2.512005968586388,2.512005968586388,21.330842899505765,703.6859586956522,50.9756757480315,50.9756757480315,-0.0014910271859756,0.0203613389912802,0.3213048731373338,0.0621136388408775,25.717391304347824,164.50881057268722,1.84,-13.655913978494624,0.0043287886044454,-2.903225806451613,0.0,0.0,0.0,0.0,0.0,0.0,0.0,,-0.0012457470463739,-0.0007240622226374,-52.21106329281823,74233000000.0,24830000000.0,-28925000000.0,74654000000.0,847000000.0,0.0,-54254500000.0,24.13838550247117,0.0,0.0,3.7285012285012287,0.0,0.0,-0.0037454691904953,0.0,2024-10-30,1.69,amc,4299728640.0,2025-04-25,2024-09-30,0.2781065088757398,101.62984375,2293785.09375
2024-06-30,AFL,USD,4977,2024-08-01,2024-08-01 11:05:23,2024,Q2,5157000000.0,0.0,5157000000.0,1.0,0,0.0,0.0,0.0,3138000000.0,3138000000.0,3138000000.0,0.0,50000000.0,0.0,2019000000.0,0.3915066899,2019000000.0,0.3915066899,0.0,2019000000.0,0.3915066899,264000000.0,1755000000.0,0.3403141361,3.11,3.1,564573000,566838000,https://www.sec.gov/Archives/edgar/data/4977/000000497724000140/0000004977-24-000140-index.htm,https://www.sec.gov/Archives/edgar/data/4977/000000497724000140/afl-20240630.htm,9.134336923657347,3.1085439792551184,0.4516687833105727,0.4516687833105727,12.974407206862532,46.13575215251172,30.99156353562781,46.13575215251172,13.293232230375876,50280871380.0,51675871380.0,7.162517290598291,9.750023536940082,197.17988776470588,197.17988776470588,1.9303901170960187,1.9303901170960187,10.020529645142524,25.59478523031203,202.650476,202.650476,0.0349039297019438,0.0050715111532738,0.2862133834990594,0.0621218939053047,0.6909361069836553,1.641124586549063,40.38,0.1452991452991453,0.0054096118968254,0.1549857549857549,0.0,0.0,0.0712464376781161,0.0,0.0,0.0,0.0,56.805262327509546,0.0153189483607415,0.0157461240310077,-248.3797489430065,3489000000.0,17497000000.0,-85028000000.0,12437000000.0,959000000.0,0.0,-92387500000.0,15.357766143106458,0.0,0.0,5.860227272727273,0.0,0.0,0.0673782009444465,0.0,2024-07-31,1.6,amc,4101735612.0,2025-04-25,2024-06-30,0.14375,85.97380952380954,2224064.26984127
2024-03-31,AFL,USD,4977,2024-05-02,2024-05-02 11:24:13,2024,Q1,5437000000.0,0.0,5437000000.0,1.0,0,0.0,0.0,0.0,3267000000.0,3267000000.0,3267000000.0,0.0,47000000.0,0.0,2170000000.0,0.3991171602,2170000000.0,0.3991171602,0.0,2170000000.0,0.3991171602,291000000.0,1879000000.0,0.3455949972,3.27,3.25,574886000,577482000,https://www.sec.gov/Archives/edgar/data/4977/000000497724000086/0000004977-24-000086-index.htm,https://www.sec.gov/Archives/edgar/data/4977/000000497724000086/afl-20240331.htm,9.457527231485894,3.2684740974732382,1.4768145336640657,1.4768145336640657,11.115247196835549,40.9420302459966,25.601597534119808,40.9420302459966,13.886231357173422,48974538340.0,51812538340.0,6.516037565194252,9.007639937465514,57.684968598351,57.684968598351,2.0807468385945533,2.0807468385945533,9.529618970020232,23.876745778801844,61.02772478209658,61.02772478209658,0.0383668751904359,0.0173355386038744,0.3371712622679186,0.063710221251726,1.3078341013824886,1.8846600139243443,46.17021276595744,0.4518360830228845,0.005676419001033,0.1479510377860564,0.0,0.0,0.0707989467261809,0.0,0.0,0.0,0.0,54.87170692198876,0.0156251299322273,0.0162339625901766,-229.59595467623143,3812000000.0,14718000000.0,-92906000000.0,13049000000.0,519000000.0,0.0,-77355000000.0,17.182269633989332,0.0,0.0,5.237957610789981,0.0,0.0,0.0798317542592513,0.0,2024-05-01,1.58,amc,4139463649.0,2025-04-25,2024-03-31,0.0506329113924049,81.97950819672131,2276984.016393442
2023-12-31,AFL,USD,4977,2024-02-22,2024-02-22 14:34:09,2023,Q4,3857000000.0,0.0,3857000000.0,1.0,0,0.0,0.0,0.0,3567000000.0,3567000000.0,3567000000.0,0.0,47000000.0,0.0,290000000.0,0.0751879699,290000000.0,0.0751879699,0.0,290000000.0,0.0751879699,22000000.0,268000000.0,0.069484055,0.46,0.46,581876000,584881000,https://www.sec.gov/Archives/edgar/data/4977/000000497724000053/0000004977-24-000053-index.htm,https://www.sec.gov/Archives/edgar/data/4977/000000497724000053/afl-20231231.htm,6.628560036846339,0.4605792299390248,1.4315764870865957,1.4315764870865957,9.874956176229988,37.78296406794575,-141.46141102227966,37.78296406794575,12.777636472375558,48004770000.0,51086770000.0,44.780569029850746,12.446142079336273,57.628775510204086,57.62877551020408,2.18352376620423,2.18352376620423,13.245208711433756,176.16127586206898,61.32865546218488,61.32865546218488,0.0055827785447154,0.0173524422677163,0.3360473049806686,0.0564495178716056,10.627586206896552,3.31447963800905,6.170212765957447,3.1082089552238807,0.0049161781214658,0.8805970149253731,0.0,0.0,0.7969100994819603,0.0,0.0,0.0,0.0,19.787523623299524,0.0020828799701557,0.0100827689992475,-244.67240442980977,5115000000.0,-82313000000.0,-101568000000.0,109858000000.0,356000000.0,0.0,-43608000000.0,0.0,0.0,0.0,0.0,0.0,0.0,0.0121901296338412,0.0,2024-01-31,1.45,amc,4391883722.0,2025-04-25,2023-12-31,-0.1379310344827586,80.58333333333333,2388244.6825396824
2023-09-30,AFL,USD,4977,2023-11-02,2023-11-02 12:42:56,2023,Q3,5032000000.0,0.0,5032000000.0,1.0,0,0.0,0.0,0.0,3227000000.0,3227000000.0,3227000000.0,0.0,49000000.0,0.0,1805000000.0,0.3587042925,1805000000.0,0.3587042925,0.0,1805000000.0,0.3587042925,236000000.0,1569000000.0,0.3118044515,2.65,2.64,591246000,593596000,https://www.sec.gov/Archives/edgar/data/4977/000000497723000177/0000004977-23-000177-index.htm,https://www.sec.gov/Archives/edgar/data/4977/000000497723000177/afl-20230930.htm,8.510839819635143,2.6537177418536446,2.1581541355036653,2.1581541355036653,121.55853908525386,38.3410627725177,23.506290105979577,38.3410627725177,11.856316998339102,45378130500.0,46837130500.0,7.230422323135755,9.017911466613672,35.56279819749216,35.562798197492164,2.001770281000485,2.001770281000485,9.3078558227345,25.948548753462603,36.70621512539185,36.70621512539185,0.0345761269296891,0.0281192721238262,0.3070713308924081,0.0556385929294786,0.8083102493074792,128.90448791714616,36.83673469387755,0.8132568514977693,0.0052668542614376,0.1523263224984066,0.0,0.0,0.0701057460974654,0.0,0.0,0.0,0.0,47.84655752216115,0.0140598956933168,0.0134863331614234,-58.22111270097387,111149000000.0,13898000000.0,9576000000.0,120365000000.0,733500000.0,0.0,10188000000.0,12.73449920508744,0.0,0.0,7.067415730337078,0.0,0.0,0.0692134633199523,0.0,2023-11-01,1.44,amc,4329250000.0,2025-04-25,2023-09-30,0.2777777777777779,74.23396825396826,2196704.698412698
2023-06-30,AFL,USD,4977,2023-08-02,2023-08-02 11:32:00,2023,Q2,5173000000.0,0.0,5173000000.0,1.0,0,0.0,0.0,0.0,3348000000.0,3348000000.0,3348000000.0,0.0,51000000.0,0.0,1825000000.0,0.3527933501,1825000000.0,0.3527933501,0.0,1825000000.0,0.3527933501,191000000.0,1634000000.0,0.315870868,2.72,2.71,600742000,602929000,https://www.sec.gov/Archives/edgar/data/4977/000000497723000149/0000004977-23-000149-index.htm,https://www.sec.gov/Archives/edgar/data/4977/000000497723000149/afl-20230630.htm,8.611017708100983,2.719969637548232,0.7357567807811007,0.7357567807811007,131.8785768266577,34.02292498277131,19.274497205123,34.02292498277131,11.881972627184382,41931791600.0,44298791600.0,6.415512790697675,8.105894374637542,94.86830678733033,94.86830678733033,2.051557884436616,2.051557884436616,8.56346251691475,24.273310465753426,100.2235104072398,100.2235104072398,0.0389680463832124,0.0105409280914197,0.3467390772542688,0.0542541301119225,1.296986301369863,341.74344023323613,35.78431372549019,0.2705018359853121,0.0057951256249208,0.1487148102815177,0.0,0.0,0.0678272319446358,0.0,0.0,0.0,0.0,45.63090801209944,0.0139211927582534,0.013419181052182,-26.337013226975973,116875000000.0,11579000000.0,7031000000.0,126235000000.0,772000000.0,0.0,11042000000.0,13.135511308718346,0.0,0.0,6.851655629139072,0.0,0.0,0.0799452027985713,0.0,2023-08-01,1.42,amc,4396750000.0,2025-04-25,2023-06-30,0.1126760563380282,66.92935483870967,2329642.4032258065
2023-03-31,AFL,USD,4977,2023-05-01,2023-05-01 16:49:19,2023,Q1,4831000000.0,0.0,4831000000.0,1.0,0,0.0,0.0,0.0,3489000000.0,3489000000.0,3489000000.0,0.0,48000000.0,0.0,1342000000.0,0.2777892776,1342000000.0,0.2777892776,0.0,1342000000.0,0.2777892776,154000000.0,1188000000.0,0.2459118195,1.94,1.93,611205000,614000000,https://www.sec.gov/Archives/edgar/data/4977/000000497723000090/0000004977-23-000090-index.htm,https://www.sec.gov/Archives/edgar/data/4977/000000497723000090/afl-20230331.htm,7.904058376485795,1.9437013767884752,1.4561399203213323,1.4561399203213323,127.58894315327916,32.3688451501542,17.206992743842083,32.3688451501542,12.218486432539,39434946600.0,43045946600.0,8.298599873737373,8.16289517698199,44.308928764044936,44.30892876404494,1.993274696724626,1.993274696724626,8.91035947008901,32.07596616989568,48.36623213483146,48.36623213483146,0.0301255638063929,0.0225688146361024,0.3750505458956732,0.054976808974112,2.6907600596125185,187.46367851622875,27.95833333333333,0.7491582491582491,0.0062888382356779,0.2087542087542087,0.0,0.0,0.0686617370300668,0.0,0.0,0.0,0.0,37.62440431258245,0.0098044070314434,0.0094511491738199,-65.6723194345596,120642000000.0,10517000000.0,6107000000.0,130437000000.0,718000000.0,0.0,-7146500000.0,14.69882012005796,0.0,0.0,6.1229404309252216,0.0,0.0,0.0600485240598463,0.0,2023-04-26,1.4,amc,4588610000.0,2025-04-25,2023-03-31,0.1071428571428572,68.45661290322582,2748038.870967742
2022-12-31,AFL,USD,4977,2023-02-24,2023-02-23 20:48:23,2022,Q4,4022000000.0,0.0,4022000000.0,1.0,0,0.0,0.0,0.0,3498000000.0,3498000000.0,3498000000.0,0.0,55000000.0,0.0,524000000.0,0.1302834411,524000000.0,0.1302834411,0.0,524000000.0,0.1302834411,339000000.0,185000000.0,0.0459970164,0.32,0.31,619845000,622994000,https://www.sec.gov/Archives/edgar/data/4977/000000497723000055/0000004977-23-000055-index.htm,https://www.sec.gov/Archives/edgar/data/4977/000000497723000055/afl-20221231.htm,6.488718953932032,0.2984617122022441,1.6665456686752331,1.6665456686752331,128.55471932499253,32.491993966233494,18.20132452467956,32.491993966233494,12.094959223676886,44591649300.0,48090649300.0,60.25898554054054,11.086934186971655,43.167133881897385,43.167133881897385,2.214083877855015,2.214083877855015,11.956899378418695,91.77604828244274,46.55435556631171,46.55435556631171,0.0041487588574123,0.0231657724308483,0.3695134061569017,0.0564909137834186,6.677480916030534,61.9837962962963,9.527272727272727,5.583783783783784,0.0053597479293056,1.2918918918918918,0.0,0.0,0.0672395208671757,0.0,0.0,0.0,0.0,14.771471267974908,0.0010544134326571,0.0015055338541666,-56.53550484395292,79035000000.0,11282000000.0,-31267000000.0,88423000000.0,651000000.0,0.0,-7366500000.0,14.477871705619096,0.0,0.0,6.216383307573416,0.0,0.0,0.0091857000993048,0.0,2023-02-01,1.21,amc,4497201144.0,2025-04-25,2022-12-31,0.0661157024793389,66.95063492063493,2634461.285714286
2022-09-30,AFL,USD,4977,2022-11-02,2022-11-01 18:08:54,2022,Q3,4711000000.0,0.0,4711000000.0,1.0,0,0.0,0.0,0.0,3382000000.0,3382000000.0,3382000000.0,0.0,59000000.0,0.0,1329000000.0,0.28210571,1329000000.0,0.28210571,0.0,1329000000.0,0.28210571,-452000000.0,1781000000.0,0.3780513691,2.54,2.53,629350000,631946000,https://www.sec.gov/Archives/edgar/data/4977/000000497722000145/0000004977-22-000145-index.htm,https://www.sec.gov/Archives/edgar/data/4977/000000497722000145/afl-20220930.htm,7.485500913641058,2.829903869071264,1.709700484626996,1.709700484626996,124.49829188845636,38.37610232779852,25.4182887105744,38.37610232779852,12.039405736076905,35369470000.0,38177470000.0,4.964832959011791,7.507847590745064,32.87125464684015,32.87125464684015,1.464453047366678,1.464453047366678,8.103899384419444,28.726463506395785,35.48092007434944,35.48092007434944,0.0503541613713748,0.0304217168083095,0.3112785690626035,0.0586885245901639,2.1128668171557563,41.84745762711864,22.52542372881356,0.6041549691184728,0.0068420589847685,0.1358787198203256,0.0,0.0,0.0636612021857923,0.0,0.0,0.0,0.0,49.43192602245552,0.0104899841560598,0.0148484722164325,-45.85008341940097,77120000000.0,15997000000.0,-24940000000.0,85763000000.0,671000000.0,0.0,-7766500000.0,12.513266822330715,0.0,0.0,7.19236641221374,0.0,0.0,0.0737413050679032,0.0,2022-10-31,1.22,amc,4620323761.0,2025-04-25,2022-09-30,0.0081967213114754,58.8490625,2478818.015625
2022-06-30,AFL,USD,4977,2022-08-02,2022-08-02 14:57:55,2022,Q2,5332000000.0,0.0,5332000000.0,1.0,0,0.0,0.0,0.0,3624000000.0,3624000000.0,3624000000.0,0.0,55000000.0,0.0,1708000000.0,0.3203300825,1708000000.0,0.3203300825,0.0,1708000000.0,0.3203300825,314000000.0,1394000000.0,0.2614403601,2.17,2.16,640707000,643243000,https://www.sec.gov/Archives/edgar/data/4977/000000497722000125/0000004977-22-000125-index.htm,https://www.sec.gov/Archives/edgar/data/4977/000000497722000125/afl-20220630.htm,8.322056727958334,2.175721507647021,0.795995673529398,0.795995673529398,132.0478783593749,41.18419183807888,27.983149864134464,41.18419183807888,11.660556229290457,35450318310.0,37693318310.0,6.357661102941177,6.648596832333083,69.51042805882352,69.51042805882354,1.3434766479705915,1.3434766479705915,7.069264499249813,22.06868753512881,73.9084672745098,73.9084672745098,0.0393226370440452,0.0143863306258701,0.2810474855042256,0.0546785716918948,1.313231850117096,37.49054945054945,31.05454545454545,0.3658536585365853,0.0069957058729721,0.1779053084648493,0.0,0.0,0.0623612944134366,0.0,0.0,0.0,0.0,44.90122458281405,0.0076335459847219,0.0109616186080159,-43.91593973532363,83016000000.0,17929000000.0,-23951000000.0,91986000000.0,708500000.0,0.0,-7572000000.0,11.5960240060015,0.0,0.0,7.761280931586608,0.0,0.0,0.052829044605298,0.0,2022-08-01,1.29,amc,4795608511.0,2025-04-25,2022-06-30,0.131782945736434,59.023870967741935,2757838.14516129
2022-03-31,AFL,USD,4977,2022-04-29,2022-04-29 11:26:44,2022,Q1,5148000000.0,0.0,5148000000.0,1.0,0,0.0,0.0,0.0,3854000000.0,3854000000.0,3854000000.0,0.0,56000000.0,0.0,1294000000.0,0.2513597514,1294000000.0,0.2513597514,0.0,1294000000.0,0.2513597514,247000000.0,1047000000.0,0.2033799534,1.59,1.58,649753000,652827000,https://www.sec.gov/Archives/edgar/data/4977/000000497722000076/0000004977-22-000076-index.htm,https://www.sec.gov/Archives/edgar/data/4977/000000497722000076/afl-20220331.htm,7.923010744082752,1.6113815557604196,1.939198433866408,1.939198433866408,145.03973048219862,45.44342234664557,31.46580315904659,45.44342234664557,12.04149884648474,41837595670.0,45330595670.0,9.98987480181471,8.126961085858586,33.20444100793651,33.20444100793651,1.4169267338368274,1.4169267338368274,8.805477014374514,35.03137223338485,35.97666323015873,35.97666323015873,0.0250253386513498,0.0301164533913093,0.2630812476716226,0.0528270065149681,2.699381761978361,27.11104767342278,23.107142857142858,1.2034383954154728,0.0059754867839899,0.2387774594078319,0.0,0.0,0.0617629857323558,0.0,0.0,0.0,0.0,40.59064650261621,0.0051309193019597,0.0075889362442376,-40.45999018088412,91467000000.0,20445000000.0,-22549000000.0,101087000000.0,711500000.0,0.0,-7305500000.0,12.762237762237762,0.0,0.0,7.052054794520548,0.0,0.0,0.0354590713584177,0.0,2022-04-27,1.37,amc,5134589869.0,2025-04-25,2022-03-31,0.0364963503649633,62.60758064516129,3314712.7258064514
2021-12-31,AFL,USD,4977,2022-02-23,2022-02-23 17:18:23,2021,Q4,5387000000.0,0.0,5387000000.0,1.0,0,0.0,0.0,0.0,4155000000.0,4155000000.0,4155000000.0,0.0,57000000.0,0.0,1232000000.0,0.2286987191,1232000000.0,0.2286987191,0.0,1232000000.0,0.2286987191,193000000.0,1039000000.0,0.1928717282,1.58,1.57,659100000,662512000,https://www.sec.gov/Archives/edgar/data/4977/000000497722000058/0000004977-22-000058-index.htm,https://www.sec.gov/Archives/edgar/data/4977/000000497722000058/afl-20211231.htm,8.17326657563344,1.576392049764831,1.3199817933545743,1.3199817933545743,157.40707024730693,50.45213169473524,35.59399180700956,50.45213169473524,12.15748748293127,38484849000.0,41389849000.0,9.260069538017325,7.144022461481344,44.235458620689656,44.235458620689656,1.1573346464980605,1.1573346464980605,7.683283645813996,33.59565665584416,47.57453908045977,47.57453908045977,0.0269976374338898,0.0226062989099944,0.2392566084263074,0.0505008188292645,2.3579545454545454,24.07006222631943,21.61403508771929,0.8373435996150145,0.0054047243371021,0.2001924927815206,0.0,0.0,0.0621612014573891,0.0,0.0,0.0,0.0,42.30221784006779,0.0046604885663278,0.0070321964954077,-36.06470945228342,100101000000.0,23460000000.0,-19849000000.0,110432000000.0,740000000.0,0.0,-8061000000.0,11.577872656395026,0.0,0.0,7.773448773448774,0.0,0.0,0.0312453011758337,0.0,2022-02-02,1.27,amc,5232162576.0,2025-04-25,2021-12-31,0.0078740157480315,56.03921875,2959053.421875
2021-09-30,AFL,USD,4977,2021-10-28,2021-10-28 13:11:26,2021,Q3,5263000000.0,0.0,5263000000.0,1.0,0,0.0,0.0,0.0,4150000000.0,4150000000.0,4150000000.0,0.0,57000000.0,0.0,1113000000.0,0.2114763443,1113000000.0,0.2114763443,0.0,1113000000.0,0.2114763443,225000000.0,888000000.0,0.1687250618,1.33,1.32,668762000,671925000,https://www.sec.gov/Archives/edgar/data/4977/000000497721000145/0000004977-21-000145-index.htm,https://www.sec.gov/Archives/edgar/data/4977/000000497721000145/afl-20210930.htm,7.86976532757543,1.3278266408677526,2.7707914026215605,2.7707914026215605,159.89245800449189,50.17031470089509,35.644967865997174,50.17031470089509,12.146324103343192,34862563060.0,36720563060.0,9.814910771396397,6.624085703971119,18.81411929843497,18.81411929843497,1.0390606539103482,1.0390606539103482,6.977116294888846,32.99241964061096,19.816817625472208,19.816817625472208,0.0254714490862795,0.0531515711226081,0.2404029566046733,0.0502250976045629,1.669362084456424,23.53441118636661,19.526315789473685,2.0867117117117115,0.0062244419501381,0.2443693693693693,0.0,0.0,0.0604868085954283,0.0,0.0,0.0,0.0,38.715543518240445,0.0038865886431078,0.0058853548776204,-35.64459404092936,103140000000.0,23838000000.0,-19328000000.0,113396000000.0,787500000.0,0.0,-8290000000.0,13.458103743112291,0.0,0.0,6.687420584498094,0.0,0.0,0.0264663805436337,0.0,2021-10-27,1.32,amc,5251400000.0,2025-04-25,2021-09-30,0.159090909090909,54.66890625,2974754.125
2021-06-30,AFL,USD,4977,2021-07-29,2021-07-29 14:12:29,2021,Q2,5511000000.0,0.0,5511000000.0,1.0,0,0.0,0.0,0.0,4138000000.0,4138000000.0,4138000000.0,0.0,62000000.0,0.0,1373000000.0,0.2491380875,1373000000.0,0.2491380875,0.0,1373000000.0,0.2491380875,268000000.0,1105000000.0,0.2005080748,1.63,1.62,678050000,680920000,https://www.sec.gov/Archives/edgar/data/4977/000000497721000123/0000004977-21-000123-index.htm,https://www.sec.gov/Archives/edgar/data/4977/000000497721000123/afl-20210630.htm,8.12771919474965,1.6296733279256692,1.4187744266647002,1.4187744266647002,158.91600914386845,49.75296807020131,35.285008480200574,49.75296807020131,12.068431531597964,36384163000.0,39036163000.0,8.23171108597285,6.60209816730176,37.82137525987526,37.82137525987526,1.078528620127464,1.078528620127464,7.083317546724732,28.431291332847778,40.57813201663202,40.57813201663202,0.0303703564652566,0.026440075040341,0.2407292129835482,0.050287320734154,1.931536780772032,24.38575600988542,22.14516129032258,0.8705882352941177,0.0057992264381621,0.1909502262443438,0.0,0.0,0.0607460431476481,0.0,0.0,0.0,0.0,42.71211085401601,0.0047772834766518,0.0072849777824659,-34.49598112233611,104090000000.0,23925000000.0,-19216000000.0,114463000000.0,782500000.0,0.0,-3977000000.0,12.86880783886772,0.0,0.0,6.993654822335025,0.0,0.0,0.0327552986512524,0.0,2021-07-28,1.27,amc,5564000000.0,2025-04-25,2021-06-30,0.2519685039370079,54.52730158730159,3152703.253968254
2021-03-31,AFL,USD,4977,2021-04-29,2021-04-29 16:28:35,2021,Q1,5795000000.0,0.0,5795000000.0,1.0,0,0.0,0.0,0.0,4192000000.0,4192000000.0,4192000000.0,0.0,62000000.0,0.0,1603000000.0,0.2766177739,1603000000.0,0.2766177739,0.0,1603000000.0,0.2766177739,310000000.0,1293000000.0,0.2231233822,1.88,1.87,688938000,691940000,https://www.sec.gov/Archives/edgar/data/4977/000000497721000063/0000004977-21-000063-index.htm,https://www.sec.gov/Archives/edgar/data/4977/000000497721000063/afl-20210331.htm,8.411497115850773,1.876801686073348,1.9827618740728483,1.9827618740728483,153.4738975060165,46.59780705956124,32.32221186812166,46.59780705956124,11.829801810903158,35259846840.0,38357846840.0,6.817449118329466,6.084529221742882,25.812479385065885,25.812479385065885,1.098334948135688,1.098334948135688,6.619128013805004,23.92878779787898,28.08041496339678,28.08041496339678,0.0366706073871306,0.0387409510369841,0.2519390711148491,0.0511390580246211,1.932626325639426,24.48528735632184,25.85483870967742,1.0564578499613302,0.0062110309495604,0.1693735498839907,0.0,0.0,0.0621850439752903,0.0,0.0,0.0,0.0,44.35914747012012,0.0056828919898912,0.0087175199902913,-28.64880439168692,102161000000.0,22268000000.0,-19543000000.0,112574000000.0,786500000.0,0.0,0.0,12.06729939603106,0.0,0.0,7.458172458172458,0.0,0.0,0.0402766096626483,0.0,2021-04-28,1.21,amc,5506640000.0,2025-04-25,2021-03-31,0.2644628099173554,47.98,3893114.426229508
2020-12-31,AFL,USD,4977,2021-02-23,2021-02-23 17:12:59,2020,Q4,6003000000.0,0.0,6003000000.0,1.0,0,0.0,0.0,0.0,4786000000.0,4786000000.0,4786000000.0,0.0,61000000.0,0.0,1217000000.0,0.2027319673,1217000000.0,0.2027319673,0.0,1217000000.0,0.2027319673,265000000.0,952000000.0,0.158587373,1.38,1.38,688938000,691940000,https://www.sec.gov/Archives/edgar/data/4977/000000497721000047/0000004977-21-000047-index.htm,https://www.sec.gov/Archives/edgar/data/4977/000000497721000047/afl-20201231.htm,8.713411076178117,1.3818369722674608,1.969698289250992,1.969698289250992,161.15093085299404,48.71120478185265,33.16553884384371,48.71120478185265,11.554015020219529,30637072860.0,33395072860.0,8.04544980567227,5.103626996501749,22.57706179808401,22.57706179808401,0.9129316386066332,0.9129316386066332,5.56306394469432,27.440487148726376,24.60948626381724,24.60948626381724,0.0310734646338534,0.0442927431808183,0.2353765010876367,0.0478477884254267,2.266228430566968,23.99034541943789,19.950819672131143,1.425420168067227,0.0061689966552503,0.1985294117647058,0.0,0.0,0.0648752771282846,0.0,0.0,0.0,0.0,38.91652905839946,0.0039768075258576,0.0061667616727988,-28.89519811652137,107158000000.0,22849000000.0,-19708000000.0,118469000000.0,810000000.0,0.0,0.0,11.934032983508246,0.0,0.0,7.541457286432161,0.0,0.0,0.028367948985369,0.0,2021-02-03,1.05,amc,5454700000.0,2025-04-25,2020-12-31,0.019047619047619,40.9378125,3806785.765625
2020-09-30,AFL,USD,4977,2020-10-29,2020-10-29 16:50:51,2020,Q3,5627000000.0,0.0,5627000000.0,1.0,0,0.0,0.0,0.0,4474000000.0,4474000000.0,4474000000.0,0.0,63000000.0,0.0,1153000000.0,0.2049049227,1153000000.0,0.2049049227,0.0,1153000000.0,0.2049049227,-1303000000.0,2456000000.0,0.4364670339,3.45,3.44,711698000,713793000,https://www.sec.gov/Archives/edgar/data/4977/000000497720000130/0000004977-20-000130-index.htm,https://www.sec.gov/Archives/edgar/data/4977/000000497720000130/afl-20200930.htm,7.90644346337913,3.450901927502957,2.8101807227222784,2.8101807227222784,152.72067646670357,45.63592984664844,31.136802407762843,45.63592984664844,11.083352770416663,25870222300.0,28132222300.0,2.6333695337947884,4.597515958770215,12.93511115,12.93511115,0.7965215154407463,0.7965215154407463,4.999506362182335,24.39915203816132,14.06611115,14.06611115,0.0949354037827498,0.0773089607351383,0.2409249053234397,0.0486160728153831,1.9618386816999136,25.599579242636747,18.3015873015873,0.8143322475570033,0.0074216602305732,0.0781758957654723,0.0,0.0,0.0641110869497685,0.0,0.0,0.0,0.0,59.52659205012285,0.0105109539033043,0.016304203510449,-26.93136695620895,105237000000.0,22160000000.0,-18961000000.0,116140000000.0,859000000.0,0.0,0.0,13.17931402168118,0.0,0.0,6.828883495145631,0.0,0.0,0.075618091690015,0.0,2020-10-27,1.12,amc,4646115107.0,2025-04-25,2020-09-30,0.2410714285714283,36.415625,3518713.734375
2020-06-30,AFL,USD,4977,2020-07-29,2020-07-29 11:54:05,2020,Q2,5364000000.0,0.0,5364000000.0,1.0,0,0.0,0.0,0.0,4294000000.0,4294000000.0,4294000000.0,0.0,63000000.0,0.0,1070000000.0,0.1994780015,1070000000.0,0.1994780015,0.0,1070000000.0,0.1994780015,265000000.0,805000000.0,0.1500745712,1.12,1.12,717889000,719764000,https://www.sec.gov/Archives/edgar/data/4977/000000497720000104/0000004977-20-000104-index.htm,https://www.sec.gov/Archives/edgar/data/4977/000000497720000104/afl6302010q.htm,7.471907216853859,1.1213432717314236,1.6534589609257142,1.6534589609257142,146.9405437330841,40.98126590601054,26.742295814534003,40.98126590601054,10.91255054750804,25865540670.0,28108540670.0,8.032776605590064,4.82206201901566,21.79068295703454,21.79068295703454,0.879182211760707,0.879182211760707,5.240220109992543,26.269664177570093,23.680320699241783,23.680320699241783,0.0311224888074222,0.0458911729371555,0.2641400407885792,0.0494694023057286,2.0962616822429907,20.34831675592961,16.984126984126984,1.47636815920398,0.0074616650184254,0.239751552795031,0.0,0.0,0.0650722211258729,0.0,0.0,0.0,0.0,32.15534952059578,0.003562672048293,0.0054812242535662,-29.962152923362805,101153000000.0,19198000000.0,-21286000000.0,111959000000.0,853500000.0,0.0,0.0,15.0,0.0,0.0,6.0,0.0,0.0,0.0273623385452073,0.0,2020-07-28,1.07,amc,3934757812.0,2025-04-25,2020-06-30,0.1962616822429906,36.12603174603175,4182208.888888889
2020-03-31,AFL,USD,4977,2020-04-30,2020-04-30 12:15:03,2020,Q1,5122000000.0,0.0,5122000000.0,1.0,0,0.0,0.0,0.0,4402000000.0,4402000000.0,4402000000.0,0.0,55000000.0,0.0,720000000.0,0.1405700898,720000000.0,0.1405700898,0.0,720000000.0,0.1405700898,154000000.0,566000000.0,0.1105037095,0.78,0.78,724366000,727512000,https://www.sec.gov/Archives/edgar/data/4977/000000497720000056/0000004977-20-000056-index.htm,https://www.sec.gov/Archives/edgar/data/4977/000000497720000056/afl3312010q.htm,7.071011063467916,0.7813729523472941,1.952051863284583,1.952051863284583,138.65366403171876,36.448425243592325,22.416844523348693,36.448425243592325,9.40546629742423,24802291840.0,27412291840.0,10.95507590106007,4.842306099180008,17.54051756718529,17.54051756718529,0.939409584122415,0.939409584122415,5.351872674736431,38.07262755555555,19.386345007072137,19.386345007072137,0.0228204717391148,0.0570108604931244,0.2559654571623362,0.0445731321232587,3.625,21.96290672451193,13.090909090909092,2.498233215547703,0.0078621766592356,0.3445229681978798,0.0,0.0,0.0670377796538623,0.0,0.0,0.0,0.0,25.313944910313683,0.0026028852477109,0.0040013573509034,-33.36469409110864,96639000000.0,16238000000.0,-23965000000.0,107389000000.0,820500000.0,0.0,0.0,14.285435376805935,0.0,0.0,6.300123001230013,0.0,0.0,0.0214377698659192,0.0,2020-04-29,1.11,amc,4291818181.0,2025-04-25,2020-03-31,0.0900900900900899,45.70258064516129,4671220.467741936
2019-12-31,AFL,USD,4977,2020-02-21,2020-02-21 16:32:04,2019,Q4,5569000000.0,0.0,5569000000.0,1.0,0,0.0,0.0,0.0,4512000000.0,4512000000.0,4512000000.0,0.0,57000000.0,0.0,1057000000.0,0.1898006823,1057000000.0,0.1898006823,0.0,1057000000.0,0.1898006823,276000000.0,781000000.0,0.1402406177,1.07,1.06,733358000,737463000,https://www.sec.gov/Archives/edgar/data/4977/000000497720000044/0000004977-20-000044-index.htm,https://www.sec.gov/Archives/edgar/data/4977/000000497720000044/afl12311910k.htm,7.593835480079306,1.064964178477633,1.6253998729133656,1.6253998729133656,131.12013505000286,39.48821721451188,25.67777265673791,39.48821721451188,9.03515063584225,38794638200.0,40467638200.0,12.418258066581307,6.966176728317472,32.54583741610738,32.54583741610738,1.3396401187886322,1.3396401187886322,7.266589728856168,38.2853719962157,33.94936090604027,33.94936090604027,0.0201316479863446,0.030725895518211,0.226837943299147,0.0429998428990364,1.5827814569536425,18.06070763500931,18.54385964912281,1.5262483994878362,0.0049491375331346,0.2458386683738796,0.0,0.0,0.0662966066191872,0.0,0.0,0.0,0.0,30.76043852290595,0.003643641588833,0.005475322490185,-36.85785114500694,91616000000.0,18831000000.0,-26823000000.0,102325000000.0,868000000.0,0.0,0.0,13.381217453761897,0.0,0.0,6.725845410628019,0.0,0.0,0.0269691632998377,0.0,2020-02-04,1.02,amc,4659320388.0,2025-04-25,2019-12-31,0.0098039215686274,53.0784375,2758969.703125
2019-09-30,AFL,USD,4977,2019-10-25,2019-10-25 12:32:15,2019,Q3,5519000000.0,0.0,5519000000.0,1.0,0,0.0,0.0,0.0,4483000000.0,4483000000.0,4483000000.0,0.0,57000000.0,0.0,1036000000.0,0.1877151658,1036000000.0,0.1877151658,0.0,1036000000.0,0.1877151658,259000000.0,777000000.0,0.1407863743,1.05,1.04,739946000,743842000,https://www.sec.gov/Archives/edgar/data/4977/000000497719000175/0000004977-19-000175-index.htm,https://www.sec.gov/Archives/edgar/data/4977/000000497719000175/afl9301910q.htm,7.458652388147243,1.0500766272133373,2.575863644103759,2.575863644103759,132.65292332143156,39.78398423668754,26.069469934292503,39.78398423668754,8.500620315536539,38713974720.0,40730974720.0,12.456233822393822,7.014671991302772,20.311634165792235,20.311634165792235,1.3151020694340647,1.3151020694340647,7.380136749411125,39.31561266409266,21.36987131164743,21.36987131164743,0.0200702719268604,0.0492328678154388,0.2117331340444323,0.040438051862953,1.946911196911197,17.26756144326303,18.17543859649123,2.44987146529563,0.0049077885020636,0.2445302445302445,0.0,0.0,0.0658375341417051,0.0,0.0,0.0,0.0,30.65885222327007,0.0035416058926487,0.0053962455465348,-34.95119914155898,93327000000.0,19290000000.0,-25635000000.0,104037000000.0,895500000.0,0.0,0.0,14.80703025910491,0.0,0.0,6.078193832599119,0.0,0.0,0.0263944561451185,0.0,2019-10-24,1.07,amc,4384232758.0,2025-04-25,2019-09-30,0.0841121495327101,52.7978125,3359410.078125
2019-06-30,AFL,USD,4977,2019-07-26,2019-07-26 13:53:06,2019,Q2,5493000000.0,0.0,5493000000.0,1.0,0,0.0,0.0,0.0,4384000000.0,4384000000.0,4384000000.0,0.0,57000000.0,0.0,1109000000.0,0.2018933188,1109000000.0,0.2018933188,0.0,1109000000.0,0.2018933188,292000000.0,817000000.0,0.1487347533,1.1,1.09,745153000,748849000,https://www.sec.gov/Archives/edgar/data/4977/000000497719000136/0000004977-19-000136-index.htm,https://www.sec.gov/Archives/edgar/data/4977/000000497719000136/afl6301910q.htm,7.371640455047487,1.0964191246629886,1.0910510995728393,1.0910510995728393,128.09986673877714,37.8995991427264,24.30775961446844,37.8995991427264,8.438535441714654,41594440460.0,44806440460.0,12.727796958384332,7.572262963772074,51.16167338253383,51.16167338253383,1.4728387967848164,1.4728387967848164,8.15700718368833,40.40256128043282,55.112472890528906,55.112472890528906,0.0196420480950015,0.019545881396862,0.2206366630076838,0.0411558784676354,2.896302975653742,18.37440396719435,19.45614035087719,0.9951040391676866,0.0046640848597678,0.237454100367197,0.0,0.0,0.066895640686922,0.0,0.0,0.0,0.0,30.577140475129298,0.0037791706177579,0.0057831700549294,-36.29154012665855,91094000000.0,18113000000.0,-26822000000.0,101784000000.0,870500000.0,0.0,0.0,14.467504096122337,0.0,0.0,6.2208380520951305,0.0,0.0,0.0289295704826316,0.0,2019-07-25,1.07,amc,4449495575.0,2025-04-25,2019-06-30,0.05607476635514,51.55492063492064,3088406.746031746
2019-03-31,AFL,USD,4977,2019-04-26,2019-04-26 16:24:17,2019,Q1,5640000000.0,0.0,5640000000.0,1.0,0,0.0,0.0,0.0,4398000000.0,4398000000.0,4398000000.0,0.0,58000000.0,0.0,1242000000.0,0.220212766,1242000000.0,0.220212766,0.0,1242000000.0,0.220212766,314000000.0,928000000.0,0.1645390071,1.23,1.23,751423000,755790000,https://www.sec.gov/Archives/edgar/data/4977/000000497719000077/0000004977-19-000077-index.htm,https://www.sec.gov/Archives/edgar/data/4977/000000497719000077/afl3311910q.htm,7.505759073118603,1.2349901453641956,2.0547680866835325,2.0547680866835325,122.1894991236627,34.66622661270682,21.50187045113072,34.66622661270682,7.928956127241247,37480979240.0,39488979240.0,10.0972465625,6.645563695035461,24.27524562176166,24.27524562176166,1.4388644185957236,1.4388644185957236,7.001592063829787,31.79466927536232,25.57576375647668,25.57576375647668,0.0247592250473976,0.041194227880584,0.2264962186648239,0.0405000034322036,1.6167471819645731,17.883828637591662,21.41379310344828,1.6637931034482758,0.005202638883882,0.2101293103448276,0.0,0.0,0.0679027176188743,0.0,0.0,0.0,0.0,31.03675378454126,0.0044792184536077,0.0068342330267256,-36.15872817307961,87492000000.0,16157000000.0,-26956000000.0,97943000000.0,854500000.0,0.0,0.0,13.691489361702128,0.0,0.0,6.573426573426573,0.0,0.0,0.0356251679527045,0.0,2019-04-25,1.06,amc,4455785714.0,2025-04-25,2019-03-31,0.0566037735849057,48.18901639344263,3347376.2786885244
2018-12-31,AFL,USD,4977,2019-02-25,2019-02-25 17:04:08,2018,Q4,5110000000.0,0.0,5110000000.0,1.0,0,0.0,0.0,0.0,4388000000.0,4388000000.0,4388000000.0,0.0,58000000.0,0.0,722000000.0,0.1412915851,722000000.0,0.1412915851,0.0,722000000.0,0.1412915851,197000000.0,525000000.0,0.102739726,0.7,0.69,751423000,755790000,https://www.sec.gov/Archives/edgar/data/4977/000000497719000049/0000004977-19-000049-index.htm,https://www.sec.gov/Archives/edgar/data/4977/000000497719000049/afl12311810k.htm,6.8004306495808615,0.698674381806253,1.8032453092332816,1.8032453092332816,116.0890736642344,31.223425420834868,18.081693001145823,31.223425420834868,7.7665975089929375,34234831880.0,35675831880.0,16.302300895238094,6.69957571037182,25.265558583025832,25.26555858302583,1.4591608507373626,1.4591608507373626,6.981571796477495,49.412509529085874,26.329027217712177,26.329027217712177,0.015335258599786,0.0395795721956383,0.2462705651692097,0.0411520875176274,1.9958448753462603,21.911194029850748,12.448275862068966,2.580952380952381,0.0057835832433478,0.3771428571428571,0.0,0.0,0.0703317522043217,0.0,0.0,0.0,0.0,22.154856526503337,0.0026420943504473,0.0040220330802644,-38.691589158170565,84063000000.0,13587000000.0,-28861000000.0,94381000000.0,817500000.0,0.0,0.0,14.98825831702544,0.0,0.0,6.00470035252644,0.0,0.0,0.0223766089847412,0.0,2019-01-31,0.94,amc,4245666666.0,2025-04-25,2018-12-31,0.0851063829787234,44.45603174603175,3783124.53968254
2018-09-30,AFL,USD,4977,2018-11-01,2018-11-01 13:46:07,2018,Q3,5562000000.0,0.0,5562000000.0,1.0,0,0.0,0.0,0.0,4416000000.0,4416000000.0,4416000000.0,0.0,53000000.0,0.0,1146000000.0,0.2060409924,1146000000.0,0.2060409924,0.0,1146000000.0,0.2060409924,301000000.0,845000000.0,0.1519237684,1.1,1.09,767049000,772070000,https://www.sec.gov/Archives/edgar/data/4977/000000497718000152/0000004977-18-000152-index.htm,https://www.sec.gov/Archives/edgar/data/4977/000000497718000152/afl9301810q.htm,7.251166483497143,1.101624537676211,2.414448099143601,2.414448099143601,113.1400992635412,30.290111844223773,17.745932789169924,30.290111844223773,6.951316017620778,36174030840.0,38024030840.0,10.70237598816568,6.503781165048544,19.53241406047516,19.53241406047516,1.5569437393475078,1.5569437393475078,6.836395332614168,33.17978258289703,20.53133414686825,20.53133414686825,0.0233592989329137,0.0511969486671671,0.2272101230954635,0.0382699849935842,1.6143106457242582,22.528428093645484,21.62264150943396,2.191715976331361,0.005501184009053,0.2355029585798816,0.0,0.0,0.0697544602402476,0.0,0.0,0.0,0.0,27.4005006390843,0.0042700058617831,0.0065851510688206,-35.636576020567134,83681000000.0,13612000000.0,-27139000000.0,93738000000.0,838000000.0,0.0,0.0,12.686084142394822,0.0,0.0,7.094387755102041,0.0,0.0,0.0363691142291469,0.0,2018-10-24,0.99,amc,4470378640.0,2025-04-25,2018-09-30,0.0404040404040404,45.76349206349206,2748588.285714286
2018-06-30,AFL,USD,4977,2018-08-03,2018-08-03 17:32:36,2018,Q2,5571000000.0,0.0,5571000000.0,1.0,0,0.0,0.0,0.0,4440000000.0,4440000000.0,4440000000.0,0.0,54000000.0,0.0,1131000000.0,0.2030156166,1131000000.0,0.2030156166,0.0,1131000000.0,0.2030156166,299000000.0,832000000.0,0.1493448214,1.08,1.07,772949000,777807000,https://www.sec.gov/Archives/edgar/data/4977/000000497718000114/0000004977-18-000114-index.htm,https://www.sec.gov/Archives/edgar/data/4977/000000497718000114/afl6301810q.htm,7.207461294341542,1.0763970197257515,2.0298881297472406,2.0298881297472406,117.5122808878723,30.791164746962608,18.19007463623085,30.791164746962608,6.946124517917741,33252265980.000004,34720265980.0,9.99166646033654,5.968814571890146,21.193286156787767,21.193286156787764,1.3971540327731091,1.3971540327731091,6.232322021181116,30.69873207780725,22.128913945188017,22.128913945188017,0.0250208512256102,0.04718475429445,0.2233193277310924,0.0374332680686828,1.2979664014146772,22.5419021872696,20.944444444444443,1.8835534213685472,0.0060447008369563,0.2415865384615384,0.0,0.0,0.068598312509684,0.0,0.0,0.0,0.0,27.3080419339998,0.0040320821924446,0.0062913055971447,-34.52491690913631,87654000000.0,14060000000.0,-26463000000.0,97842000000.0,899000000.0,0.0,0.0,14.410339256865912,0.0,0.0,6.245515695067264,0.0,0.0,0.0349579831932773,0.0,2018-07-26,0.99,amc,4412037735.0,2025-04-25,2018-06-30,0.0707070707070707,44.9190625,3193651.453125
2018-03-31,AFL,USD,4977,2018-05-04,2018-05-03 18:12:53,2018,Q1,5448000000.0,0.0,5448000000.0,1.0,0,0.0,0.0,0.0,4466000000.0,4466000000.0,4466000000.0,0.0,56000000.0,0.0,982000000.0,0.1802496329,982000000.0,0.1802496329,0.0,982000000.0,0.1802496329,265000000.0,717000000.0,0.1316079295,0.92,0.91,778550000,783852000,https://www.sec.gov/Archives/edgar/data/4977/000000497718000073/0000004977-18-000073-index.htm,https://www.sec.gov/Archives/edgar/data/4977/000000497718000073/afl3311810q.htm,6.9976237878106735,0.920942778241603,1.5901355083167426,1.5901355083167426,121.02112902189968,31.19517050928007,18.436837711129662,31.19517050928007,6.971935007385524,34069348000.0,35361348000.0,11.87913110181311,6.253551395007342,27.51966720516963,27.51966720516963,1.402781240993124,1.402781240993124,6.490702643171806,36.00951934826884,28.563285945072696,28.563285945072696,0.0210453102888848,0.0363376487275306,0.2211882900317042,0.036455929856945,1.3156822810590632,21.5854322668482,17.535714285714285,1.7266387726638772,0.005723619953044,0.2719665271966527,0.0,0.0,0.0674081815467303,0.0,0.0,0.0,0.0,25.42443229301454,0.0033397613258433,0.0052174672361977,-36.18072057029092,90720000000.0,14354000000.0,-27942000000.0,101101000000.0,866500000.0,0.0,0.0,14.966960352422907,0.0,0.0,6.013245033112582,0.0,0.0,0.0295219664841273,0.0,2018-04-25,0.97,amc,4527617647.0,2025-04-25,2018-03-31,0.0515463917525773,44.25229508196721,4991938.426229509
2017-12-31,AFL,USD,4977,2018-02-23,2018-02-22 21:55:11,2017,Q4,5407000000.0,0.0,5407000000.0,1.0,0,0.0,0.0,0.0,4408000000.0,4408000000.0,4408000000.0,0.0,59000000.0,0.0,999000000.0,0.1847604957,999000000.0,0.1847604957,0.0,999000000.0,0.1847604957,-1584000000.0,2583000000.0,0.4777140743,3.0,2.98,784318000,790080000,https://www.sec.gov/Archives/edgar/data/4977/000000497718000054/0000004977-18-000054-index.htm,https://www.sec.gov/Archives/edgar/data/4977/000000497718000054/afl12311710k.htm,6.893887428313516,3.2933070514765697,1.9532893545730177,1.9532893545730177,113.25380776674768,31.065205694628965,18.94639674213775,31.065205694628965,6.818662838287532,34423717020.0,36221717020.0,3.331757357723577,6.366509528389125,22.46978917754569,22.46978917754569,1.4128346817155757,1.4128346817155757,6.699041431477714,36.25797499499499,23.64341842036553,23.64341842036553,0.0750354762241187,0.0445042003776035,0.2170736712497434,0.0385447867246769,1.7997997997998,18.89441517386723,16.93220338983051,0.5931087882307394,0.0049384556554781,0.0658149438637243,0.0,0.0,0.0692698426579797,0.0,0.0,0.0,0.0,47.97825936628029,0.0127802324488271,0.0202251941869205,-29.840893617129787,84909000000.0,14860000000.0,-23198000000.0,94848000000.0,882000000.0,0.0,0.0,13.765489180691697,0.0,0.0,6.538089480048368,0.0,0.0,0.1060127231684793,0.0,2018-01-31,0.78,amc,4342317073.0,2025-04-25,2017-12-31,0.0256410256410256,42.681269841269845,3035226.126984127
2017-09-30,AFL,USD,4977,2017-11-02,2017-11-02 17:29:25,2017,Q3,5489000000.0,0.0,5489000000.0,1.0,0,0.0,0.0,0.0,4414000000.0,4414000000.0,4414000000.0,0.0,59000000.0,0.0,1075000000.0,0.1958462379,1075000000.0,0.1958462379,0.0,1075000000.0,0.1958462379,359000000.0,716000000.0,0.1304427036,0.91,0.9,788958000,794762000,https://www.sec.gov/Archives/edgar/data/4977/000000497717000189/0000004977-17-000189-index.htm,https://www.sec.gov/Archives/edgar/data/4977/000000497717000189/afl09301710q.htm,6.957277827210067,0.907526129401058,1.8137847642079807,1.8137847642079807,111.70810106494896,27.855728695317115,15.924802080719124,27.855728695317115,6.726593811077396,32110590600.000004,32431590600.000004,11.21179839385475,5.849989178356714,22.43926666666667,22.43926666666667,1.4610998134413251,1.4610998134413251,5.908469775915468,30.168921488372096,22.66358532494759,22.66358532494759,0.0222979392973232,0.0445647362213263,0.2387951039723347,0.0385646994848732,0.2986046511627907,14.37772397094431,18.220338983050848,1.9986033519553077,0.0050762068512062,0.2276536312849162,0.0,0.0,0.0691710206271172,0.0,0.0,0.0,0.0,23.849434731276343,0.003606725838463,0.0056524828293992,-32.02990526745403,82875000000.0,12564000000.0,-25036000000.0,92727000000.0,904000000.0,0.0,0.0,15.363454181089452,0.0,0.0,5.8580576307363925,0.0,0.0,0.032579514947445,0.0,2017-10-25,0.82,amc,4559200000.0,2025-04-25,2017-09-30,0.0365853658536585,40.26555555555556,3085116.1904761903
2017-06-30,AFL,USD,4977,2017-08-03,2017-08-03 17:25:11,2017,Q2,5411000000.0,0.0,5411000000.0,1.0,0,0.0,0.0,0.0,4366000000.0,4366000000.0,4366000000.0,0.0,61000000.0,0.0,1045000000.0,0.1931251155,1045000000.0,0.1931251155,0.0,1045000000.0,0.1931251155,332000000.0,713000000.0,0.1317686195,0.9,0.9,792866000,798696000,https://www.sec.gov/Archives/edgar/data/4977/000000497717000154/0000004977-17-000154-index.htm,https://www.sec.gov/Archives/edgar/data/4977/000000497717000154/afl06301710q.htm,6.82460844581556,0.8992692333887441,1.7758360176877304,1.7758360176877304,110.06525692866134,27.120597932059137,15.340549348818085,27.120597932059137,6.701006222993545,30794915440.000004,31782915440.000004,10.797656185133242,5.691168996488635,21.87138880681818,21.871388806818185,1.4321218174208252,1.4321218174208252,5.873760014784699,30.414273148325364,22.57309335227273,22.57309335227273,0.02315317284729,0.0457218336170888,0.2442449890712923,0.0387904929317399,0.9454545454545454,14.551428099719333,17.131147540983605,1.9747545582047683,0.0052606086974207,0.2272089761570827,0.0,0.0,0.0689838545282656,0.0,0.0,0.0,0.0,23.42533211091492,0.0035984838926208,0.0056563060275754,-32.7555349832128,82081000000.0,12163000000.0,-25753000000.0,91863000000.0,744500000.0,0.0,0.0,14.487155793753464,0.0,0.0,6.21239954075775,0.0,0.0,0.0331581639771194,0.0,2017-07-27,0.83,amc,4228489130.0,2025-04-25,2017-06-30,0.1084337349397591,37.57412698412698,3663145.619047619
2017-03-31,AFL,USD,4977,2017-05-03,2017-05-03 17:29:04,2017,Q1,5292000000.0,0.0,5292000000.0,1.0,0,0.0,0.0,0.0,4394000000.0,4394000000.0,4394000000.0,0.0,62000000.0,0.0,898000000.0,0.1696900983,898000000.0,0.1696900983,0.0,898000000.0,0.1696900983,306000000.0,592000000.0,0.111866969,0.74,0.74,802260000,808138000,https://www.sec.gov/Archives/edgar/data/4977/000000497717000116/0000004977-17-000116-index.htm,https://www.sec.gov/Archives/edgar/data/4977/000000497717000116/afl-03311710q.htm,6.596365268117568,0.7379153890260015,2.1900630718221024,2.1900630718221024,105.20404856281006,25.353376710792013,13.817216363772344,25.353376710792013,6.621294842071149,29049834600.0,30094834600.0,12.267666638513514,5.489386734693878,16.533770404097897,16.533770404097893,1.4282121238938053,1.4282121238938053,5.686854610733183,33.513178841870825,17.12853420603301,17.12853420603301,0.0203787735163215,0.0604822720746231,0.2581120943952802,0.0392817059483726,1.16369710467706,15.111802346249556,14.483870967741936,2.9679054054054053,0.005714318249509,0.2804054054054054,0.0,0.0,0.0692480359147025,0.0,0.0,0.0,0.0,20.51693334467908,0.0030447349743357,0.0047590337232203,-35.45670979482961,79393000000.0,11085000000.0,-28291000000.0,89092000000.0,643500000.0,0.0,0.0,10.510204081632653,0.0,0.0,8.563106796116505,0.0,0.0,0.0291052114060963,0.0,2017-04-27,0.81,amc,4482000000.0,2025-04-25,2017-03-31,0.0370370370370369,35.43693548387097,4366792.806451613
2016-12-31,AFL,USD,4977,2017-02-24,2017-02-24 13:23:26,2016,Q4,5728000000.0,0.0,5728000000.0,1.0,0,0.0,0.0,0.0,4575000000.0,4575000000.0,4575000000.0,0.0,72000000.0,0.0,1153000000.0,0.2012918994,1153000000.0,0.2012918994,0.0,1153000000.0,0.2012918994,402000000.0,751000000.0,0.1311103352,0.94,0.93,802260000,808138000,https://www.sec.gov/Archives/edgar/data/4977/000000497717000064/0000004977-17-000064-index.htm,https://www.sec.gov/Archives/edgar/data/4977/000000497717000064/afl12311610k.htm,7.139829980305636,0.9361055019569716,2.327175728566799,2.327175728566799,101.66404906140154,25.53037668586244,14.320793757634682,25.53037668586244,6.770872285792636,27918648000.0,28419648000.0,9.293824234354194,4.8740656424581,14.95374825923942,14.95374825923942,1.363082120886632,1.363082120886632,4.961530726256982,24.64843712055507,15.222093197643275,15.222093197643275,0.0268995833895681,0.0668728657634137,0.2616931940240211,0.0412882551860667,0.4345186470078057,15.264525710042696,16.01388888888889,2.4860186418109187,0.0059458466613426,0.2210386151797603,0.0,0.0,0.0692733729269213,0.0,0.0,0.0,0.0,23.189013279138702,0.0040090109326955,0.006215549633357,-33.996771620173014,76843000000.0,11489000000.0,-27107000000.0,86269000000.0,679000000.0,0.0,0.0,10.511522346368714,0.0,0.0,8.56203288490284,0.0,0.0,0.0366663411776193,0.0,2017-01-31,0.81,amc,5695520547.0,2025-04-25,2016-12-31,-0.0987654320987655,35.20920634920635,3963243.619047619
2016-09-30,AFL,USD,4977,2016-11-04,2016-11-04 14:59:54,2016,Q3,5700000000.0,0.0,5700000000.0,1.0,0,0.0,0.0,0.0,4737000000.0,4737000000.0,4737000000.0,0.0,65000000.0,0.0,963000000.0,0.1689473684,963000000.0,0.1689473684,0.0,963000000.0,0.1689473684,334000000.0,629000000.0,0.1103508772,0.77,0.77,817038000,822280000,https://www.sec.gov/Archives/edgar/data/4977/000000497716000373/0000004977-16-000373-index.htm,https://www.sec.gov/Archives/edgar/data/4977/000000497716000373/afl-09301610q.htm,6.976419701409236,0.7698540337169141,1.54949953368142,1.54949953368142,109.01451340084547,27.887319806422717,15.94295491764153,27.887319806422717,7.135531027932605,29364345720.0,29859345720.0,11.67104360890302,5.1516396,23.19458587677725,23.19458587677725,1.288757766951942,1.288757766951942,5.238481705263158,31.00658953271028,23.58558113744076,23.58558113744076,0.0214205351618507,0.0431135095626438,0.2530173359666447,0.040006661994018,0.514018691588785,14.368176724827917,14.815384615384616,2.012718600953895,0.0055168945885847,0.2575516693163752,0.0,0.0,0.0677233329400906,0.0,0.0,0.0,0.0,21.97854014617173,0.0030451495463743,0.0046820800643134,-38.83570898783166,83511000000.0,13026000000.0,-31558000000.0,93746000000.0,723500000.0,0.0,0.0,10.878947368421052,0.0,0.0,8.272859216255442,0.0,0.0,0.0276058810621022,0.0,2016-10-27,0.87,amc,4783087912.0,2025-04-25,2016-09-30,0.0459770114942529,36.39609375,3387608.6875
2016-06-30,AFL,USD,4977,2016-08-05,2016-08-05 16:56:54,2016,Q2,5422000000.0,0.0,5422000000.0,1.0,0,0.0,0.0,0.0,4588000000.0,4588000000.0,4588000000.0,0.0,66000000.0,0.0,834000000.0,0.1538177794,834000000.0,0.1538177794,0.0,834000000.0,0.1538177794,286000000.0,548000000.0,0.101069716,0.67,0.66,823706000,828652000,https://www.sec.gov/Archives/edgar/data/4977/000000497716000348/0000004977-16-000348-index.htm,https://www.sec.gov/Archives/edgar/data/4977/000000497716000348/afl-06301610q.htm,6.58244567843381,0.6652859151202006,1.8489606728614336,1.8489606728614336,105.63841953318295,27.376272602117744,15.779902052431328,27.376272602117744,6.1611788672171865,29719312480.0,31028312480.0,13.558080510948905,5.481245385466617,19.51366544977019,19.51366544977019,1.3179296,1.3179296,5.722669214312062,37.20421160671463,20.373153302692057,20.373153302692057,0.018439188334817,0.0512461383830774,0.2221286031042128,0.0354526601881277,1.5695443645083933,13.073130771522193,12.636363636363637,2.7791970802919708,0.0054846490849912,0.2974452554744525,0.0,0.0,0.0676070692986615,0.0,0.0,0.0,0.0,20.243359228159232,0.0026970229394597,0.0041598663984514,-37.82114006696564,81059000000.0,12998000000.0,-30964000000.0,91078000000.0,740500000.0,0.0,0.0,12.582073035780152,0.0,0.0,7.153034300791557,0.0,0.0,0.0243015521064301,0.0,2016-07-28,0.84,amc,4703023255.0,2025-04-25,2016-06-30,0.0238095238095238,34.14359375,4482811.28125
2016-03-31,AFL,USD,4977,2016-05-04,2016-05-04 16:28:59,2016,Q1,5433000000.0,0.0,5433000000.0,1.0,0,0.0,0.0,0.0,4316000000.0,4316000000.0,4316000000.0,0.0,65000000.0,0.0,1117000000.0,0.2055954353,1117000000.0,0.2055954353,0.0,1117000000.0,0.2055954353,386000000.0,731000000.0,0.1345481318,0.88,0.87,837496000,841840000,https://www.sec.gov/Archives/edgar/data/4977/000000497716000309/0000004977-16-000309-index.htm,https://www.sec.gov/Archives/edgar/data/4977/000000497716000309/afl-03311610q.htm,6.487195162723165,0.8728399896835328,1.5892613218451193,1.5892613218451193,93.55865580253516,23.90578581867853,13.244242360560529,23.90578581867853,6.02868551013975,26439748720.0,27974748720.0,9.04232172366621,4.866509979753359,19.864574545454545,19.864574545454545,1.3206008051545877,1.3206008051545877,5.149042650469354,25.044537797672337,21.017842764838463,21.017842764838463,0.0276477665404983,0.0503408717720975,0.2489386144548224,0.0390088129862404,1.3742166517457477,15.487269878574226,17.184615384615384,1.8207934336525309,0.0063162476227951,0.228454172366621,0.0,0.0,0.0698855720614247,0.0,0.0,0.0,0.0,21.66756404318268,0.003954857278885,0.0061512828496175,-34.44523914144067,73972000000.0,11092000000.0,-28667000000.0,83344000000.0,714000000.0,0.0,0.0,11.976808393152954,0.0,0.0,7.514522821576763,0.0,0.0,0.0365116627541081,0.0,2016-04-26,0.81,amc,4346068965.0,2025-04-25,2016-03-31,0.074074074074074,29.705737704918032,4932782.229508197
2015-12-31,AFL,USD,4977,2016-02-25,2016-02-25 17:29:29,2015,Q4,5300000000.0,0.0,5300000000.0,1.0,0,0.0,0.0,0.0,4190000000.0,4190000000.0,4190000000.0,0.0,65000000.0,0.0,1110000000.0,0.2094339623,1110000000.0,0.2094339623,0.0,1110000000.0,0.2094339623,380000000.0,730000000.0,0.1377358491,0.87,0.87,837496000,841840000,https://www.sec.gov/Archives/edgar/data/4977/000000497716000259/0000004977-16-000259-index.htm,https://www.sec.gov/Archives/edgar/data/4977/000000497716000259/afl12311510k.htm,6.3283884340940135,0.8716459541299302,2.395235320526904,2.395235320526904,86.14250097910916,21.14398158319562,10.981544986483518,21.14398158319562,6.060924470087022,25083005200.0,25744005200.0,8.590070273972602,4.732642490566038,12.503990628115652,12.503990628115654,1.416478721481816,1.416478721481816,4.857359471698113,23.19279747747748,12.833502093718844,12.833502093718844,0.0291033707555903,0.0799744681311153,0.2829794443189519,0.0423598431054304,0.5954954954954955,16.78548387096774,17.076923076923077,2.747945205479452,0.0066578944057309,0.2287671232876712,0.0,0.0,0.0719466423209576,0.0,0.0,0.0,0.0,20.36360687665081,0.0042893489003402,0.006649360112948,-33.33180098770621,68509000000.0,9197000000.0,-27739000000.0,77447000000.0,733500000.0,0.0,0.0,11.971698113207548,0.0,0.0,7.5177304964539005,0.0,0.0,0.0412243053986898,0.0,2016-02-01,0.74,amc,4268653846.0,2025-04-25,2015-12-31,0.0540540540540541,31.1271875,4477594.09375
2015-09-30,AFL,USD,4977,2015-11-03,2015-11-03 17:02:00,2015,Q3,5050000000.0,0.0,5050000000.0,1.0,0,0.0,0.0,0.0,4186000000.0,4186000000.0,4186000000.0,0.0,67000000.0,0.0,864000000.0,0.1710891089,864000000.0,0.1710891089,0.0,864000000.0,0.1710891089,297000000.0,567000000.0,0.1122772277,0.66,0.66,857470000,862204000,https://www.sec.gov/Archives/edgar/data/4977/000000497715000172/0000004977-15-000172-index.htm,https://www.sec.gov/Archives/edgar/data/4977/000000497715000172/afl-09301510q.htm,5.889418871797264,0.661247623823574,1.944091338472483,1.944091338472483,82.7119316127678,20.123152996606297,10.267414603426358,20.123152996606297,5.919740632325329,24926652900.0,26415652900.0,10.990587698412698,4.935970871287129,14.953001139772049,14.953001139772043,1.444604630541872,1.444604630541872,5.230822356435644,30.573672337962964,15.8462224955009,15.8462224955009,0.0227467362856406,0.0668762070337971,0.2902926687916546,0.042646119790558,1.7233796296296295,16.022574877067502,12.8955223880597,2.940035273368607,0.0064589498095029,0.2839506172839506,0.0,0.0,0.0719509599421054,0.0,0.0,0.0,0.0,17.30299713384919,0.0033595421068535,0.0052016439763678,-33.476972955322054,67211000000.0,8804000000.0,-28515000000.0,76092000000.0,800500000.0,0.0,0.0,13.58019801980198,0.0,0.0,6.6272965879265096,0.0,0.0,0.0328600405679513,0.0,2015-10-27,0.74,amc,4170564102.0,2025-04-25,2015-09-30,0.0540540540540541,30.25796875,4535382.84375
2015-06-30,AFL,USD,4977,2015-08-04,2015-08-04 16:09:47,2015,Q2,5268000000.0,0.0,5268000000.0,1.0,0,0.0,0.0,0.0,4394000000.0,4394000000.0,4394000000.0,0.0,74000000.0,0.0,874000000.0,0.1659073652,874000000.0,0.1659073652,0.0,874000000.0,0.1659073652,301000000.0,573000000.0,0.1087699317,0.67,0.66,863344000,868514000,https://www.sec.gov/Archives/edgar/data/4977/000000497715000142/0000004977-15-000142-index.htm,https://www.sec.gov/Archives/edgar/data/4977/000000497715000142/afl-06301510q.htm,6.10185511221483,0.6636983635723419,1.9030652903130152,1.9030652903130152,80.83452250783002,19.71172556941381,10.123427046461202,19.71172556941381,6.369419373969125,26849998400.0,29171998400.0,11.714658987783595,5.096810630220197,16.34205623858795,16.34205623858795,1.5777411211658243,1.5777411211658243,5.537585117691724,33.37757254004577,17.75532465003043,17.75532465003043,0.021340783394609,0.0611918099779104,0.3187801151721706,0.0469367802666528,2.65675057208238,235.42333333333332,11.81081081081081,2.8673647469458987,0.0060707638626898,0.2844677137870855,0.0,0.0,0.0716207681193275,0.0,0.0,0.0,0.0,17.15690531771853,0.0033562353933472,0.0053400184524197,-32.60085203580496,70327000000.0,8740000000.0,-27936000000.0,79027000000.0,769500000.0,0.0,0.0,14.333712984054667,0.0,0.0,6.278903456495828,0.0,0.0,0.0336702315195675,0.0,2015-07-28,0.76,amc,4534666666.0,2025-04-25,2015-06-30,-0.0131578947368421,31.65031746031746,3915191.238095238
2015-03-31,AFL,USD,4977,2015-05-01,2015-05-01 16:30:03,2015,Q1,5227000000.0,0.0,5227000000.0,1.0,0,0.0,0.0,0.0,4214000000.0,4214000000.0,4214000000.0,0.0,83000000.0,0.0,1013000000.0,0.1938014157,1013000000.0,0.1938014157,0.0,1013000000.0,0.1938014157,350000000.0,663000000.0,0.1268414004,0.76,0.76,874612000,879854000,https://www.sec.gov/Archives/edgar/data/4977/000000497715000099/0000004977-15-000099-index.htm,https://www.sec.gov/Archives/edgar/data/4977/000000497715000099/afl-03311510q.htm,5.976364376432064,0.7580504269321711,1.6693116490512363,1.6693116490512363,84.91765491440776,21.30887753655335,11.797231229390862,21.30887753655335,7.277512771377479,27996330120.0,29915330120.0,10.55668556561086,5.356099123780371,19.175568575342464,19.175568575342467,1.5021908096796694,1.5021908096796694,5.723231321982016,29.53142163869694,20.4899521369863,20.4899521369863,0.0236816753180934,0.0521496922540217,0.3370714170735633,0.0517458670027429,1.894373149062192,249.9,12.204819277108436,2.20211161387632,0.0058936296040504,0.248868778280543,0.0,0.0,0.0685249709639953,0.0,0.0,0.0,0.0,19.06428817358955,0.0036983940156303,0.0058630020692948,-31.97875172076304,74670000000.0,10318000000.0,-27794000000.0,83417000000.0,771000000.0,0.0,0.0,12.052802754926343,0.0,0.0,7.467142857142857,0.0,0.0,0.0355743950206578,0.0,2015-04-28,0.77,amc,4499000000.0,2025-04-25,2015-03-31,0.0,30.50311475409836,4214401.901639344
2014-12-31,AFL,USD,4977,2015-02-26,2015-02-26 17:22:44,2014,Q4,5440000000.0,0.0,5440000000.0,1.0,0,0.0,0.0,0.0,4365000000.0,4365000000.0,4365000000.0,0.0,79000000.0,0.0,1075000000.0,0.1976102941,1075000000.0,0.1976102941,0.0,1075000000.0,0.1976102941,372000000.0,703000000.0,0.1292279412,0.79,0.79,892740000,898060000,https://www.sec.gov/Archives/edgar/data/4977/000000497715000071/0000004977-15-000071-index.htm,https://www.sec.gov/Archives/edgar/data/4977/000000497715000071/afl12311410k.htm,6.093599480251809,0.7874633151869526,2.2100499585545625,2.2100499585545625,81.69007773819925,20.9646705647781,11.697694737549568,20.9646705647781,6.005107870152564,27273207000.0,27897207000.0,9.698864509246087,5.013457169117647,13.823216928535224,13.823216928535226,1.4572134537294292,1.4572134537294292,5.1281630514705885,25.95089023255814,14.13948656867714,14.13948656867714,0.0257762132630753,0.0723420608364832,0.2822184227399016,0.0441022986298396,0.5804651162790697,245.9,13.60759493670886,2.806543385490754,0.0061598916475059,0.2389758179231863,0.0,0.0,0.0690757888232985,0.0,0.0,0.0,0.0,19.273049892445822,0.0039850122724773,0.0063052720325757,-30.794520241055626,73470000000.0,10443000000.0,-27281000000.0,82172000000.0,856000000.0,0.0,0.0,13.930147058823527,0.0,0.0,6.460807600950119,0.0,0.0,0.0375614447531523,0.0,2015-02-03,0.64,amc,4607000000.0,2025-04-25,2014-12-31,0.015625,29.53203125,4533852.90625
2014-09-30,AFL,USD,4977,2014-11-03,2014-11-03 16:37:25,2014,Q3,5698000000.0,0.0,5698000000.0,1.0,0,0.0,0.0,0.0,4624000000.0,4624000000.0,4624000000.0,0.0,77000000.0,0.0,1074000000.0,0.1884871885,1074000000.0,0.1884871885,0.0,1074000000.0,0.1884871885,368000000.0,706000000.0,0.1239031239,0.78,0.78,902492000,907962000,https://www.sec.gov/Archives/edgar/data/4977/000000497714000138/0000004977-14-000138-index.htm,https://www.sec.gov/Archives/edgar/data/4977/000000497714000138/afl-930201410q.htm,6.313629372891948,0.7822784024678335,1.6011222260141915,1.6011222260141915,80.82841731561055,19.781892803481917,10.127513595688384,19.781892803481917,5.135779596938256,26289591960.0,28181591960.0,9.309345594900847,4.6138280028080025,18.19348924567474,18.19348924567474,1.4725587833977485,1.4725587833977485,4.945874334854335,26.239843538175048,19.50283180622837,19.50283180622837,0.0268547340359709,0.0549647176798555,0.2553072312776564,0.0358184089962515,1.7616387337057728,246.05666666666667,13.948051948051948,2.046742209631728,0.0061621344388488,0.2294617563739376,0.0,0.0,0.0684698985485607,0.0,0.0,0.0,0.0,18.659751304671765,0.0038793340293422,0.0059557955120634,-39.668495676415965,73517000000.0,9140000000.0,-35583000000.0,82679000000.0,877000000.0,0.0,0.0,13.74166374166374,0.0,0.0,6.549425287356322,0.0,0.0,0.0395451744804794,0.0,2014-10-28,0.71,amc,4651761589.0,2025-04-25,2014-09-30,0.0704225352112676,30.43375,3928170.875
2014-06-30,AFL,USD,4977,2014-08-05,2014-08-05 17:02:15,2014,Q2,5833000000.0,0.0,5833000000.0,1.0,0,0.0,0.0,0.0,4595000000.0,4595000000.0,4595000000.0,0.0,81000000.0,0.0,1238000000.0,0.2122406995,1238000000.0,0.2122406995,0.0,1238000000.0,0.2122406995,428000000.0,810000000.0,0.138865078,0.9,0.89,905118000,910760000,https://www.sec.gov/Archives/edgar/data/4977/000000497714000095/0000004977-14-000095-index.htm,https://www.sec.gov/Archives/edgar/data/4977/000000497714000095/afl-630201410q.htm,6.444463594802004,0.8949109397890662,1.6760245625432264,1.6760245625432264,80.9529807163265,19.39857565532892,9.325855855258652,19.39857565532892,5.530770573560575,28176323340.0,30849323340.0,8.696396092592591,4.830502887022115,18.573713473961767,18.573713473961767,1.6047569962410295,1.6047569962410295,5.288757644436825,24.918677980613893,20.33574379696769,20.33574379696769,0.0287475406292665,0.0538395297957991,0.280498917872195,0.0385153787801769,2.1591276252019385,15.08155379296319,15.283950617283953,1.87283950617284,0.0057140173349529,0.1987654320987654,0.0,0.0,0.0712984179368269,0.0,0.0,0.0,0.0,19.76360152733538,0.0044536082474226,0.0068208228775451,-40.191444651415615,69239000000.0,8441000000.0,-36157000000.0,78838000000.0,808000000.0,0.0,0.0,13.639636550660038,0.0,0.0,6.59841628959276,0.0,0.0,0.0461328169495386,0.0,2014-07-29,0.8,amc,4809638554.0,2025-04-25,2014-06-30,0.0374999999999998,31.2,3545200.6666666665
2014-03-31,AFL,USD,4977,2014-05-02,2014-05-02 17:08:13,2014,Q1,5635000000.0,0.0,5635000000.0,1.0,0,0.0,0.0,0.0,4531000000.0,4531000000.0,4531000000.0,0.0,80000000.0,0.0,1104000000.0,0.1959183673,1104000000.0,0.1959183673,0.0,1104000000.0,0.1959183673,372000000.0,732000000.0,0.1299023957,0.81,0.8,909462000,915398000,https://www.sec.gov/Archives/edgar/data/4977/000000497714000066/0000004977-14-000066-index.htm,https://www.sec.gov/Archives/edgar/data/4977/000000497714000066/afl-331201410q.htm,6.195970804717514,0.8048714514735085,1.7757751285925083,1.7757751285925083,76.21209022477025,17.23656403456109,7.379087856337043,17.23656403456109,5.490058957933371,28666242240.0,31585242240.0,9.790383278688523,5.087176972493345,17.749995195046438,17.749995195046438,1.8286707221229903,1.8286707221229903,5.605189394853594,28.60982086956522,19.55742553560372,19.55742553560372,0.025535261785327,0.056338043419813,0.3134090329165603,0.0398484897641371,2.6440217391304346,16.44997651479568,13.8,2.2062841530054644,0.0056861306980987,0.2226775956284153,0.0,0.0,0.0727135580572948,0.0,0.0,0.0,0.0,17.667694021590602,0.0041962130896625,0.0064026870293106,-41.51355416718896,65786000000.0,6711000000.0,-37572000000.0,75232000000.0,948500000.0,0.0,0.0,11.691215616681456,0.0,0.0,7.698087431693989,0.0,0.0,0.0466955856085736,0.0,2014-04-29,0.79,amc,4554117647.0,2025-04-25,2014-03-31,0.0759493670886075,31.780655737704915,3981151.901639344
2013-12-31,AFL,USD,4977,2014-02-27,2014-02-27 17:18:49,2013,Q4,5756000000.0,0.0,5756000000.0,1.0,0,0.0,0.0,0.0,4728000000.0,4728000000.0,4728000000.0,0.0,82000000.0,0.0,1028000000.0,0.1785962474,1028000000.0,0.1785962474,0.0,1028000000.0,0.1785962474,353000000.0,675000000.0,0.1172689368,0.73,0.73,924116000,931010000,https://www.sec.gov/Archives/edgar/data/4977/000000497714000052/0000004977-14-000052-index.htm,https://www.sec.gov/Archives/edgar/data/4977/000000497714000052/afl12311310k.htm,6.228655277043142,0.7304277817936277,3.6662064069878673,3.6662064069878673,68.80196858403058,15.82052469603383,6.300074882374075,15.82052469603383,5.387851741556255,30865474400.0,33219474400.0,11.431657185185184,5.362313134120917,9.110234474616291,9.110234474616291,2.111181559507524,2.111181559507524,5.771277692842252,32.31466381322957,9.805039669421488,9.805039669421488,0.0218690952632822,0.1097666588918523,0.3349521203830369,0.0403686514380868,2.28988326848249,17.414201183431953,12.53658536585366,5.019259259259259,0.005280981522837,0.2414814814814815,0.0,0.0,0.0725267297023255,0.0,0.0,0.0,0.0,16.124651689634856,0.0040428360944406,0.0059995200383969,-45.70016101874656,61028000000.0,5822000000.0,-41941000000.0,70307000000.0,1057500000.0,0.0,0.0,18.21577484364142,0.0,0.0,4.940772532188841,0.0,0.0,0.0461696306429548,0.0,2014-02-04,0.69,amc,4869428571.0,2025-04-25,2013-12-31,0.0144927536231884,32.80515625,3871500.75
2013-09-30,AFL,USD,4977,2013-11-05,2013-11-05 13:51:24,2013,Q3,5871000000.0,0.0,5871000000.0,1.0,0,0.0,0.0,0.0,4802000000.0,4802000000.0,4802000000.0,0.0,71000000.0,0.0,1069000000.0,0.1820814171,1069000000.0,0.1820814171,0.0,1069000000.0,0.1820814171,367000000.0,702000000.0,0.1195707716,0.76,0.75,928648000,934782000,https://www.sec.gov/Archives/edgar/data/4977/000000497713000128/0000004977-13-000128-index.htm,https://www.sec.gov/Archives/edgar/data/4977/000000497713000128/afl-0930201310q.htm,6.322094055013309,0.7559376642172276,1.5732548823666233,1.5732548823666233,67.4475150972166,15.784236869082797,5.906436023121786,15.784236869082797,5.410015420266882,28788088000.0,30992088000.0,10.252168091168093,4.903438596491228,19.70437234770705,19.70437234770705,1.963984718242598,1.963984718242598,5.2788431272355645,28.991663236669783,21.21292813141684,21.21292813141684,0.0243850859424912,0.0507501574956975,0.3379042161277118,0.0413032238696442,2.0617399438727784,19.53456221198157,15.056338028169014,2.081196581196582,0.0054536445768819,0.2236467236467236,0.0,0.0,0.0764939375239747,0.0,0.0,0.0,0.0,16.384984921597656,0.0042718139387706,0.0063388866314506,-45.132816740034976,60330000000.0,5485000000.0,-41675000000.0,70013000000.0,919500000.0,0.0,0.0,14.563106796116504,0.0,0.0,6.18,0.0,0.0,0.0478919361440851,0.0,2013-10-29,0.74,amc,5115000000.0,2025-04-25,2013-09-30,0.0,30.10515625,3958992.6875
2013-06-30,AFL,USD,4977,2013-08-06,2013-08-06 15:19:22,2013,Q2,6027000000.0,0.0,6027000000.0,1.0,0,0.0,0.0,0.0,4669000000.0,4669000000.0,4669000000.0,0.0,69000000.0,0.0,1358000000.0,0.2253193961,1358000000.0,0.2253193961,0.0,1358000000.0,0.2253193961,469000000.0,889000000.0,0.1475029036,0.96,0.95,930426000,935950000,https://www.sec.gov/Archives/edgar/data/4977/000000497713000084/0000004977-13-000084-index.htm,https://www.sec.gov/Archives/edgar/data/4977/000000497713000084/afl-0630201310q.htm,6.47767796686679,0.9554763087016056,2.0055329494231677,2.0055329494231677,65.6194044448457,14.72013894710595,5.017056703058599,14.72013894710595,5.390004148637291,26833485840.0,29391485840.0,7.5459746456692915,4.452212682926829,14.380217491961416,14.380217491961416,1.9592206366822429,1.9592206366822429,4.8766361108345775,21.643214904270987,15.751064222936764,15.751064222936764,0.033130246487573,0.0695399774418574,0.3611273364485981,0.0425231917326524,1.8836524300441824,18.41897115670532,19.681159420289852,2.098987626546682,0.0058136315546247,0.1754780652418447,0.0,0.0,0.0776181510235313,0.0,0.0,0.0,0.0,17.789231027703234,0.0055398382292458,0.0082863401221046,-43.95432844739936,58580000000.0,4668000000.0,-40674000000.0,68118000000.0,1299500000.0,0.0,0.0,13.275261324041812,0.0,0.0,6.779527559055119,0.0,0.0,0.0649094626168224,0.0,2013-07-30,0.76,amc,4800197530.0,2025-04-25,2013-06-30,0.0657894736842105,27.12390625,6174354.65625
2013-03-31,AFL,USD,4977,2013-05-06,2013-05-03 17:54:00,2013,Q1,6173000000.0,0.0,6173000000.0,1.0,0,0.0,0.0,0.0,4812000000.0,4812000000.0,4812000000.0,0.0,71000000.0,0.0,1361000000.0,0.2204762676,1361000000.0,0.2204762676,0.0,1361000000.0,0.2204762676,469000000.0,892000000.0,0.144500243,0.96,0.95,932924000,938248000,https://www.sec.gov/Archives/edgar/data/4977/000000497713000037/0000004977-13-000037-index.htm,https://www.sec.gov/Archives/edgar/data/4977/000000497713000037/afl-0331201310q.htm,6.616830524244204,0.9561336186013007,4.10751572475357,4.10751572475357,66.48880294643509,16.651945924855614,6.779759122929628,16.651945924855614,4.667046833396933,24321328680.0,26008328680.0,6.816515885650224,3.939952807387008,6.3469020563674325,6.3469020563674325,1.5655827924042487,1.5655827924042487,4.213239701927749,19.109719823659077,6.787142139874739,6.787142139874739,0.0366756278711661,0.1575571816169378,0.2757000321853878,0.0355323632381489,1.239529757531227,16.777836272703343,19.169014084507044,4.2959641255605385,0.0065374717842101,0.1782511210762331,0.0,0.0,0.0764074399774345,0.0,0.0,0.0,0.0,18.92705522690789,0.0054026552960558,0.0080123598735268,-44.689063632192976,59940000000.0,6325000000.0,-41264000000.0,69677000000.0,1343000000.0,0.0,0.0,24.931151790053452,0.0,0.0,3.609941520467837,0.0,0.0,0.0574187318957193,0.0,2013-04-24,0.81,amc,5086800000.0,2025-04-25,2013-03-31,0.0493827160493826,25.68,7331637.133333334
2012-12-31,AFL,USD,4977,2013-02-27,2013-02-26 17:57:39,2012,Q4,6283000000.0,0.0,6283000000.0,1.0,0,0.0,0.0,0.0,5404000000.0,5404000000.0,5404000000.0,0.0,75000000.0,0.0,879000000.0,0.139901321,879000000.0,0.139901321,0.0,879000000.0,0.139901321,298000000.0,581000000.0,0.0924717492,0.62,0.62,934728000,940582000,https://www.sec.gov/Archives/edgar/data/4977/000000497713000030/0000004977-13-000030-index.htm,https://www.sec.gov/Archives/edgar/data/4977/000000497713000030/afl12311210k.htm,6.721741511969257,0.621571195042836,3.745474619354507,3.745474619354507,68.06151094222062,17.093742778647908,6.761325219743069,17.093742778647908,4.736137143639647,24826375680.0,27137375680.0,10.682605714285714,3.951356944134967,7.0912241302485,7.0912241302485,1.5537849342846413,1.5537849342846413,4.3191748655101065,30.873009874857797,7.751321245358469,7.751321245358469,0.0234025299338417,0.1410193757287088,0.2723745149580673,0.0331975529009718,2.6291240045506257,16.7431311560394,11.72,6.025817555938038,0.0063641991902702,0.2719449225473322,0.0,0.0,0.0736723267273864,0.0,0.0,0.0,0.0,15.461630180879316,0.0032768393446321,0.0047844131888402,-54.30991689561027,60737000000.0,6320000000.0,-50521000000.0,70959000000.0,990500000.0,3295500000.0,0.0,13.980582524271846,0.0,0.0,6.4375,0.0,0.0,0.0363624984353486,0.0,2013-02-05,0.74,amc,5786000000.0,2025-04-25,2012-12-31,0.0,25.57354838709677,5231619.129032258
2012-09-30,AFL,USD,4977,2012-11-02,2012-11-02 17:22:01,2012,Q3,6815000000.0,0.0,6815000000.0,1.0,0,595000000.0,442000000.0,1037000000.0,4298000000.0,5335000000.0,5335000000.0,0.0,67000000.0,0.0,1480000000.0,0.2171680117,1480000000.0,0.2171680117,0.0,1480000000.0,0.2171680117,463000000.0,1017000000.0,0.1492296405,1.09,1.08,934844000,939442000,https://www.sec.gov/Archives/edgar/data/4977/000000497712000085/0000004977-12-000085-index.htm,https://www.sec.gov/Archives/edgar/data/4977/000000497712000085/afl-930201210q.htm,7.289986350663854,1.0878820423514513,4.4991463816422845,4.4991463816422845,3.3909400926785644,17.099109584058944,6.099413378060938,17.099109584058944,4.779407045453573,22249287200.0,23665287200.0,5.46934296951819,3.264752340425532,5.289892344270091,5.289892344270091,1.391885342508602,1.391885342508602,3.4725293030080704,15.99005891891892,5.626554255825012,5.626554255825012,0.0457093295105651,0.1890397639345497,0.2753206130747576,0.0319283226929773,0.9567567567567568,0.6334395387649826,22.08955223880597,4.135693215339233,0.0066968437532686,0.1465093411996066,0.0873074101247248,0.0,0.0746009866511897,0.0,0.0,0.0,0.0,20.458270229315325,0.0085148067214226,0.0079729062301559,-126.15072675227096,-2416000000.0,5702000000.0,-117680000000.0,8492000000.0,876000000.0,3391500000.0,0.0,13.272193690388848,0.0,0.0,6.781094527363184,0.0,0.0,0.0636221457616515,0.0,2012-10-23,0.83,amc,5576853932.0,2025-04-25,2012-09-30,0.072289156626506,22.73873015873016,5332547.428571428
2012-06-30,AFL,USD,4977,2012-08-03,2012-08-03 17:16:29,2012,Q2,5894000000.0,0.0,5894000000.0,1.0,0,587000000.0,432000000.0,1019000000.0,4134000000.0,5153000000.0,5153000000.0,0.0,62000000.0,0.0,741000000.0,0.1257210723,741000000.0,0.1257210723,0.0,741000000.0,0.1257210723,258000000.0,483000000.0,0.0819477435,0.52,0.52,933576000,937180000,https://www.sec.gov/Archives/edgar/data/4977/000000497712000061/0000004977-12-000061-index.htm,https://www.sec.gov/Archives/edgar/data/4977/000000497712000061/afl-630201210q.htm,6.313358526783037,0.5173654849739068,3.951472617119549,3.951472617119549,2.470072066976872,15.227469429376931,15.227469429376931,15.227469429376931,3.999674370377987,19885168800.0,21427168800.0,10.29253043478261,3.3737985748218526,5.390395445920303,5.390395445920303,1.3987879009566686,1.3987879009566686,3.635420563284696,28.916557085020244,5.808394903767959,5.808394903767959,0.0242894593884463,0.1855151463436408,0.2583005064715813,0.0300468868904908,2.080971659919028,15.901041666666666,11.951612903225806,7.63768115942029,0.0074427328974949,0.3064182194616977,0.0995928062436376,0.0,0.0,0.0,0.0,0.0,0.0,13.313855936231851,0.0043675229905325,0.0039522457429485,-112.60652587470116,2861000000.0,14216000000.0,-104940000000.0,3464000000.0,745500000.0,192500000.0,0.0,11.406515100101798,0.0,0.0,7.890227576974565,0.0,0.0,0.033975801913337,0.0,2012-07-24,0.8,amc,5399506172.0,2025-04-25,2012-06-30,0.0125,21.028253968253967,7319992.698412699
2012-03-31,AFL,USD,4977,2012-05-07,2012-05-04 18:43:23,2012,Q1,6215000000.0,0.0,6215000000.0,1.0,0,564000000.0,435000000.0,999000000.0,4014000000.0,5013000000.0,5013000000.0,0.0,57000000.0,0.0,1202000000.0,0.1934030571,1202000000.0,0.1934030571,0.0,1202000000.0,0.1934030571,417000000.0,785000000.0,0.126307321,0.84,0.84,931774000,937066000,https://www.sec.gov/Archives/edgar/data/4977/000000497712000032/0000004977-12-000032-index.htm,https://www.sec.gov/Archives/edgar/data/4977/000000497712000032/afl-3312012_10q.htm,6.670072356601493,0.8424789702223929,3.8163760740265342,3.8163760740265342,2.544608456557062,14.641962535979754,14.641962535979754,14.641962535979754,4.315424126451264,21430802000.0,23184802000.0,6.82509617834395,3.44823845534996,6.026659730033746,6.026659730033746,1.5708276771970977,1.5708276771970977,3.730458889782783,19.288520798668884,6.51991057367829,6.51991057367829,0.0366295204444518,0.1659293945228928,0.2905519313933885,0.0343049016892827,1.459234608985025,16.139896373056995,21.087719298245613,4.529936305732484,0.0069059478035399,0.1885350318471337,0.0907481898632341,0.0,0.0,0.0,0.0,0.0,0.0,16.659825154704034,0.0075186529638817,0.0067934782608695,-106.22747576128975,2922000000.0,13643000000.0,-98794000000.0,3513000000.0,712000000.0,515500000.0,0.0,10.7739340305712,0.0,0.0,8.353494623655914,0.0,0.0,0.0575386645166019,0.0,2012-04-24,0.82,amc,5414963855.0,2025-04-25,2012-03-31,0.0121951219512195,23.421612903225807,7306619.225806451
2011-12-31,AFL,USD,4977,2012-02-27,2012-02-27 17:15:21,2011,Q4,5979000000.0,0.0,5979000000.0,1.0,0,616000000.0,438000000.0,1054000000.0,4091000000.0,5145000000.0,5145000000.0,0.0,53000000.0,0.0,834000000.0,0.1394882087,834000000.0,0.1394882087,0.0,834000000.0,0.1394882087,288000000.0,546000000.0,0.0913196187,0.59,0.58,931774000,937066000,https://www.sec.gov/Archives/edgar/data/4977/000119312512081967/0001193125-12-081967-index.htm,https://www.sec.gov/Archives/edgar/data/4977/000119312512081967/d270225d10k.htm,6.4167920547257165,0.5859790034922632,3.601731750402995,3.601731750402995,2.5939766509904763,14.49493117429763,14.49493117429763,14.49493117429763,3.582413761276876,20154271620.0,21190271620.0,9.228146346153846,3.370843221274461,6.005444463647199,6.005444463647199,1.4922457885384273,1.4922457885384273,3.544116343870213,25.407999544364507,6.314145297973778,6.314145297973778,0.0270910311369516,0.1665155686732776,0.2432252332296757,0.0280524670799815,1.2422062350119905,3.695704057279236,15.735849056603774,6.146520146520147,0.0073433564254008,0.271062271062271,0.1030272620839605,0.0,0.0,0.0,0.0,0.0,0.0,13.82421136329617,0.0052455110530411,0.0046626018342983,-108.04014707429054,2259000000.0,13506000000.0,-100499000000.0,2876000000.0,854000000.0,848000000.0,0.0,10.235825388861011,0.0,0.0,8.79264705882353,0.0,0.0,0.0404264771212794,0.0,2012-01-31,0.75,amc,5416216216.0,2025-04-25,2011-12-31,-0.0133333333333333,21.072857142857146,8450788.698412698
2011-09-30,AFL,USD,4977,2011-11-04,2011-11-04 15:38:38,2011,Q3,5987000000.0,0.0,5987000000.0,1.0,0,579000000.0,438000000.0,1017000000.0,3878000000.0,4895000000.0,4895000000.0,0.0,52000000.0,0.0,1092000000.0,0.1823951896,1092000000.0,0.1823951896,0.0,1092000000.0,0.1823951896,356000000.0,736000000.0,0.1229330215,0.79,0.79,931820000,935586000,https://www.sec.gov/Archives/edgar/data/4977/000119312511297281/0001193125-11-297281-index.htm,https://www.sec.gov/Archives/edgar/data/4977/000119312511297281/d233187d10q.htm,6.425060634028031,0.7898521173617222,3.3354081260329247,3.3354081260329247,2.176385997295615,13.644266059968665,13.644266059968665,13.644266059968665,3.598334442274259,16288213600.0,17727213600.0,5.53268125,2.7205968932687488,5.240737966537967,5.240737966537966,1.2811242409941797,1.2811242409941797,2.960950993819943,16.23371208791209,5.70373667953668,5.70373667953668,0.0451860479039886,0.1908128218554304,0.2596350479786062,0.0287744072524407,1.3177655677655675,3.561771561771562,21.0,4.2228260869565215,0.0088407485029543,0.1956521739130435,0.0967095373308835,0.0,0.0,0.0,0.0,0.0,0.0,15.571815239063843,0.0072319937113098,0.006415620641562,-106.46584104226136,2198000000.0,12714000000.0,-98950000000.0,2824000000.0,953500000.0,598000000.0,0.0,15.453482545515282,0.0,0.0,5.823929961089494,0.0,0.0,0.0578889413245241,0.0,2011-10-26,0.8,amc,5333975903.0,2025-04-25,2011-09-30,0.0374999999999998,19.68609375,9906904.875
2011-06-30,AFL,USD,4977,2011-08-05,2011-08-05 14:44:37,2011,Q2,5088000000.0,0.0,5088000000.0,1.0,0,565000000.0,427000000.0,992000000.0,3652000000.0,4644000000.0,4644000000.0,0.0,46000000.0,0.0,444000000.0,0.0872641509,444000000.0,0.0872641509,0.0,444000000.0,0.0872641509,170000000.0,274000000.0,0.0538522013,0.3,0.29,932996000,939504000,https://www.sec.gov/Archives/edgar/data/4977/000119312511212102/0001193125-11-212102-index.htm,https://www.sec.gov/Archives/edgar/data/4977/000119312511212102/d10q.htm,5.453399585850314,0.2936775720367504,2.369785079464435,2.369785079464435,7.04183083314398,12.84142697289163,12.84142697289163,12.84142697289163,3.316198568911335,21776126640.0,23533126640.0,19.868728686131387,4.279899103773585,9.848994409769336,9.848994409769334,1.817555015441115,1.817555015441115,4.62522143081761,53.00253747747748,10.643657458163728,10.643657458163728,0.0125825866339653,0.1015332082032748,0.2544028044403639,0.0286919195722569,3.9572072072072073,22.03846153846154,9.652173913043478,8.069343065693431,0.0057402311286338,0.4562043795620438,0.1110455974842767,0.0,0.0,0.0,0.0,0.0,0.0,9.211562279816391,0.0027561233214303,0.0025792604864824,-93.27130019850031,7111000000.0,11981000000.0,-86802000000.0,7722000000.0,808500000.0,291000000.0,0.0,15.548349056603772,0.0,0.0,5.78839590443686,0.0,0.0,0.0228695434437859,0.0,2011-07-27,0.77,amc,4908256410.0,2025-04-25,2011-06-30,0.0129870129870129,25.206984126984125,8050450.222222222
2011-03-31,AFL,USD,4977,2011-05-06,2011-05-06 12:33:35,2011,Q1,5117000000.0,0.0,5117000000.0,1.0,0,534000000.0,422000000.0,956000000.0,3570000000.0,4526000000.0,4526000000.0,0.0,45000000.0,0.0,591000000.0,0.1154973617,591000000.0,0.1154973617,0.0,591000000.0,0.1154973617,202000000.0,389000000.0,0.0760211061,0.42,0.42,936024000,944208000,https://www.sec.gov/Archives/edgar/data/4977/000119312511130170/0001193125-11-130170-index.htm,https://www.sec.gov/Archives/edgar/data/4977/000119312511130170/d10q.htm,5.466740169055495,0.4155876345050981,2.3151115783355984,2.3151115783355984,2.378144150149996,11.776407442544208,11.776407442544208,11.776407442544208,3.27128364229977,24701673360.0,25630673360.0,15.875111413881749,4.827374117647059,11.39901862482695,11.39901862482695,2.24092110677674,2.24092110677674,5.0089258080906784,43.36831363790186,11.827721901245962,11.827721901245962,0.0157479209740469,0.0877268502590222,0.2737004445250839,0.0298284640862128,1.571912013536379,12.147540983606556,13.133333333333333,5.570694087403599,0.005465216790479,0.3470437017994858,0.1043580222786789,0.0,0.0,0.0,0.0,0.0,0.0,10.493708092011213,0.0043377900688024,0.003845963715458,-93.31224413049236,2720000000.0,11023000000.0,-87158000000.0,3324000000.0,699500000.0,217500000.0,0.0,12.980261872190738,0.0,0.0,6.93360433604336,0.0,0.0,0.0352898484985938,0.0,2011-04-27,0.76,amc,4409853658.0,2025-04-25,2011-03-31,0.0789473684210525,28.080806451612904,7997162.612903226
2010-12-31,AFL,USD,4977,2011-02-25,2011-02-25 17:16:27,2010,Q4,5294000000.0,0.0,5294000000.0,1.0,0,569000000.0,424000000.0,993000000.0,3634000000.0,4627000000.0,4627000000.0,0.0,44000000.0,0.0,667000000.0,0.1259916887,667000000.0,0.1259916887,0.0,667000000.0,0.1259916887,230000000.0,437000000.0,0.0825462788,0.47,0.46,936024000,944208000,https://www.sec.gov/Archives/edgar/data/4977/000119312511047639/0001193125-11-047639-index.htm,https://www.sec.gov/Archives/edgar/data/4977/000119312511047639/d10k.htm,5.655837884498688,0.4668683708964727,2.264899190619044,2.264899190619044,2.4101946103946053,11.81166294881328,11.81166294881328,11.81166294881328,3.2926506157961763,26405237040.0,27322237040.0,15.105970846681922,4.98776672459388,12.45530049056604,12.455300490566035,2.388317387843705,2.388317387843705,5.160981684926332,40.96287412293853,12.88784766037736,12.88784766037736,0.0165497472845258,0.0802871035313379,0.2747829232995658,0.0300675976603093,1.3748125937031483,15.272251308900524,15.159090909090908,4.851258581235698,0.0053019785350883,0.3203661327231121,0.1074801662259161,0.0,0.0,0.0,0.0,0.0,0.0,11.138943682685552,0.0048851377787714,0.0043250625995902,-93.19339034041862,2726000000.0,11056000000.0,-87066000000.0,3346000000.0,650500000.0,169000000.0,0.0,11.23724971666037,0.0,0.0,8.009077155824508,0.0,0.0,0.039526049204052,0.0,2011-02-01,0.68,amc,4909194029.0,2025-04-25,2010-12-31,-0.0147058823529411,27.5196875,5713582.0625
2010-09-30,AFL,USD,4977,2010-11-05,2010-11-05 11:59:48,2010,Q3,5394000000.0,0.0,5394000000.0,1.0,0,505000000.0,412000000.0,917000000.0,3422000000.0,4339000000.0,4339000000.0,0.0,39000000.0,0.0,1055000000.0,0.19558769,1055000000.0,0.19558769,0.0,1055000000.0,0.19558769,365000000.0,690000000.0,0.127919911,0.74,0.73,939736000,947138000,https://www.sec.gov/Archives/edgar/data/4977/000119312510249533/0001193125-10-249533-index.htm,https://www.sec.gov/Archives/edgar/data/4977/000119312510249533/d10q.htm,5.739909932151157,0.7342487677390246,1.964381485864115,1.964381485864115,5.3131943439434055,11.846944248171829,11.846944248171829,11.846944248171829,3.2423999931895766,24301572960.0,24875572960.0,8.804917739130435,4.505297174638487,13.164449057421452,13.164449057421452,2.1828413689032606,2.1828413689032606,4.611711709306637,23.578742142180097,13.475391635969665,13.475391635969665,0.0283932238104804,0.0759621610929665,0.270187730171562,0.0307431292989789,0.5440758293838862,20.91156462585034,27.05128205128205,2.6753623188405795,0.0054728967634694,0.1927536231884058,0.0936225435669262,0.0,0.0,0.0,0.0,0.0,0.0,13.989946206225902,0.0079710730912745,0.007052114101162,-86.44661905045672,2927000000.0,11133000000.0,-83636000000.0,3537000000.0,649500000.0,391500000.0,0.0,10.67853170189099,0.0,0.0,8.428125,0.0,0.0,0.0619779035300458,0.0,2010-10-26,0.7,amc,4437808219.0,2025-04-25,2010-09-30,0.0428571428571429,24.5915625,7818581.71875
2010-06-30,AFL,USD,4977,2010-08-02,2010-08-02 17:13:20,2010,Q2,4980000000.0,0.0,4980000000.0,1.0,0,508000000.0,398000000.0,906000000.0,3185000000.0,4091000000.0,4091000000.0,0.0,33000000.0,0.0,889000000.0,0.1785140562,889000000.0,0.1785140562,0.0,889000000.0,0.1785140562,308000000.0,581000000.0,0.1166666667,0.62,0.62,937648000,945078000,https://www.sec.gov/Archives/edgar/data/4977/000119312510173757/0001193125-10-173757-index.htm,https://www.sec.gov/Archives/edgar/data/4977/000119312510173757/d10q.htm,5.311161544630821,0.6196355135402625,1.8610395372250568,1.8610395372250568,4.7779123935634695,10.696977970411073,10.696977970411073,10.696977970411073,2.8646144395338125,20009408320.0,20478408320.0,8.609900309810671,4.017953477911647,11.46670963896848,11.46670963896848,1.994955964107677,1.994955964107677,4.112130184738956,23.03532994375703,11.735477547277936,11.735477547277936,0.029036340840687,0.0872089755025799,0.264506480558325,0.0290774778329442,0.5275590551181102,4.470125786163522,26.939393939393938,3.0034423407917386,0.0065469202239759,0.225473321858864,0.102008032128514,0.0,0.0,0.0,0.0,0.0,0.0,12.212088984099,0.0072591426465259,0.0063678909238373,-81.30423143866355,2207000000.0,10030000000.0,-78366000000.0,2801000000.0,665000000.0,561000000.0,0.0,11.909638554216867,0.0,0.0,7.55690440060698,0.0,0.0,0.057926221335992,0.0,2010-07-27,0.67,amc,4291941176.0,2025-04-25,2010-06-30,0.0149253731343283,23.92396825396825,10484675.555555556
2010-03-31,AFL,USD,4977,2010-05-07,2010-05-07 14:00:59,2010,Q1,5065000000.0,0.0,5065000000.0,1.0,0,481000000.0,403000000.0,884000000.0,3207000000.0,4091000000.0,4091000000.0,0.0,33000000.0,0.0,974000000.0,0.1923000987,974000000.0,0.1923000987,0.0,974000000.0,0.1923000987,338000000.0,636000000.0,0.1255676209,0.68,0.68,935852000,944900000,https://www.sec.gov/Archives/edgar/data/4977/000119312510112569/0001193125-10-112569-index.htm,https://www.sec.gov/Archives/edgar/data/4977/000119312510112569/d10q.htm,5.412180558464373,0.6795946367588037,1.3656005436757097,1.3656005436757097,3.556117847693866,9.60301415181033,9.60301415181033,9.60301415181033,2.7963823339587885,25399023280.0,26372023280.0,9.983892798742138,5.014614665350444,19.874040125195616,19.874040125195616,2.826195980861244,2.826195980861244,5.206717330700888,27.07599926078029,20.635385978090767,20.635385978090767,0.0250403329682683,0.0503168954928411,0.2875264270613107,0.0303364718589307,0.9989733059548256,4.695473251028806,29.51515151515152,2.009433962264151,0.0051576786459798,0.2059748427672956,0.0949654491609082,0.0,0.0,0.0,0.0,0.0,0.0,12.11769493639392,0.0085186177337262,0.0074667167578482,-77.3196509704526,1796000000.0,8987000000.0,-73909000000.0,2379000000.0,717500000.0,484500000.0,0.0,11.923000987166832,0.0,0.0,7.548435171385991,0.0,0.0,0.0707688883943473,0.0,2010-04-27,0.66,amc,4056676056.0,2025-04-25,2010-03-31,0.0757575757575756,25.271639344262294,6686985.081967213
2009-12-31,AFL,USD,4977,2010-02-26,2010-02-26 17:24:33,2009,Q4,4597000000.0,0.0,4597000000.0,1.0,0,0.0,410000000.0,410000000.0,3845000000.0,4255000000.0,4255000000.0,0.0,26000000.0,0.0,342000000.0,0.0743963454,342000000.0,0.0743963454,0.0,342000000.0,0.0743963454,90000000.0,252000000.0,0.0548183598,0.27,0.27,935852000,944900000,https://www.sec.gov/Archives/edgar/data/4977/000119312510043173/0001193125-10-043173-index.htm,https://www.sec.gov/Archives/edgar/data/4977/000119312510043173/d10k.htm,4.912101486132423,0.2692733466402807,1.878502156323863,1.878502156323863,14.13898778866744,8.993943486790647,8.993943486790647,8.993943486790647,2.804930694169591,21646256760.0,21922256760.0,21.474461071428568,4.708778934087448,12.31300156996587,12.31300156996587,2.5717306356183918,2.5717306356183918,4.768818090058734,64.10016596491228,12.469998156996589,12.469998156996589,0.0116417356956455,0.0812149656862889,0.3087798503029583,0.030901481463867,0.8070175438596491,6.391304347826087,13.153846153846152,6.976190476190476,0.0060518546671808,0.5198412698412699,0.0,0.0,0.0,0.0,0.0,0.0,0.0,7.381812677052138,0.0034076157507572,0.0029962190569043,-66.12584041066323,2604000000.0,8417000000.0,-72602000000.0,3197000000.0,806500000.0,294500000.0,0.0,14.957581031107244,0.0,0.0,6.017015706806283,0.0,0.0,0.0299394083402637,0.0,2010-02-02,0.58,amc,4181898305.0,2025-04-25,2009-12-31,0.0172413793103448,22.36234375,7103912.3125
2009-09-30,AFL,USD,4977,2009-11-06,2009-11-06 17:03:13,2009,Q3,4526000000.0,0.0,4526000000.0,1.0,0,487000000.0,388000000.0,875000000.0,3102000000.0,3977000000.0,3977000000.0,0.0,25000000.0,0.0,549000000.0,0.1212991604,549000000.0,0.1212991604,0.0,549000000.0,0.1212991604,186000000.0,363000000.0,0.08020327,0.39,0.39,933172000,939428000,https://www.sec.gov/Archives/edgar/data/4977/000095012309059412/0000950123-09-059412-index.htm,https://www.sec.gov/Archives/edgar/data/4977/000095012309059412/g21076e10vq.htm,4.850124092878912,0.3889958121332402,1.638497511712739,1.638497511712739,0.7415567548104743,8.446460030948208,8.446460030948208,8.446460030948208,2.417560749786749,19941885640.0,20368885640.0,13.734081019283746,4.4060728325232,13.042436651406147,13.042436651406147,2.530054001522456,2.530054001522456,4.500416623950509,37.10179533697632,13.32170414650098,13.32170414650098,0.0182028924723088,0.0766727895045736,0.2830499873128647,0.0270044543429844,0.7777777777777778,25.02830188679245,21.96,4.212121212121212,0.006569087917004,0.3608815426997245,0.1076005302695536,0.0,0.0,0.0,0.0,0.0,0.0,8.598072198828476,0.0049816789493186,0.0043938220199477,-78.66207944516124,2547000000.0,7882000000.0,-72081000000.0,3146000000.0,844500000.0,349500000.0,0.0,16.882456915598762,0.0,0.0,5.330977620730271,0.0,0.0,0.046054300938848,0.0,2009-10-28,0.6,amc,4001904761.0,2025-04-25,2009-09-30,0.05,19.061875,8627041.125
2009-06-30,AFL,USD,4977,2009-08-07,2009-08-07 17:01:30,2009,Q2,4313000000.0,0.0,4313000000.0,1.0,0,0.0,381000000.0,381000000.0,3459000000.0,3840000000.0,3840000000.0,0.0,14000000.0,0.0,473000000.0,0.1096684442,473000000.0,0.1096684442,0.0,473000000.0,0.1096684442,159000000.0,314000000.0,0.0728031533,0.34,0.34,932802000,936570000,https://www.sec.gov/Archives/edgar/data/4977/000095012309032199/0000950123-09-032199-index.htm,https://www.sec.gov/Archives/edgar/data/4977/000095012309032199/g20048e10vq.htm,4.623703636999063,0.3366202045021344,1.313247613105461,1.313247613105461,1.9071571458894816,6.807446810791572,6.807446810791572,6.807446810791572,2.150509968889432,14505071100.0,14808071100.0,11.548623487261148,3.3631048226292606,11.84087436734694,11.840874367346938,2.284263165354331,2.284263165354331,3.433357546951078,31.30670422832981,12.088221306122447,12.088221306122447,0.0216476015756999,0.0844532227077466,0.3137007874015748,0.0261963940505779,0.6405919661733616,4.416526138279933,33.785714285714285,3.913738019169329,0.0090313242242569,0.4171974522292994,0.0,0.0,0.0,0.0,0.0,0.0,0.0,7.180480004546102,0.0047226567200096,0.0041293512710248,-72.1289191060911,2026000000.0,6350000000.0,-67072000000.0,2605000000.0,753500000.0,296500000.0,0.0,17.5284025040575,0.0,0.0,5.1345238095238095,0.0,0.0,0.0494488188976377,0.0,2009-07-29,0.57,amc,3828500000.0,2025-04-25,2009-06-30,0.0526315789473684,15.224603174603176,16172490.984126983
2009-03-31,AFL,USD,4977,2009-05-08,2009-05-08 17:22:36,2009,Q1,4818000000.0,0.0,4818000000.0,1.0,0,0.0,389000000.0,389000000.0,3558000000.0,3947000000.0,3947000000.0,0.0,8000000.0,0.0,871000000.0,0.1807804068,871000000.0,0.1807804068,0.0,871000000.0,0.1807804068,302000000.0,569000000.0,0.1180987962,0.61,0.61,932194000,934264000,https://www.sec.gov/Archives/edgar/data/4977/000095014409004125/0000950144-09-004125-index.htm,https://www.sec.gov/Archives/edgar/data/4977/000095014409004125/g19000e10vq.htm,5.168452060408026,0.6103879664533348,1.768945090828733,1.768945090828733,1.373104740000472,5.577165268173792,5.577165268173792,5.577165268173792,1.815072828188124,9023637920.0,9511637920.0,3.9646915289982414,1.872901187214612,5.472187944208612,5.472187944208612,1.7356487632236968,1.7356487632236968,1.97418802822748,10.920365005740528,5.768124875682232,5.768124875682232,0.0630566081046833,0.1827422614492493,0.3239084439315253,0.0234491401517788,0.5602755453501722,5.290760869565218,108.875,2.898066783831283,0.0145174264704982,0.2302284710017574,0.0,0.0,0.0,0.0,0.0,0.0,0.0,8.75187281379433,0.0090775661274369,0.0079231358351319,-69.55177784881688,1579000000.0,5199000000.0,-64669000000.0,2149000000.0,793500000.0,866500000.0,0.0,12.459526774595266,0.0,0.0,7.223388305847076,0.0,0.0,0.109444123869975,0.0,2009-04-29,0.58,bmo,4149377049.0,2025-04-25,2009-03-31,0.0517241379310345,11.857540983606556,26043494.393442623
2008-12-31,AFL,USD,4977,2009-02-20,2009-02-20 06:26:14,2008,Q4,4260000000.0,0.0,4260000000.0,1.0,0,0.0,385000000.0,385000000.0,3575000000.0,3960000000.0,3960000000.0,0.0,8000000.0,0.0,300000000.0,0.0704225352,300000000.0,0.0704225352,0.0,300000000.0,0.0704225352,103000000.0,197000000.0,0.0462441315,0.21,0.21,932194000,934264000,https://www.sec.gov/Archives/edgar/data/4977/000095014409001463/0000950144-09-001463-index.htm,https://www.sec.gov/Archives/edgar/data/4977/000095014409001463/g17619e10vk.htm,4.569864212814071,0.2113294013906976,1.4127960488911109,1.3602318830629676,1.102774744312879,7.1219081006743234,7.1219081006743234,7.1219081006743234,3.7138192264700254,21365886480.0,23878886480.0,27.11406913705584,5.015466309859155,16.223148428246017,16.850068201892743,3.2182386624491643,3.2182386624491643,5.60537241314554,79.59628826666666,18.13127295368261,18.83192940063092,0.0092203054707983,0.0593469407968135,0.5202590751619219,0.0435390956876882,8.376666666666667,-8.184873949579831,37.5,6.685279187817259,0.0050079831744945,0.5431472081218274,0.0,0.0,0.0,0.0,0.0,0.0,0.0,5.81928199631956,0.0027986134788044,0.0024832663145554,-76.13651235686993,2186000000.0,6639000000.0,-70744000000.0,2783000000.0,871500000.0,866500000.0,0.0,19.43661971830986,0.0,0.0,4.630434782608695,0.0,0.0,0.0296731435457147,0.0,2009-02-02,0.5,bmo,3656122448.0,2025-04-25,2008-12-31,-0.02,21.63625,9768504.40625
2008-09-30,AFL,USD,4977,2008-11-07,2008-11-07 17:02:06,2008,Q3,3691000000.0,0.0,3691000000.0,1.0,0,0.0,355000000.0,355000000.0,3188000000.0,3543000000.0,3543000000.0,0.0,7000000.0,0.0,148000000.0,0.0400975345,148000000.0,0.0400975345,0.0,148000000.0,0.0400975345,48000000.0,100000000.0,0.0270929287,0.11,0.11,950714000,961490000,https://www.sec.gov/Archives/edgar/data/4977/000095014408008304/0000950144-08-008304-index.htm,https://www.sec.gov/Archives/edgar/data/4977/000095014408008304/g16445e10vq.htm,3.882345268924198,0.1051841037367704,1.2558981986170394,1.2558981986170394,0.6205862120469458,6.83696674289008,6.83696674289008,6.83696674289008,1.656649633854135,27931977320.0,28985977320.0,69.8299433,7.567590712544026,23.393615845896147,23.393615845896147,4.29722728,4.29722728,7.853150181522623,195.8511981081081,24.276362914572864,24.276362914572864,0.0035801260631984,0.0427467051945894,0.2412307692307692,0.0222547085456377,7.121621621621622,0.98125,21.142857142857142,11.94,0.0039023374088863,1.09,0.0,0.0,0.0,0.0,0.0,0.0,0.0,4.022518481051702,0.0016466868660255,0.0014193053919411,-66.00276213456412,-27000000.0,6500000000.0,-62544000000.0,515000000.0,912500000.0,0.0,0.0,20.067732321863996,0.0,0.0,4.484811664641556,0.0,0.0,0.0153846153846153,0.0,2008-10-23,0.5,bmo,3366666666.0,2025-04-25,2008-09-30,0.02,28.82078125,8638070.21875
2008-06-30,AFL,USD,4977,2008-08-11,2008-08-08 21:47:08,2008,Q2,4336000000.0,0.0,4336000000.0,1.0,0,0.0,362000000.0,362000000.0,3234000000.0,3596000000.0,3596000000.0,0.0,7000000.0,0.0,740000000.0,0.1706642066,740000000.0,0.1706642066,0.0,740000000.0,0.1706642066,257000000.0,483000000.0,0.1113929889,0.51,0.5,948766000,961656000,https://www.sec.gov/Archives/edgar/data/4977/000095014408006273/0000950144-08-006273-index.htm,https://www.sec.gov/Archives/edgar/data/4977/000095014408006273/g14545e10vq.htm,4.570146906613433,0.5090823237763579,1.3259328432932884,1.3259328432932884,1.5346249760214847,8.325551295050623,8.325551295050623,8.325551295050623,3.2526460686829,29791252400.0,31483252400.0,15.419902898550726,6.870676291512915,23.68144069952305,23.68144069952305,3.7715220154449938,3.7715220154449938,7.260897693726937,42.54493567567568,25.026432750397458,25.026432750397458,0.0162128128591196,0.0422271606144359,0.3897961767312318,0.0436415693389273,2.2864864864864867,1.1972722844617634,105.71428571428572,2.6045548654244306,0.0036587921359089,0.2256728778467908,0.0,0.0,0.0,0.0,0.0,0.0,0.0,9.765438930231545,0.0079915286487201,0.0068460142873341,-63.70959751930402,405000000.0,7899000000.0,-60195000000.0,934000000.0,833500000.0,495500000.0,0.0,20.7979704797048,0.0,0.0,4.327345309381237,0.0,0.0,0.0611469806304595,0.0,2008-07-23,0.5,bmo,3626470588.0,2025-04-25,2008-06-30,0.02,33.15234375,5450835.40625
2008-03-31,AFL,USD,4977,2008-05-08,2008-05-08 16:57:18,2008,Q1,4267000000.0,0.0,4267000000.0,1.0,0,0.0,358000000.0,358000000.0,3183000000.0,3541000000.0,3541000000.0,0.0,7000000.0,0.0,726000000.0,0.1701429576,726000000.0,0.1701429576,0.0,726000000.0,0.1701429576,252000000.0,474000000.0,0.1110850715,0.5,0.49,956276000,968834000,https://www.sec.gov/Archives/edgar/data/4977/000095014408003815/0000950144-08-003815-index.htm,https://www.sec.gov/Archives/edgar/data/4977/000095014408003815/g13177e10vq.htm,4.462100899740243,0.4956727973932212,1.2506849486968197,1.2506849486968197,1.195261619030489,8.505912518979876,8.505912518979876,8.505912518979876,1.6867515236187045,31059844480.0,31757844480.0,16.38177451476793,7.279082371689711,25.969769632107024,25.96976963210702,3.8185203442340794,3.8185203442340794,7.442663341926411,43.743587438016526,26.5533816722408,26.5533816722408,0.0152608619887075,0.0385063099968232,0.1974428325547086,0.0222225297153689,0.9614325068870524,1.5872855701311803,103.71428571428572,2.523206751054852,0.0035093543391753,0.229957805907173,0.0,0.0,0.0,0.0,0.0,0.0,0.0,9.739782476264931,0.0087508769338699,0.0065588288201026,-65.35064144661165,582000000.0,8134000000.0,-62562000000.0,1130000000.0,698500000.0,899500000.0,0.0,14.026247949378954,0.0,0.0,6.416541353383459,0.0,0.0,0.0582739119744283,0.0,2008-04-23,0.48,bmo,3565714285.0,2025-04-25,2008-03-31,0.0208333333333333,31.26459016393443,7321220.459016394
2007-12-31,AFL,USD,4977,2008-02-29,2008-02-28 17:44:03,2007,Q4,4017000000.0,0.0,4017000000.0,1.0,0,0.0,0.0,0.0,3431000000.0,3431000000.0,3431000000.0,0.0,7000000.0,0.0,586000000.0,0.14588001,586000000.0,0.14588001,0.0,586000000.0,0.14588001,203000000.0,383000000.0,0.0953447847,0.4,0.4,956276000,968834000,https://www.sec.gov/Archives/edgar/data/4977/000095014408001495/0000950144-08-001495-index.htm,https://www.sec.gov/Archives/edgar/data/4977/000095014408001495/g11443e10vk.htm,4.200670099427362,0.4005119860793327,1.3740802864444992,1.3259770191869291,1.744266299687538,9.197135555007131,9.197135555007131,9.197135555007131,1.5393045522422395,29950564320.0,29852564320.0,19.54997671018277,7.455953278566094,22.79342794520548,23.62031886435331,3.405408109152928,3.405408109152928,7.431556962907642,50.94294252559727,22.718846514459663,23.543031798107258,0.0127877390191357,0.0423364310085226,0.1665719158612848,0.0222627459919459,-0.167235494880546,2.8403465346534653,83.71428571428571,3.430809399477807,0.0032052818429165,0.2506527415143603,0.0,0.0,0.0,0.0,0.0,0.0,0.0,9.103854574628096,0.0066707306453017,0.0058202264265633,-57.298311366174616,1487000000.0,8795000000.0,-54715000000.0,1983000000.0,710000000.0,732000000.0,0.0,16.400298730395818,0.0,0.0,5.487704918032787,0.0,0.0,0.0435474701534963,0.0,2008-01-30,0.4,bmo,3501538461.0,2025-04-25,2007-12-31,-0.025,30.15234375,4697926.21875
2007-09-30,AFL,USD,4977,2007-11-08,2007-11-08 17:27:39,2007,Q3,3861000000.0,0.0,3861000000.0,1.0,0,0.0,331000000.0,331000000.0,2888000000.0,3219000000.0,3219000000.0,0.0,6000000.0,0.0,642000000.0,0.1662781663,642000000.0,0.1662781663,0.0,642000000.0,0.1662781663,222000000.0,420000000.0,0.1087801088,0.43,0.43,974130000,985638000,https://www.sec.gov/Archives/edgar/data/4977/000095014407010151/0000950144-07-010151-index.htm,https://www.sec.gov/Archives/edgar/data/4977/000095014407010151/g09979e10vq.htm,3.963536694281051,0.4311539527578454,1.0399022717707085,1.0399022717707085,2.1383182942728385,8.675433463706076,8.675433463706076,8.675433463706076,1.4987732643487008,28376406900.0,28502406900.0,16.890718392857142,7.349496736596737,28.012247680157945,28.012247680157948,3.3577572949946752,3.3577572949946752,7.382130769230769,44.39627242990654,28.13663070088845,28.13663070088845,0.0148010282443475,0.0356986705036288,0.1720506448940953,0.0228702655089971,0.1962616822429906,3.073170731707317,107.0,2.4119047619047618,0.0033478516266976,0.2261904761904762,0.0,0.0,0.0,0.0,0.0,0.0,0.0,9.173879613865806,0.0088380118681873,0.0066062665156662,-53.920934577520455,1360000000.0,8451000000.0,-53109000000.0,1840000000.0,605500000.0,869000000.0,0.0,16.037296037296038,0.0,0.0,5.611918604651163,0.0,0.0,0.0496982605608803,0.0,2007-10-23,0.41,bmo,3116953488.0,2025-04-25,2007-09-30,0.048780487804878,26.762698412698413,5249696.761904762
2007-06-30,AFL,USD,4977,2007-08-08,2007-08-08 17:00:05,2007,Q2,3764000000.0,0.0,3764000000.0,1.0,0,0.0,326000000.0,326000000.0,2803000000.0,3129000000.0,3129000000.0,0.0,6000000.0,0.0,635000000.0,0.1687035069,635000000.0,0.1687035069,0.0,635000000.0,0.1687035069,220000000.0,415000000.0,0.1102550478,0.43,0.42,975800000,988454000,https://www.sec.gov/Archives/edgar/data/4977/000095014407007510/0000950144-07-007510-index.htm,https://www.sec.gov/Archives/edgar/data/4977/000095014407007510/g08740e10vq.htm,3.8573478171756506,0.4252920680467308,1.1815945890551345,1.1815945890551345,2.34166837466694,8.393113342898134,8.393113342898134,8.393113342898134,1.4326706292273006,25078060000.0,25064060000.0,15.107265060240964,6.662608926673752,21.75026886383348,21.75026886383348,3.062034188034188,3.062034188034188,6.658889479277365,39.47096062992126,21.738126626192543,21.738126626192543,0.0165483294959817,0.0459764431538962,0.1699633699633699,0.0231560035931729,-0.0220472440944881,1.7828096118299446,105.83333333333331,2.778313253012048,0.0038280473050945,0.2313253012048192,0.0,0.0,0.0,0.0,0.0,0.0,0.0,8.961824699603008,0.0093914775170291,0.0069035499218152,-50.4680774748924,847000000.0,8190000000.0,-49995000000.0,1304000000.0,512500000.0,1035500000.0,0.0,12.505313496280552,0.0,0.0,7.196940726577438,0.0,0.0,0.0506715506715506,0.0,2007-07-24,0.41,bmo,3192000000.0,2025-04-25,2007-06-30,0.0,25.65079365079365,3851879.492063492
2007-03-31,AFL,USD,4977,2007-05-09,2007-05-09 15:20:30,2007,Q1,3751000000.0,0.0,3751000000.0,1.0,0,0.0,0.0,0.0,3115000000.0,3115000000.0,3115000000.0,0.0,8000000.0,0.0,636000000.0,0.1695547854,636000000.0,0.1695547854,0.0,636000000.0,0.1695547854,220000000.0,416000000.0,0.110903759,0.43,0.42,981108000,993316000,https://www.sec.gov/Archives/edgar/data/4977/000095014407004490/0000950144-07-004490-index.htm,https://www.sec.gov/Archives/edgar/data/4977/000095014407004490/g07101e10vq.htm,3.823228431528435,0.4240104045630042,1.1986447975146468,1.1986447975146468,2.2474589953399624,8.652462318113805,8.652462318113805,8.652462318113805,1.4697668350477215,23085471240.0,23685471240.0,13.873480312500002,6.1544844681418285,19.63050275510204,19.63050275510204,2.719457090352221,2.719457090352221,6.314441812849907,37.24130698113208,20.140706836734697,20.140706836734697,0.0180199916941353,0.0509411303661133,0.1689244905171398,0.0234344358739704,0.9433962264150944,1.3508594539939334,79.5,2.826923076923077,0.0037252867444606,0.2067307692307692,0.0,0.0,0.0,0.0,0.0,0.0,0.0,9.085511327345074,0.009291729021018,0.0067982742842201,-51.08662858727072,347000000.0,8489000000.0,-51367000000.0,818000000.0,518500000.0,898000000.0,0.0,12.044788056518264,0.0,0.0,7.472111553784861,0.0,0.0,0.0490045941807044,0.0,2007-04-24,0.4,bmo,3107317073.0,2025-04-25,2007-03-31,0.0249999999999998,23.662459016393445,3955720.229508197
2006-12-31,AFL,USD,4977,2007-02-28,2007-02-28 17:09:18,2006,Q4,3687000000.0,0.0,3687000000.0,1.0,0,0.0,0.0,0.0,3179000000.0,3179000000.0,3179000000.0,0.0,5000000.0,0.0,508000000.0,0.1377813941,508000000.0,0.1377813941,0.0,508000000.0,0.1377813941,175000000.0,333000000.0,0.0903173312,0.34,0.34,981108000,993316000,https://www.sec.gov/Archives/edgar/data/4977/000110465907015014/0001104659-07-015014-index.htm,https://www.sec.gov/Archives/edgar/data/4977/000110465907015014/a07-4920_110k.htm,3.757996061595666,0.3394121748064433,1.1752019145700576,1.1517590316254684,1.330128793160386,8.501612462644276,8.501612462644276,8.501612462644276,1.4585550214655267,22565484000.0,22788484000.0,16.941054054054053,6.1202831570382425,19.57110494362532,19.96945486725664,2.70536914039084,2.70536914039084,6.180765934363982,44.85922047244095,19.76451344319167,20.1668,0.014757051078541,0.0500764796358899,0.1709627143028413,0.0238441601872753,0.4389763779527559,2.15365551425031,101.6,3.4624624624624625,0.0033236601528245,0.2252252252252252,0.0,0.0,0.0,0.0,0.0,0.0,0.0,8.057598429086813,0.0063915547024952,0.0055680963130173,-50.71587429722314,931000000.0,8341000000.0,-49726000000.0,1389000000.0,528500000.0,623500000.0,0.0,13.05939788445891,0.0,0.0,6.891588785046729,0.0,0.0,0.0399232705910562,0.0,2007-01-30,0.33,bmo,3130000000.0,2025-04-25,2006-12-31,0.0,22.46222222222222,3591425.4285714286
2006-09-30,AFL,USD,4977,2006-11-08,2006-11-08 16:52:00,2006,Q3,3672000000.0,0.0,3672000000.0,1.0,0,0.0,0.0,0.0,3115000000.0,3115000000.0,3115000000.0,0.0,4000000.0,0.0,557000000.0,0.1516884532,557000000.0,0.1516884532,0.0,557000000.0,0.1516884532,190000000.0,367000000.0,0.0999455338,0.37,0.37,989846000,1001904000,https://www.sec.gov/Archives/edgar/data/4977/000110465906072857/0001104659-06-072857-index.htm,https://www.sec.gov/Archives/edgar/data/4977/000110465906072857/a06-22811_110q.htm,3.709667968552684,0.3707647452229943,1.0759249418596428,1.0759249418596428,1.4476999452440076,8.109342261321459,8.109342261321459,8.109342261321459,1.4578025268577133,22647676480.0,22708676480.0,15.427572534059944,6.167667886710239,21.26542392488263,21.26542392488263,2.8214372094182134,2.8214372094182134,6.18428008714597,40.76961666068223,21.322700920187792,21.322700920187792,0.0162047528506553,0.0470246915148445,0.1792699638719322,0.024660257398934,0.1095152603231597,4.443181818181818,139.25,2.9019073569482288,0.0026492783952025,0.1634877384196185,0.0,0.0,0.0,0.0,0.0,0.0,0.0,8.224950449243478,0.0085627624825011,0.0062893081761006,-48.99903621371405,1515000000.0,8027000000.0,-48371000000.0,1965000000.0,515000000.0,703000000.0,0.0,12.794117647058824,0.0,0.0,7.0344827586206895,0.0,0.0,0.0457206926622648,0.0,2006-10-24,0.36,bmo,3124000000.0,2025-04-25,2006-09-30,0.0,22.26793650793651,3972177.777777778
2006-06-30,AFL,USD,4977,2006-08-07,2006-08-07 17:04:26,2006,Q2,3697000000.0,0.0,3697000000.0,1.0,0,0.0,0.0,0.0,3073000000.0,3073000000.0,3073000000.0,0.0,5000000.0,0.0,624000000.0,0.1687855018,624000000.0,0.1687855018,0.0,624000000.0,0.1687855018,216000000.0,408000000.0,0.1103597511,0.41,0.41,993902000,1006572000,https://www.sec.gov/Archives/edgar/data/4977/000000497706000083/0000004977-06-000083-index.htm,https://www.sec.gov/Archives/edgar/data/4977/000000497706000083/q606.htm,3.7196826246450856,0.410503248811251,1.1630925382985444,1.1630925382985444,0.9910433825467702,7.212984781195732,7.212984781195732,7.212984781195732,1.0826017051982992,23038648360.0,23185648360.0,14.116818848039216,6.231714460373276,19.929626608996543,19.92962660899654,3.213648815734412,3.213648815734412,6.271476429537463,37.15648775641026,20.056789238754327,20.056789238754327,0.0177093722524267,0.0501765547152089,0.1493932208118287,0.0186481404095277,0.235576923076923,1.5455486542443064,124.8,2.833333333333333,0.0026477247730343,0.1495098039215686,0.0,0.0,0.0,0.0,0.0,0.0,0.0,8.162196882084293,0.0098403357291013,0.0071040534893439,-49.19700332628368,527000000.0,7169000000.0,-48770000000.0,981000000.0,455000000.0,716500000.0,0.0,12.366783878820666,0.0,0.0,7.27755905511811,0.0,0.0,0.0569117031664109,0.0,2006-07-25,0.35,bmo,2905921052.0,2025-04-25,2006-06-30,0.0857142857142858,23.32984126984127,3199152.380952381
2006-03-31,AFL,USD,4977,2006-05-08,2006-05-08 17:26:46,2006,Q1,3559000000.0,0.0,3559000000.0,1.0,0,0.0,0.0,0.0,2984000000.0,2984000000.0,2984000000.0,0.0,5000000.0,0.0,575000000.0,0.1615622366,575000000.0,0.1615622366,0.0,575000000.0,0.1615622366,200000000.0,375000000.0,0.105366676,0.38,0.37,996074000,1009148000,https://www.sec.gov/Archives/edgar/data/4977/000000497706000050/0000004977-06-000050-index.htm,https://www.sec.gov/Archives/edgar/data/4977/000000497706000050/q306afl.htm,3.5730277067768057,0.3764780528354319,1.0270321281350585,1.0270321281350585,1.2207928326610271,7.605860608749952,7.605860608749952,7.605860608749952,1.4105377712900848,22481390180.0,22726390180.0,14.987593453333334,6.316771615622366,21.975943479960897,21.9759434799609,2.967448545406547,2.967448545406547,6.385611177296994,39.52415683478261,22.215435171065497,22.215435171065497,0.0166804631296159,0.0455043034175923,0.1847940865892291,0.0249394328060424,0.4260869565217391,3.464668094218416,115.0,2.728,0.0027578365707631,0.1653333333333333,0.0,0.0,0.0,0.0,0.0,0.0,0.0,8.026667479265454,0.0091761078620892,0.0066802052159042,-47.22791680136215,1151000000.0,7576000000.0,-46942000000.0,1598000000.0,493000000.0,544500000.0,0.0,10.165776903624613,0.0,0.0,8.85323383084577,0.0,0.0,0.0494984160506863,0.0,2006-04-25,0.35,bmo,2950694444.0,2025-04-25,2006-03-31,0.0285714285714286,23.49967741935484,3345683.870967742
2005-12-31,AFL,USD,4977,2006-02-28,2006-02-28 17:05:38,2005,Q4,3567000000.0,0.0,3567000000.0,1.0,0,0.0,0.0,0.0,3008000000.0,3008000000.0,3008000000.0,0.0,6000000.0,0.0,559000000.0,0.1567143258,559000000.0,0.1567143258,0.0,559000000.0,0.1567143258,195000000.0,364000000.0,0.1020465377,0.37,0.36,996074000,1009148000,https://www.sec.gov/Archives/edgar/data/4977/000000497706000036/0000004977-06-000036-index.htm,https://www.sec.gov/Archives/edgar/data/4977/000000497706000036/afl10k05.htm,3.5810592385706284,0.3654346966189259,0.972819288526756,0.9567562249391108,50.48420097302008,7.958244066203917,7.958244066203917,7.958244066203917,1.4065220053931735,23118877540.0,23216877540.0,15.878349958791208,6.4813225511634425,23.858490753353973,24.259053032528858,2.916472504099912,2.916472504099912,6.508796619007569,41.53287574239714,23.95962594427245,24.361886190975863,0.0157447090314056,0.0412217244695868,0.175980825028384,0.0247511577154415,0.1753130590339892,3.024115755627009,93.16666666666669,2.662087912087912,0.0022059894522024,0.1401098901098901,0.0,0.0,0.0,0.0,0.0,0.0,0.0,8.089185149564411,0.0073770824044424,0.0064583666010184,2.299025975981704,1259000000.0,7927000000.0,-46553000000.0,1707000000.0,639500000.0,472000000.0,0.0,14.73507148864592,0.0,0.0,6.107876712328767,0.0,0.0,0.0459190109751482,0.0,2006-01-30,0.31,bmo,3151666666.0,2025-04-25,2005-12-31,-0.032258064516129,23.574920634920637,3028358.73015873
2005-09-30,AFL,USD,4977,2005-11-08,2005-11-08 14:44:56,2005,Q3,3669000000.0,0.0,3669000000.0,1.0,0,0.0,0.0,0.0,3024000000.0,3024000000.0,3024000000.0,0.0,6000000.0,0.0,645000000.0,0.17579722,645000000.0,0.17579722,0.0,645000000.0,0.17579722,190000000.0,455000000.0,0.1240119924,0.46,0.45,1001114000,1014646000,https://www.sec.gov/Archives/edgar/data/4977/000000497705000144/0000004977-05-000144-index.htm,https://www.sec.gov/Archives/edgar/data/4977/000000497705000144/q905final.htm,3.664917282147688,0.4544936940248563,1.1067670614934964,1.1067670614934964,1.9937789302716773,7.997091240358241,7.997091240358241,7.997091240358241,1.7041016307833077,22675232100.0,22513232100.0,12.458918736263737,6.180221340964841,20.465010920577612,20.46501092057762,2.8322798026480136,2.8322798026480136,6.136067620605069,34.90423581395349,20.31880153429603,20.31880153429603,0.0200659467560642,0.0488638879246576,0.2123407444416687,0.0295894035124362,-0.2511627906976744,8.357142857142858,107.5,2.435164835164835,0.0023373520397173,0.1164835164835164,0.0,0.0,0.0,0.0,0.0,0.0,0.0,9.043180836071748,0.0107321445419379,0.0079195168224461,-46.87752843332528,2369000000.0,8006000000.0,-46756000000.0,2835000000.0,637000000.0,611500000.0,0.0,17.04824202780049,0.0,0.0,5.279136690647482,0.0,0.0,0.0568323757182113,0.0,2005-10-24,0.32,bmo,3051636363.0,2025-04-25,2005-09-30,0.03125,22.16453125,2919346.875
2005-06-30,AFL,USD,4977,2005-08-05,2005-08-05 15:18:44,2005,Q2,3567000000.0,0.0,3567000000.0,1.0,0,0.0,0.0,0.0,3051000000.0,3051000000.0,3051000000.0,0.0,6000000.0,0.0,516000000.0,0.1446593776,516000000.0,0.1446593776,0.0,516000000.0,0.1446593776,180000000.0,336000000.0,0.094196804,0.34,0.33,1002852000,1016004000,https://www.sec.gov/Archives/edgar/data/4977/000000497705000107/0000004977-05-000107-index.htm,https://www.sec.gov/Archives/edgar/data/4977/000000497705000107/q605edg.htm,3.556855847124002,0.3350444532194182,1.1786385229325962,1.1786385229325962,1.4718024194995871,8.434943541021008,8.434943541021008,8.434943541021008,1.3710896523116074,21701717280.0,21642717280.0,16.147111071428572,6.084025029436502,18.3601669035533,18.3601669035533,2.5655180612365527,2.5655180612365527,6.067484519203813,41.94325054263566,18.310251505922167,18.310251505922167,0.0154826457125424,0.0544657358101939,0.1618394609291878,0.023605483231313,-0.1143410852713178,2.2807991120976694,86.0,3.517857142857143,0.0023961237412268,0.1547619047619047,0.0,0.0,0.0,0.0,0.0,0.0,0.0,7.974134658341058,0.0079929585841044,0.0057936028968014,-47.4903076426033,1154000000.0,8459000000.0,-47481000000.0,1631000000.0,507500000.0,704000000.0,0.0,14.608915054667786,0.0,0.0,6.160621761658031,0.0,0.0,0.0397210072112542,0.0,2005-07-26,0.32,bmo,3049000000.0,2025-04-25,2005-06-30,0.0,20.11265625,3798937.4375
2005-03-31,AFL,USD,4977,2005-05-06,2005-05-06 15:52:52,2005,Q1,3559000000.0,0.0,3559000000.0,1.0,0,0.0,0.0,0.0,3053000000.0,3053000000.0,3053000000.0,0.0,6000000.0,0.0,506000000.0,0.1421747682,506000000.0,0.1421747682,0.0,506000000.0,0.1421747682,178000000.0,328000000.0,0.0921607193,0.33,0.32,1005412000,1018898000,https://www.sec.gov/Archives/edgar/data/4977/000000497705000065/0000004977-05-000065-index.htm,https://www.sec.gov/Archives/edgar/data/4977/000000497705000065/q305.htm,3.539842373076908,0.3262344193226259,1.1676805130633017,1.1676805130633017,1.033407200232343,7.73414281906323,7.73414281906323,7.73414281906323,1.3964424534419722,18730825560.0,19136825560.0,14.27654387195122,5.262946209609441,15.954706609880748,15.95470660988075,2.4087995833333333,2.4087995833333333,5.377023197527396,37.81981335968379,16.300532844974445,16.300532844974445,0.0175112409727657,0.0626774295793505,0.1797839506172839,0.0245086867341035,0.8023715415019763,2.9092702169625246,84.33333333333333,3.5792682926829267,0.0028295602791359,0.1615853658536585,0.0,0.0,0.0,0.0,0.0,0.0,0.0,7.534635413179949,0.0079196445818041,0.0057502498203046,-47.64116600955628,968000000.0,7776000000.0,-47790000000.0,1459000000.0,426500000.0,1697000000.0,0.0,11.025568980050576,0.0,0.0,8.162844036697248,0.0,0.0,0.0421810699588477,0.0,2005-04-26,0.31,bmo,2860454545.0,2025-04-25,2005-03-31,0.0645161290322581,19.425737704918035,3339537.770491803
2004-12-31,AFL,USD,4977,2005-03-10,2005-03-10 15:21:29,2004,Q4,3447000000.0,0.0,3447000000.0,1.0,0,0.0,0.0,0.0,2998000000.0,2998000000.0,2998000000.0,0.0,6000000.0,0.0,449000000.0,0.1302581955,449000000.0,0.1302581955,0.0,449000000.0,0.1302581955,31000000.0,418000000.0,0.121264868,0.42,0.41,1005412000,1018898000,https://www.sec.gov/Archives/edgar/data/4977/000000497705000049/0000004977-05-000049-index.htm,https://www.sec.gov/Archives/edgar/data/4977/000000497705000049/afl10k04.htm,3.428445254283816,0.4157499612099318,0.9508539782696048,0.9299670184959,3.833254427040855,7.532235541250751,7.532235541250751,7.532235541250751,1.4272755845364886,20027807040.0,17643807040.0,11.978353492822968,5.810213820713664,20.949588953974896,21.420114481283424,2.644633175755976,2.644633175755976,5.118597922831448,39.29578405345212,18.45586510460251,18.870381860962567,0.0208709819884503,0.0466850912899548,0.188696685593556,0.0240872467383609,-5.309576837416481,1.4651887772774506,74.83333333333333,2.287081339712919,0.0022468760513882,0.1076555023923445,0.0,0.0,0.0,0.0,0.0,0.0,0.0,8.394006746913483,0.0083668608258772,0.007045814651249,-47.33009950149789,1343000000.0,7573000000.0,-47523000000.0,1858000000.0,416000000.0,1562000000.0,0.0,10.887728459530026,0.0,0.0,8.266187050359711,0.0,0.0,0.0551960913772613,0.0,2005-01-31,0.29,bmo,3328137931.0,2025-04-25,2004-12-31,0.0344827586206896,19.26,3984859.40625
2004-09-30,AFL,USD,4977,2004-11-08,2004-11-08 16:14:41,2004,Q3,3321000000.0,0.0,3321000000.0,1.0,0,0.0,0.0,0.0,2870000000.0,2870000000.0,2870000000.0,0.0,6000000.0,0.0,451000000.0,0.1358024691,451000000.0,0.1358024691,0.0,451000000.0,0.1358024691,158000000.0,293000000.0,0.0882264378,0.29,0.28,1013198000,1031152000,https://www.sec.gov/Archives/edgar/data/4977/000000497704000112/0000004977-04-000112-index.htm,https://www.sec.gov/Archives/edgar/data/4977/000000497704000112/q904afl.htm,3.2777403824326536,0.2891833580405804,1.2643135892490904,1.2643135892490904,3.71102193253441,7.152599985392786,7.152599985392786,7.152599985392786,1.358076111480678,19868812780.0,19850812780.0,16.952911928327644,5.982780120445649,15.510392490242,15.510392490241998,2.741660380847247,2.741660380847247,5.977360066245107,44.01510594235033,15.496340967993754,15.496340967993754,0.0147467291198664,0.06447290103259,0.1890437422381675,0.0258915578402283,-0.0399113082039911,7.6075949367088604,75.16666666666667,4.3720136518771335,0.0022648560081706,0.1535836177474402,0.0,0.0,0.0,0.0,0.0,0.0,0.0,6.821971112235824,0.0075836007868309,0.0055373915672897,-41.05293338518237,1566000000.0,7247000000.0,-43863000000.0,2056000000.0,442500000.0,635000000.0,0.0,11.24661246612466,0.0,0.0,8.002409638554218,0.0,0.0,0.0404305229750241,0.0,2004-10-26,0.29,bmo,2830000000.0,2025-04-25,2004-09-30,0.0,19.93328125,2787290.625
2004-06-30,AFL,USD,4977,2004-08-06,2004-08-06 15:08:24,2004,Q2,3233000000.0,0.0,3233000000.0,1.0,0,0.0,0.0,0.0,2820000000.0,2820000000.0,2820000000.0,0.0,6000000.0,0.0,413000000.0,0.1277451284,413000000.0,0.1277451284,0.0,413000000.0,0.1277451284,155000000.0,258000000.0,0.0798020414,0.26,0.25,1016706000,1035720000,https://www.sec.gov/Archives/edgar/data/4977/000000497704000070/0000004977-04-000070-index.htm,https://www.sec.gov/Archives/edgar/data/4977/000000497704000070/q604.htm,3.179876975251449,0.2537606741771958,1.0120919911950947,1.0120919911950947,2.500231138598572,6.077469789693383,6.077469789693383,6.077469789693383,1.3779794748924468,20750969460.0,21073969460.0,20.107528546511627,6.418487305907825,20.166151078717203,20.166151078717203,3.35830546366726,3.35830546366726,6.518394512836375,51.02656043583535,20.480048066083576,20.480048066083576,0.012433154050818,0.0495880446445416,0.2257646868425311,0.0267600230193746,0.7820823244552058,1.4927395934172314,68.83333333333333,3.972972972972973,0.0022167639005334,0.1782945736434108,0.0,0.0,0.0,0.0,0.0,0.0,0.0,5.890671752889732,0.0069274763042719,0.0049491655476692,-42.34901731670709,509000000.0,6179000000.0,-44409000000.0,1014000000.0,456000000.0,964000000.0,0.0,13.083823074543767,0.0,0.0,6.878723404255319,0.0,0.0,0.0417543291794788,0.0,2004-07-27,0.28,bmo,2749000000.0,2025-04-25,2004-06-30,0.0,20.502903225806453,2789429.0322580645
2004-03-31,AFL,USD,4977,2004-05-06,2004-05-06 13:31:15,2004,Q1,3280000000.0,0.0,3280000000.0,1.0,0,0.0,0.0,0.0,2814000000.0,2814000000.0,2814000000.0,0.0,6000000.0,0.0,466000000.0,0.1420731707,466000000.0,0.1420731707,0.0,466000000.0,0.1420731707,162000000.0,304000000.0,0.0926829268,0.3,0.3,1019848000,1038710000,https://www.sec.gov/Archives/edgar/data/4977/000000497704000050/0000004977-04-000050-index.htm,https://www.sec.gov/Archives/edgar/data/4977/000000497704000050/q304.htm,3.216165546238263,0.2980836359928146,1.196256697076427,1.196256697076427,3.5858284764004047,6.856904166111028,6.856904166111028,6.856904166111028,1.4011891968214871,20468349360.0,20722349360.0,16.83252414473684,6.240350414634146,16.777335540983607,16.777335540983607,2.9269768854568854,2.9269768854568854,6.317789439024391,44.4685608583691,16.98553226229508,16.98553226229508,0.0148521991027809,0.059604220083529,0.2034892034892035,0.0267034472405186,0.5450643776824035,1.8,77.66666666666667,4.0131578947368425,0.0022473722326576,0.1513157894736842,0.0,0.0,0.0,0.0,0.0,0.0,0.0,6.781478144438328,0.0079253350018249,0.005704742066843,-41.48412312423028,716000000.0,6993000000.0,-44685000000.0,1237000000.0,494500000.0,634500000.0,0.0,12.128048780487804,0.0,0.0,7.420814479638009,0.0,0.0,0.0434720434720434,0.0,2004-04-27,0.27,bmo,2705785714.0,2025-04-25,2004-03-31,0.037037037037037,19.37935483870968,3320832.3225806453
2003-12-31,AFL,USD,4977,2004-03-11,2004-03-11 15:10:03,2003,Q4,2847000000.0,0.0,2847000000.0,1.0,0,0.0,0.0,0.0,2741000000.0,2741000000.0,2741000000.0,0.0,6000000.0,0.0,106000000.0,0.0372321742,106000000.0,0.0372321742,0.0,106000000.0,0.0372321742,34000000.0,72000000.0,0.0252897787,0.071,0.069,1019848000,1038710000,https://www.sec.gov/Archives/edgar/data/4977/000000497704000030/0000004977-04-000030-index.htm,https://www.sec.gov/Archives/edgar/data/4977/000000497704000030/afl10k03.htm,2.7915924726037606,0.070598755893035,0.767761470336756,0.7471701665346209,1.4051113499266557,6.516657384237651,6.516657384237651,6.516657384237651,1.387461660953397,18449050320.0,18806050320.0,64.05920250000001,6.480172223393045,23.56200551724138,24.21135212598425,2.775963033403551,2.775963033403551,6.6055673761854585,177.41556905660377,24.017944214559385,24.67985606299213,0.0039026399056404,0.041302939001361,0.2120072223894071,0.027646966486147,3.3679245283018866,4.275401069518717,17.666666666666668,10.875,0.0021139299488885,0.5416666666666666,0.0,0.0,0.0,0.0,0.0,0.0,0.0,3.2173790323705425,0.0016104140106018,0.0014127619496114,-41.64811815094014,1225000000.0,6646000000.0,-42719000000.0,1743000000.0,521000000.0,551500000.0,0.0,17.291886195995787,0.0,0.0,5.204753199268739,0.0,0.0,0.0108335841107433,0.0,2004-02-02,0.25,bmo,2375000000.0,2025-04-25,2003-12-31,0.0,17.656875,3124468.8125
2003-09-30,AFL,USD,4977,2003-11-12,2003-11-12 11:04:09,2003,Q3,2931000000.0,0.0,2931000000.0,1.0,0,0.0,0.0,0.0,2560000000.0,2560000000.0,2560000000.0,0.0,6000000.0,0.0,371000000.0,0.1265779597,371000000.0,0.1265779597,0.0,371000000.0,0.1265779597,134000000.0,237000000.0,0.0808597748,0.23,0.23,1026770000,1042424000,https://www.sec.gov/Archives/edgar/data/4977/000000497703000170/0000004977-03-000170-index.htm,https://www.sec.gov/Archives/edgar/data/4977/000000497703000170/q903edg.htm,2.854582817963127,0.2308209238680522,0.9904847239401228,0.9904847239401228,3.323042161340904,6.493177634718584,6.493177634718584,6.493177634718584,1.3459684252558997,16582335499.999998,16782335499.999998,17.491915084388182,5.657569259638348,16.305147984267453,16.305147984267453,2.487225963701815,2.487225963701815,5.725805356533606,45.23540566037735,16.501804818092427,16.501804818092427,0.0142923172673716,0.0613303234637847,0.2063896805159742,0.0279470306279957,0.5390835579514824,2.292181069958848,61.833333333333336,4.291139240506329,0.0023519003098206,0.1645569620253164,0.0,0.0,0.0,0.0,0.0,0.0,0.0,5.807075715100945,0.006661981728742,0.0048135510601998,-37.77452594057092,942000000.0,6667000000.0,-40898000000.0,1445000000.0,479000000.0,996000000.0,0.0,15.199590583418628,0.0,0.0,5.921212121212121,0.0,0.0,0.0355482225888705,0.0,2003-10-22,0.23,bmo,2379541666.0,2025-04-25,2003-09-30,0.0434782608695651,15.8471875,4608612.53125
2003-06-30,AFL,USD,4977,2003-08-12,2003-08-12 16:50:10,2003,Q2,2861000000.0,0.0,2861000000.0,1.0,0,0.0,0.0,0.0,2484000000.0,2484000000.0,2484000000.0,0.0,5000000.0,0.0,377000000.0,0.1317721077,377000000.0,0.1317721077,0.0,377000000.0,0.1317721077,129000000.0,248000000.0,0.086682978,0.24,0.24,1027456000,1045426000,https://www.sec.gov/Archives/edgar/data/4977/000095013303002828/0000950133-03-002828-index.htm,https://www.sec.gov/Archives/edgar/data/4977/000095013303002828/w88848e10vq.htm,2.7845474648062787,0.2413728665753083,0.5975925003114488,0.5975925003114488,4.866388439018313,7.364792263610315,7.364792263610315,7.364792263610315,1.2818067148374237,15802273280.0,15379273280.0,15.929710967741936,5.523339140160783,25.73660143322476,25.73660143322476,2.0883141641337386,2.0883141641337386,5.375488738203425,40.79382832891247,25.04767635179153,25.04767635179153,0.0156939445107482,0.0388551690709654,0.1733844324038588,0.027430482960485,-1.1220159151193634,1.7403008709422012,75.4,2.465863453815261,0.0021515891667961,0.1370967741935483,0.0,0.0,0.0,0.0,0.0,0.0,0.0,6.324347631098698,0.0072853323932904,0.0051850303157014,-33.98272042793074,935000000.0,7567000000.0,-38065000000.0,1407000000.0,434000000.0,682500000.0,0.0,14.564837469416288,0.0,0.0,6.1792656587473,0.0,0.0,0.0327738866129245,0.0,2003-07-23,0.23,bmo,2425000000.0,2025-04-25,2003-06-30,0.0,16.272698412698414,4404320.634920635
2003-03-31,AFL,USD,4977,2003-05-12,2003-05-12 10:59:58,2003,Q1,2807000000.0,0.0,2807000000.0,1.0,0,0.0,0.0,0.0,2437000000.0,2437000000.0,2437000000.0,0.0,5000000.0,0.0,370000000.0,0.1318133238,370000000.0,0.1318133238,0.0,370000000.0,0.1318133238,133000000.0,237000000.0,0.0844317777,0.23,0.23,1029130000,1048936000,https://www.sec.gov/Archives/edgar/data/4977/000000497703000126/0000004977-03-000126-index.htm,https://www.sec.gov/Archives/edgar/data/4977/000000497703000126/q303edgk.htm,2.7275465684607387,0.2302916055308853,0.9474021746523764,0.9474021746523764,3.74588244439478,6.8135221011922695,6.8135221011922695,6.8135221011922695,1.2787500121461817,16486662600.0,16812662600.0,17.390994303797466,5.873410260064126,16.909397538461537,16.909397538461537,2.351206873930405,2.351206873930405,5.9895484859280375,45.43962864864865,17.243756512820514,17.243756512820514,0.0143752562753361,0.0591387125251171,0.1869652025099829,0.0289142277408967,0.8810810810810811,13.627450980392156,74.0,4.113924050632911,0.0020622730521579,0.1434599156118143,0.0,0.0,0.0,0.0,0.0,0.0,0.0,5.941774250178487,0.0071239629674161,0.0052270571888577,-33.20304529068242,1288000000.0,7012000000.0,-36939000000.0,1766000000.0,420000000.0,712500000.0,0.0,12.985393658710366,0.0,0.0,6.930864197530864,0.0,0.0,0.0337992013690815,0.0,2003-04-23,0.22,bmo,2273652173.0,2025-04-25,2003-03-31,0.0454545454545455,15.779672131147542,3095672.131147541
2002-12-31,AFL,USD,4977,2003-03-27,2003-03-27 16:54:05,2002,Q4,2666000000.0,0.0,2666000000.0,1.0,0,0.0,0.0,0.0,2371000000.0,2371000000.0,2371000000.0,0.0,6000000.0,0.0,295000000.0,0.1106526632,295000000.0,0.1106526632,0.0,295000000.0,0.1106526632,109000000.0,186000000.0,0.0697674419,0.18,0.18,1029130000,1048936000,https://www.sec.gov/Archives/edgar/data/4977/000000497703000098/0000004977-03-000098-index.htm,https://www.sec.gov/Archives/edgar/data/4977/000000497703000098/k02.htm,2.590537638587933,0.1807351840875302,0.5859318064773158,0.5742714720200558,1.366202520575632,6.213014876643379,6.213014876643379,6.213014876643379,1.2806934012223918,15498697800.0,15431697800.0,20.831583064516128,5.813465041260315,25.702649751243783,26.224530964467004,2.42394397873006,2.42394397873006,5.7883337584396095,52.31084,25.59153864013267,26.11116379018613,0.0120010082395438,0.0381322358579054,0.2051923678448545,0.0291180256558213,-0.2271186440677966,1.3711262282690857,49.16666666666666,3.2419354838709675,0.001871124940574,0.1559139784946236,0.0,0.0,0.0,0.0199004975124378,0.0045011252813203,0.0,0.0,5.026478261968897,0.0048044635015756,0.0041280127835234,-35.886379757659384,491000000.0,6394000000.0,-36850000000.0,973000000.0,418000000.0,665500000.0,0.0,14.684921230307577,0.0,0.0,6.128735632183908,0.0,0.0,0.0290897716609321,0.01166033445726,2003-01-30,0.21,bmo,2666000000.0,2025-04-25,2002-12-31,0.0,15.4665625,3516225.0
2002-09-30,AFL,USD,4977,2002-11-12,2002-11-12 16:33:09,2002,Q3,2707000000.0,0.0,2707000000.0,1.0,0,0.0,0.0,0.0,2350000000.0,2350000000.0,2350000000.0,0.0,5000000.0,0.0,357000000.0,0.1318803103,357000000.0,0.1318803103,0.0,357000000.0,0.1318803103,117000000.0,240000000.0,0.0886590321,0.23,0.23,1033968000,1055816000,https://www.sec.gov/Archives/edgar/data/4977/000000497702000238/0000004977-02-000238-index.htm,https://www.sec.gov/Archives/edgar/data/4977/000000497702000238/q902edg4.htm,2.618069418009068,0.2321155006731349,0.9516735527598532,0.950706404840382,3.3869520139888274,5.903470900453399,5.903470900453399,5.903470900453399,1.2572922953128145,15871408800.0,15875408800.0,16.5327175,5.863098928703361,16.129480487804877,16.145888911495422,2.600165268676278,2.600165268676278,5.86457657923901,44.46893221288516,16.133545528455283,16.149958087487285,0.0151215309884778,0.0619352706736405,0.2121559633027523,0.0301914065232089,0.011204481792717,0.0476700287372513,71.4,4.1,0.001827184994441,0.1208333333333333,0.0,0.0,0.0,0.0010162601626016,0.000369412633912,0.0,0.0,5.552608381182714,-0.0650582813770669,0.0055953185834518,-31.902583058663325,-33802000000.0,6104000000.0,-35097000000.0,-33333000000.0,388500000.0,138500000.0,0.0,13.33210195788696,0.0,0.0,6.750623441396509,0.0,0.0,0.0393184796854521,0.0009671479194713,2002-10-22,0.2,bmo,2289000000.0,2025-04-25,2002-09-30,0.0,14.923125,3864465.71875
2002-06-30,AFL,USD,4977,2002-08-13,2002-08-13 11:14:08,2002,Q2,2513000000.0,0.0,2513000000.0,1.0,0,0.0,0.0,0.0,2191000000.0,2191000000.0,2191000000.0,0.0,5000000.0,0.0,322000000.0,0.1281337047,322000000.0,0.1281337047,0.0,322000000.0,0.1281337047,110000000.0,212000000.0,0.0843613211,0.21,0.2,1036154000,1059212000,https://www.sec.gov/Archives/edgar/data/4977/000000497702000134/0000004977-02-000134-index.htm,https://www.sec.gov/Archives/edgar/data/4977/000000497702000134/q602edg.htm,2.425315155855211,0.2046027907048566,0.5568670294184069,0.5491461693918086,2.745730846959043,5.630437174396856,5.630437174396856,5.630437174396856,1.2440235717856611,15967133140.0,16490133140.0,18.829166438679245,6.353813426183844,27.672674419410743,28.061745413005276,2.7369100342817965,2.7369100342817965,6.561931213688818,51.21159360248447,28.57908689774697,28.98090182776801,0.0132772738938907,0.0356357021019992,0.2200891326705519,0.0306144345628382,1.624223602484472,0.0326508342187634,64.4,2.7216981132075477,0.0018788595132864,0.1415094339622641,0.0,0.0,0.0,0.0138648180242634,0.003183446080382,0.0,0.0,5.091175804499801,-0.0497652582159624,0.0050547197253284,-31.82924545965175,-33686000000.0,5834000000.0,-34970000000.0,-33197000000.0,360000000.0,139000000.0,0.0,13.465976920015915,0.0,0.0,6.683510638297872,0.0,0.0,0.0363387041480973,0.0077208600265983,2002-07-23,0.19,bmo,2116000000.0,2025-04-25,2002-06-30,0.0,15.1196875,3070146.875
2002-03-31,AFL,USD,4977,2002-05-13,2002-05-13 16:37:40,2002,Q1,2371000000.0,0.0,2371000000.0,1.0,0,0.0,0.0,0.0,2086000000.0,2086000000.0,2086000000.0,0.0,4000000.0,0.0,285000000.0,0.1202024462,285000000.0,0.1202024462,0.0,285000000.0,0.1202024462,102000000.0,183000000.0,0.0771826234,0.18,0.17,1038946000,1059254000,https://www.sec.gov/Archives/edgar/data/4977/000000497702000089/0000004977-02-000089-index.htm,https://www.sec.gov/Archives/edgar/data/4977/000000497702000089/q302edg.htm,2.282120533694725,0.1761400496272183,0.8412371769081357,0.837387121178579,2.14929361102502,5.09843629986544,5.09843629986544,5.09843629986544,1.156941746731784,15262116740.0,15937116740.0,20.8498862568306,6.436995672711936,17.46237613272311,17.54266291954023,2.881275578629413,2.881275578629413,6.721685676929566,55.91970785964912,18.23468734553776,18.318524988505747,0.0119904730855832,0.0570038884396582,0.2261657542004908,0.0320500815966184,2.3684210526315788,0.0280727884988991,71.25,4.775956284153006,0.0015725210604043,0.1311475409836065,0.0,0.0,0.0,0.0045766590389016,0.0016870518768452,0.0,0.0,4.495094383301532,-0.0505524861878453,0.0048957971053265,-28.48174977332797,-30017000000.0,5297000000.0,-31215000000.0,-29569000000.0,345500000.0,387000000.0,0.0,13.057781526781948,0.0,0.0,6.892441860465116,0.0,0.0,0.0345478572777043,0.0038500557295566,2002-04-23,0.18,bmo,1990000000.0,2025-04-25,2002-03-31,0.0,13.134333333333334,4827700.1
2001-12-31,AFL,USD,4977,2002-03-27,2002-03-27 00:00:00,2001,Q4,2404000000.0,0.0,2404000000.0,1.0,0,0.0,0.0,0.0,2140000000.0,2140000000.0,2140000000.0,0.0,4000000.0,0.0,264000000.0,0.1098169717,264000000.0,0.1098169717,0.0,264000000.0,0.1098169717,102000000.0,162000000.0,0.0673876872,0.16,0.15,1038946000,1059254000,https://www.sec.gov/Archives/edgar/data/4977/000000497702000065/0000004977-02-000065-index.htm,https://www.sec.gov/Archives/edgar/data/4977/000000497702000065/k01edg.htm,2.313883493463568,0.1559272570470457,0.6160089167290697,0.6477718764979123,7.303555718969032,5.221638083211254,5.221638083211254,5.221638083211254,1.1656043721232865,12758256880.0,13113256880.0,19.68866802469136,5.307095207986689,19.934776375,18.957291054977716,2.351752420276497,2.351752420276497,5.454765757071548,49.671427575757576,20.489463875,19.484779910846957,0.0126976593686519,0.0527501528092762,0.2224884792626728,0.0318806127839408,1.3446969696969695,1.2122133982323555,66.0,3.950617283950617,0.0018811347212817,0.1481481481481481,0.0,0.0,0.0,0.0,0.0,0.0,0.0,4.280117209980272,0.0244270205066345,0.0042789223454833,-23.66508942716946,6627000000.0,5425000000.0,5420000000.0,7082000000.0,394500000.0,382500000.0,0.0,12.990848585690516,0.0,0.0,6.927953890489913,0.0,0.0,0.0298617511520737,0.0,2002-01-31,0.17,bmo,2404000000.0,2025-04-25,2001-12-31,0.0,12.924375,3963821.90625
2001-09-30,AFL,USD,4977,2001-11-14,2001-11-14 00:00:00,2001,Q3,2446000000.0,0.0,2446000000.0,1.0,0,0.0,0.0,0.0,2152000000.0,2152000000.0,2152000000.0,0.0,5000000.0,0.0,294000000.0,0.1201962388,294000000.0,0.1201962388,0.0,294000000.0,0.1201962388,101000000.0,193000000.0,0.0789043336,0.19,0.18,1048532000,1072086000,https://www.sec.gov/Archives/edgar/data/4977/000000497701500139/0000004977-01-500139-index.htm,https://www.sec.gov/Archives/edgar/data/4977/000000497701500139/q901.htm,2.332785265494997,0.1840668668195152,0.7534343253234045,0.7400823246214708,2.803920147406088,5.301697993003551,5.301697993003551,5.301697993003551,1.2321989219213147,14102755400.0,14562755400.0,18.26781787564767,5.76563998364677,17.85158911392405,18.173653865979382,2.536923079690592,2.536923079690592,5.953702125919869,49.53318163265306,18.433867594936707,18.76643737113402,0.0136852689085141,0.0550247081502952,0.2315164597949271,0.0321348314606741,1.564625850340136,0.0382182869533791,58.8,4.093264248704664,0.0017727032264914,0.1295336787564766,0.0,0.0,0.0,0.0177215189873417,0.0057236304170073,0.0,0.0,4.685830354792864,-0.0527466520907351,0.0048189762796504,-29.77448470814434,-31935000000.0,5559000000.0,-33222000000.0,-31443000000.0,369500000.0,398500000.0,0.0,16.26328699918234,0.0,0.0,5.53393665158371,0.0,0.0,0.0347184745457816,0.0133520007019337,2001-10-24,0.17,bmo,2054000000.0,2025-04-25,2001-09-30,0.0,14.24186440677966,3852695.118644068
2001-06-30,AFL,USD,4977,2001-08-09,2001-08-09 00:00:00,2001,Q2,2348000000.0,0.0,2348000000.0,1.0,0,0.0,0.0,0.0,2099000000.0,2099000000.0,2099000000.0,0.0,5000000.0,0.0,249000000.0,0.1060477002,249000000.0,0.1060477002,0.0,249000000.0,0.1060477002,96000000.0,153000000.0,0.0651618399,0.14,0.14,1051572000,1078302000,https://www.sec.gov/Archives/edgar/data/4977/000000497701500099/0000004977-01-500099-index.htm,https://www.sec.gov/Archives/edgar/data/4977/000000497701500099/q601edg.txt,2.232847584378435,0.1454964567333478,0.1312320982300784,0.0855861510196163,0.6999045238937515,5.169403521584827,5.169403521584827,5.169403521584827,1.2942527948633094,16562259000.0,17182259000.0,27.06251470588235,7.053772998296423,120.0163695652174,184.0251,3.046773178807947,3.046773178807947,7.317827512776831,69.0050562248996,124.5091231884058,190.9139888888889,0.0092378702687839,0.0054340413345788,0.249448123620309,0.0349547598793596,2.4899598393574296,0.0322802412424611,49.8,0.8961038961038961,0.0015094559262718,0.1633986928104575,0.0,0.0,0.0,0.3478260869565217,0.0204429301533219,0.0,0.0,4.113748005875951,-0.0447368421052631,0.0039440105173613,-30.80935019190317,-30968000000.0,5436000000.0,-32324000000.0,-30494000000.0,310500000.0,607000000.0,0.0,11.384156729131176,0.0,0.0,7.905723905723906,0.0,0.0,0.0281456953642384,0.045645947210462,2001-07-24,0.16,bmo,1850352941.0,2025-04-25,2001-06-30,0.0625,15.558095238095238,3028307.936507937
2001-03-31,AFL,USD,4977,2001-05-09,2001-05-09 00:00:00,2001,Q1,2421000000.0,0.0,2421000000.0,1.0,0,0.0,0.0,0.0,2147000000.0,2147000000.0,2147000000.0,0.0,5000000.0,0.0,274000000.0,0.1131763734,274000000.0,0.1131763734,0.0,274000000.0,0.1131763734,96000000.0,178000000.0,0.0735233375,0.17,0.17,1056360000,1083534000,https://www.sec.gov/Archives/edgar/data/4977/000000497701500058/0000004977-01-500058-index.htm,https://www.sec.gov/Archives/edgar/data/4977/000000497701500058/q301edg.txt,2.2918323298875385,0.1685031618009012,1.212654776780643,1.19750842515809,1.0176454996402742,4.939603922905071,4.939603922905071,4.939603922905071,0.9845128554659396,14546077200.0,14506077200.0,20.42988370786517,6.008292936802974,11.355251522248242,11.498875256916996,2.787672901494825,2.787672901494825,5.991770838496489,52.94188759124088,11.324025917252149,11.467254703557312,0.0122369761656427,0.0869650272445962,0.1983518589497891,0.0274966127361122,-0.145985401459854,0.0445711736969542,54.8,7.196629213483146,0.0014436881993174,0.1179775280898876,0.0,0.0,0.0,0.0124902419984387,0.0066088393225939,0.0,0.0,4.32754257965267,-0.0476063118480877,0.0047288860550994,-29.44545420121928,-29989000000.0,5218000000.0,-31024000000.0,-29526000000.0,312500000.0,272000000.0,0.0,12.04460966542751,0.0,0.0,7.472222222222222,0.0,0.0,0.0341126868532004,0.0151463516225529,2001-04-24,0.16,bmo,1900235294.0,2025-04-25,2001-03-31,0.0625,14.994193548387097,4525574.225806451
2000-12-31,AFL,USD,4977,2001-03-28,2001-03-28 00:00:00,2000,Q4,2488000000.0,0.0,2488000000.0,1.0,0,0.0,0.0,0.0,2231000000.0,2231000000.0,2231000000.0,0.0,5000000.0,0.0,257000000.0,0.1032958199,257000000.0,0.1032958199,0.0,257000000.0,0.1032958199,91000000.0,166000000.0,0.0667202572,0.16,0.15,1056360000,1083534000,https://www.sec.gov/Archives/edgar/data/4977/000000497701500045/0000004977-01-500045-index.htm,https://www.sec.gov/Archives/edgar/data/4977/000000497701500045/k00edg.txt,2.355257677306979,0.1571433980839865,0.6342534741944035,0.6228937104774888,0.5765080086334204,4.443560907266463,4.443560907266463,4.443560907266463,1.02616532242796,19067298000.0,19537298000.0,28.71581024096385,7.663704983922829,28.458653731343283,28.97765653495441,4.062057520238603,4.062057520238603,7.852611736334405,76.02061478599222,29.16014626865672,29.69194224924012,0.0087060054340158,0.0345093468408581,0.229867916489135,0.0289804469273743,1.828793774319066,0.0289274588340008,51.4,4.036144578313253,0.0011013621332188,0.1265060240963855,0.0,0.0,0.0,0.017910447761194,0.0048231511254019,0.0,0.0,3.963737612736597,-0.0413552566018933,0.0044585302965191,-30.01178575485629,-30548000000.0,4694000000.0,-31628000000.0,-30067000000.0,307000000.0,262000000.0,0.0,10.888263665594856,0.0,0.0,8.26578073089701,0.0,0.0,0.0353642948444823,0.0113597637169146,2001-01-29,0.15,bmo,2322133333.0,2025-04-25,2000-12-31,0.0666666666666667,16.985714285714284,3770184.126984127
2000-09-30,AFL,USD,4977,2000-11-09,2000-11-09 00:00:00,2000,Q3,2472000000.0,0.0,2472000000.0,1.0,0,0.0,0.0,0.0,2220000000.0,2220000000.0,2220000000.0,0.0,5000000.0,0.0,252000000.0,0.1019417476,252000000.0,0.1019417476,0.0,252000000.0,0.1019417476,89000000.0,163000000.0,0.0659385113,0.16,0.15,1060360000,1088784000,https://www.sec.gov/Archives/edgar/data/4977/000000497700500046/0000004977-00-500046-index.htm,https://www.sec.gov/Archives/edgar/data/4977/000000497700500046/q900edg.txt,2.3312837149647287,0.153721377645328,0.9289297974272888,0.922328265871968,0.7620053566713192,3.8703836432909577,3.8703836432909577,3.8703836432909577,0.8666867856199781,16986967200.0,17092967200.0,26.053630674846623,6.871750485436893,17.24565197969543,17.36908711656442,4.139124561403508,4.139124561403508,6.91463074433657,67.82923492063492,17.3532661928934,17.477471574642127,0.0095955916133163,0.0575735496798981,0.22270955165692,0.0241135500211059,0.4206349206349206,0.0340874536276835,50.4,6.042944785276074,0.0012951105244966,0.1349693251533742,0.0,0.0,0.0,0.0071065989847715,0.0028317152103559,0.0,0.0,3.658772454992135,-0.0323798172427493,0.00430033769523,-30.8925742200762,-31765000000.0,4104000000.0,-32679000000.0,-31274000000.0,299500000.0,698000000.0,0.0,11.395631067961164,0.0,0.0,7.89776357827476,0.0,0.0,0.0397173489278752,0.0066015315553208,2000-10-24,0.15,bmo,1950000000.0,2025-04-25,2000-09-30,0.0666666666666667,13.812857142857144,3262000.0
2000-06-30,AFL,USD,4977,2000-08-09,2000-08-09 00:00:00,2000,Q2,2355000000.0,0.0,2355000000.0,1.0,0,0.0,0.0,0.0,2096000000.0,2096000000.0,2096000000.0,0.0,5000000.0,0.0,259000000.0,0.1099787686,259000000.0,0.1099787686,0.0,259000000.0,0.1099787686,57000000.0,202000000.0,0.0857749469,0.19,0.19,1062286000,1089722000,https://www.sec.gov/Archives/edgar/data/4977/000000497700000038/0000004977-00-000038-index.htm,https://www.sec.gov/Archives/edgar/data/4977/000000497700000038/0000004977-00-000038-0001.txt,2.216917101420898,0.1901559467036184,0.6523666884436018,0.6467184920068607,0.910300992388114,3.9170242288799817,3.9170242288799817,3.9170242288799817,1.0373854122147896,12195043280.0,12325043280.0,15.092875346534653,5.1783623269639065,17.59746505050505,17.751154701601166,2.9307962701273733,2.9307962701273733,5.233564025477707,47.58703969111969,17.78505523809524,17.940383231441047,0.0165641068557158,0.0563343634152317,0.2636385484258591,0.0282775686961901,0.5019305019305019,0.0373628339694656,51.8,3.43069306930693,0.0017220111087625,0.1039603960396039,0.0,0.0,0.0,0.0086580086580086,0.0025477707006369,0.0,0.0,4.093778528002326,-0.0401910067648229,0.0052069907717688,-31.49010718394105,-32283000000.0,4161000000.0,-33380000000.0,-31786000000.0,274000000.0,669500000.0,0.0,10.929936305732484,0.0,0.0,8.234265734265735,0.0,0.0,0.0485460225907233,0.0056481964367411,2000-07-25,0.15,bmo,1970000000.0,2025-04-25,2000-06-30,0.0,12.073492063492065,2674812.698412698
2000-03-31,AFL,USD,4977,2000-05-10,2000-05-10 00:00:00,2000,Q1,2398000000.0,0.0,2398000000.0,1.0,0,0.0,0.0,0.0,2155000000.0,2155000000.0,2155000000.0,0.0,5000000.0,38000000.0,281000000.0,0.1171809842,243000000.0,0.1013344454,0.0,243000000.0,0.1013344454,87000000.0,156000000.0,0.0650542118,0.14,0.14,1062398000,1089046000,https://www.sec.gov/Archives/edgar/data/4977/000000497700000014/0000004977-00-000014-index.htm,https://www.sec.gov/Archives/edgar/data/4977/000000497700000014/0000004977-00-000014.txt,2.2571578636254963,0.1468376258238438,0.8556115504735513,0.8546702836413472,0.6513566478852558,3.828132206574184,3.828132206574184,3.828132206574184,1.013744378283845,12100713220.0,12480713220.0,19.392168621794877,5.046168982485405,13.31211575357536,13.32677667400881,2.975341337595279,2.975341337595279,5.20463437030859,44.41534953736655,13.730157557755776,13.745278876651982,0.0128918020916456,0.0750368993539374,0.2635849520531104,0.0286700008023321,1.3523131672597866,0.02957956095746,48.6,5.826923076923077,0.0014875156259591,0.1153846153846153,0.0,0.0,0.0,0.0011001100110011,0.000417014178482,0.0263157894736842,0.0,3.556341027298391,-0.031980319803198,0.0041721269824289,-30.53046033595696,-31298000000.0,4067000000.0,-32370000000.0,-30806000000.0,266000000.0,170000000.0,0.0,9.833194328607172,0.0,0.0,9.15267175572519,0.0,0.0,0.0383575116793705,0.0009412668322041,2000-04-25,0.14,bmo,2022000000.0,2025-04-25,2000-03-31,0.0,10.136507936507936,4146380.952380952
1999-12-31,AFL,USD,4977,2000-03-27,2000-03-27 00:00:00,1999,Q4,2365000000.0,0.0,2365000000.0,1.0,0,0.0,0.0,0.0,1587000000.0,1587000000.0,1587000000.0,0.0,5000000.0,0.0,778000000.0,0.3289640592,778000000.0,0.3289640592,0.0,778000000.0,0.3289640592,57000000.0,102000000.0,0.0431289641,0.68,0.66,1062396000,1089044000,https://www.sec.gov/Archives/edgar/data/4977/000000497700000011/0000004977-00-000011-index.htm,https://www.sec.gov/Archives/edgar/data/4977/000000497700000011/0000004977-00-000011.txt,2.2261002488714188,0.096009397625744,0.6240610845673364,0.6250023531715104,0.5798214601711603,3.640826960944883,3.640826960944883,3.640826960944883,1.050455762258141,12536272800.0,13031272800.0,30.726158823529413,5.300749598308668,18.908405429864256,18.87992891566265,3.241021923474664,3.241021923474664,5.510051923890064,16.74970796915167,19.655011764705883,19.625410843373498,0.0081363896293003,0.0529663011162297,0.2872285418821096,0.0299937906643989,0.6362467866323908,0.0275540351422795,155.6,6.5,0.0011965278866618,0.1470588235294117,0.0,0.0,0.0,0.0,0.0,0.0,0.0,2.8044529013779944,-0.1361147819520483,0.0027537053535271,-30.45427505374644,-31269000000.0,3868000000.0,-32287000000.0,-30760000000.0,266000000.0,0.0,0.0,10.274841437632135,0.0,0.0,8.75925925925926,0.0,0.0,0.0263702171664943,0.0,2000-01-27,0.13,bmo,2365000000.0,2025-04-25,1999-12-31,0.0,11.8959375,2176725.0
1999-09-30,AFL,USD,4977,1999-11-10,1999-11-10 00:00:00,1999,Q3,2196000000.0,0.0,2196000000.0,1.0,0,0.0,0.0,0.0,2196000000.0,2196000000.0,2196000000.0,0.0,5000000.0,7000000.0,7000000.0,0.0031876138,0.0,0.0,0.0,0.0,0.0,76000000.0,144000000.0,0.0655737705,0.14,0.13,1062160000,1097988000,https://www.sec.gov/Archives/edgar/data/4977/000000497799000038/0000004977-99-000038-index.htm,https://www.sec.gov/Archives/edgar/data/4977/000000497799000038/0000004977-99-000038.txt,2.067485124651653,0.1355727950591248,0.8313248474806055,0.8256759810198087,0.5027491150109211,3.5512540483542967,3.5512540483542967,3.5512540483542967,1.0205618739173006,11120815200.0,11665815200.0,19.30697083333333,5.06412349726776,12.59435469988675,12.680519042189282,2.9482542948038177,2.9482542948038177,5.312302003642987,1666.5450285714285,13.211568742921855,13.30195575826682,0.0129486910276145,0.0788611252167916,0.2860551431601272,0.0306316536550745,77.85714285714286,0.0262066240863896,0.0,6.174825174825175,0.0017984293093909,0.1388888888888889,0.0,0.0,0.0,0.0067950169875424,0.0027322404371584,0.8571428571428571,0.0,3.2913070867452565,,0.0040880056777856,-28.924549973638623,-29578000000.0,3772000000.0,-30657000000.0,-29085000000.0,250500000.0,0.0,0.0,10.737704918032788,0.0,0.0,8.381679389312977,0.0,0.0,0.0381760339342523,0.0056488664607968,1999-10-26,0.13,bmo,2196000000.0,2025-04-25,1999-09-30,0.0,11.25765625,2225031.25
1999-06-30,AFL,USD,4977,1999-08-11,1999-08-11 00:00:00,1999,Q2,2032000000.0,0.0,2032000000.0,1.0,0,0.0,0.0,0.0,2032000000.0,2032000000.0,2032000000.0,0.0,5000000.0,6000000.0,6000000.0,0.0029527559,0.0,0.0,0.0,0.0,0.0,67000000.0,130000000.0,0.063976378,0.13,0.12,1063272000,1103876000,https://www.sec.gov/Archives/edgar/data/4977/000000497799000029/0000004977-99-000029-index.htm,https://www.sec.gov/Archives/edgar/data/4977/000000497799000029/0000004977-99-000029.txt,1.9110820185239523,0.122264105515804,0.5323191055534238,0.5266761468373098,0.355506399115184,3.433740378755389,3.433740378755389,3.433740378755389,0.971529392290966,12727365840.0,13377365840.0,24.47570353846153,6.263467440944882,22.486512084805653,22.727439,3.485994478225144,3.485994478225144,6.5833493307086615,2229.560973333333,23.634921978798587,23.888153285714285,0.0102142109871181,0.043999678098355,0.2815666940564229,0.0325295867350167,108.33333333333331,0.0229172083348809,0.0,4.3538461538461535,0.0014928462211941,0.1461538461538461,0.0,0.0,0.0,0.0106007067137809,0.0029527559055118,1.0,0.0,3.0734381252264678,,0.0041136636921713,-25.76363338825813,-26306000000.0,3651000000.0,-27334000000.0,-25857000000.0,247000000.0,0.0,0.0,10.585629921259844,0.0,0.0,8.502092050209205,0.0,0.0,0.0356066831005204,0.005642958716114,1999-07-27,0.12,bmo,2032000000.0,2025-04-25,1999-06-30,0.0,12.50952380952381,3953568.253968254
1999-03-31,AFL,USD,4977,1999-05-12,1999-05-12 00:00:00,1999,Q1,2048000000.0,0.0,2048000000.0,1.0,0,0.0,0.0,0.0,2048000000.0,2048000000.0,2048000000.0,0.0,4000000.0,7000000.0,7000000.0,0.0034179688,0.0,0.0,0.0,0.0,0.0,7000000.0,196000000.0,0.095703125,0.19,0.18,1064460000,1107076000,https://www.sec.gov/Archives/edgar/data/4977/000000497799000019/0000004977-99-000019-index.htm,https://www.sec.gov/Archives/edgar/data/4977/0000004977-99-000019.txt,1.9239802341093133,0.1841309208424929,0.6529132142119008,0.6500948837908423,0.2527102944215846,3.625312364955001,3.625312364955001,3.625312364955001,0.5420588843169306,14487300600.0,14791300600.0,18.47869974489796,7.07387724609375,20.84503683453237,20.93540549132948,3.754159264058046,3.754159264058046,7.22231474609375,2113.042942857143,21.28244690647482,21.374711849710984,0.0135290904366269,0.047765972357887,0.1484840632288157,0.0182780949950556,43.42857142857143,0.0194672511795519,0.0,3.545918367346939,0.0012424674890779,0.0918367346938775,0.0,0.0,0.0,0.0043165467625899,0.00146484375,0.4285714285714285,0.0,3.87549639946535,,0.0062521930524099,-25.39292223286925,-26393000000.0,3859000000.0,-26966000000.0,-25943000000.0,263500000.0,86500000.0,0.0,11.2060546875,0.0,0.0,8.031372549019608,0.0,0.0,0.0507903601969422,0.0028183304210585,1999-04-27,0.12,bmo,1877333333.0,2025-04-25,1999-03-31,0.0833333333333334,11.724098360655738,2694485.24590164
1998-12-31,AFL,USD,4977,1999-03-26,1999-03-26 00:00:00,1998,Q4,1943900000.0,0.0,1943900000.0,1.0,0,0.0,0.0,0.0,1392900000.0,1392900000.0,1392900000.0,0.0,3500000.0,0.0,551000000.0,0.2834507948,551000000.0,0.2834507948,0.0,551000000.0,0.2834507948,59500000.0,116300000.0,0.0598281805,0.46,0.44,1064460000,1107076000,https://www.sec.gov/Archives/edgar/data/4977/000000497799000010/0000004977-99-000010-index.htm,https://www.sec.gov/Archives/edgar/data/4977/0000004977-99-000010.txt,1.826184168498581,0.1092572759897037,0.6157112526539278,0.6024650996749525,0.3607462938954963,3.5417018957969297,3.5417018957969297,3.5417018957969297,0.5631963624748699,11677126200.0,11899126200.0,25.101303095442823,6.007061165697824,17.816793103448276,18.208523623888976,3.097380954907162,3.097380954907162,6.1212645712228,21.595510344827588,18.155517546536466,18.55469546234212,0.0099596422962355,0.0549193345191387,0.1580901856763925,0.019112978225315,0.4029038112522686,0.0244265713434614,157.42857142857142,5.63542562338779,0.0014644014038317,0.1470335339638865,0.0,0.0,0.0,0.0215135794934391,0.0072534595400997,0.0,0.0,2.950682257343663,-0.1235234983664237,0.0037295962543693,-25.200571181632,-26200000000.0,3770000000.0,-26757000000.0,-25773000000.0,254200000.0,86500000.0,0.0,12.593240393024333,0.0,0.0,7.146691176470588,0.0,0.0,0.0308488063660477,0.0132461529789752,1999-01-28,0.1,bmo,1749510000.0,2025-04-25,1998-12-31,0.0999999999999999,9.30921875,2232631.25
1998-09-30,AFL,USD,4977,1998-11-09,1998-11-09 00:00:00,1998,Q3,1700000000.0,0.0,1700000000.0,1.0,0,0.0,0.0,0.0,1700000000.0,1700000000.0,1700000000.0,0.0,2800000.0,20000000.0,20000000.0,0.0117647059,0.0,0.0,0.0,0.0,0.0,53000000.0,108000000.0,0.0635294118,0.1,0.1,1080000000,1080000000,https://www.sec.gov/Archives/edgar/data/4977/000000497798000019/0000004977-98-000019-index.htm,https://www.sec.gov/Archives/edgar/data/4977/0000004977-98-000019.txt,1.5740740740740742,0.1,0.6694444444444444,0.6574074074074074,0.2685185185185185,3.3067592592592594,3.3067592592592594,3.3067592592592594,0.4675,7711200000.0,7923300000.0,17.849999999999998,4.536,10.665560165975103,10.860845070422537,2.159213731694341,2.159213731694341,4.660764705882353,396.165,10.958921161825726,11.159577464788732,0.0140056022408963,0.0920738665836705,0.1405930613502086,0.0177005189237971,10.605,0.0216687934796031,0.0,6.694444444444445,0.0023342670401493,0.1666666666666666,0.0,0.0,0.0,0.0179806362378976,0.0076470588235294,0.65,0.0,2.7276745284827024,,0.0038073213379209,-22.52574074074074,-23766600000.0,3571300000.0,-24268700000.0,-23394600000.0,240400000.0,0.0,0.0,12.51529411764706,0.0,0.0,7.191201353637902,0.0,0.0,0.0302410886791924,0.012037037037037,1998-10-26,0.09,bmo,1282319999.0,2025-04-25,1998-09-30,0.1111111111111112,8.063437500000001,1911006.25
1998-06-30,AFL,USD,4977,1998-08-12,1998-08-12 00:00:00,1998,Q2,1704000000.0,0.0,1704000000.0,1.0,0,0.0,0.0,0.0,1704000000.0,1704000000.0,1704000000.0,0.0,3000000.0,0.0,0.0,0.0,0.0,0.0,0.0,0.0,0.0,57000000.0,103000000.0,0.0604460094,0.095,0.095,1084210526,1084210526,https://www.sec.gov/Archives/edgar/data/4977/000000497798000015/0000004977-98-000015-index.htm,https://www.sec.gov/Archives/edgar/data/4977/0000004977-98-000015.txt,1.5716504858946554,0.0950000000276699,0.4528640778018051,0.4464077671203129,0.3172815534904704,3.2606213601729963,3.2606213601729963,3.2606213601729963,0.4847766991703233,8218315787.08,8396915787.08,19.94736841524272,4.822955274107981,16.737914026639512,16.979991295619836,2.32471028147771,2.32471028147771,4.927767480680751,0.0,17.101661480814663,17.348999560082646,0.0125329815339933,0.058892845266532,0.1478275627970129,0.0198656615995164,0.0,0.0264461324104454,0.0,4.766990291262136,0.0020685503502707,0.1650485436893204,0.0,0.0,0.0,0.0142566191446028,0.0041079812206572,0.0,0.0,2.6399958635194403,,0.003915352362706,-20.516495151606748,-21660600000.0,3535200000.0,-22183100000.0,-21293300000.0,229250000.0,0.0,0.0,12.908450704225354,0.0,0.0,6.972176759410802,0.0,0.0,0.0291355510296447,0.0064563106814921,1998-07-27,0.09,bmo,1514222222.0,2025-04-25,1998-06-30,0.1111111111111112,7.941904761904762,2062730.1587301588
1998-03-31,AFL,USD,4977,1998-05-12,1998-05-12 00:00:00,1998,Q1,1757000000.0,0.0,1757000000.0,1.0,0,0.0,0.0,0.0,1757000000.0,1757000000.0,1757000000.0,0.0,3000000.0,0.0,0.0,0.0,0.0,0.0,0.0,0.0,0.0,-107000000.0,160000000.0,0.0910643142,0.15,0.14,1066666667,1103448276,https://www.sec.gov/Archives/edgar/data/4977/000000497798000009/0000004977-98-000009-index.htm,https://www.sec.gov/Archives/edgar/data/4977/0000004977-98-000009.txt,1.647187499485254,0.149999999953125,0.5821874998180664,0.5765624998198242,0.1359374999575195,3.237843748988174,3.237843748988174,3.237843748988174,0.4820624998493554,8437333335.97,8803533335.970001,13.183333337453126,4.802124835498008,13.586688141658616,13.719241196699189,2.442983853829227,2.442983853829227,5.010548284558908,0.0,14.176382183526572,14.314688351170734,0.0189633375414823,0.0728903286750725,0.1480151721342328,0.0185700481687869,0.0,0.0152393481582074,0.0,3.88125,0.0017778128945139,0.09375,0.0,0.0,0.0,0.0096618357487922,0.0034149117814456,0.0,0.0,3.305710611868524,,0.0058122216490725,-22.283367180536448,-23204900000.0,3453700000.0,-23715400000.0,-22824100000.0,214876500.0,1624947500.0,0.0,10.966989186112691,0.0,0.0,8.206445586174684,0.0,0.0,0.0463271274285548,0.0056249999982421,1998-04-27,0.09,bmo,1478500000.0,2025-04-25,1998-03-31,0.0,7.257540983606557,1826950.8196721312
1997-12-31,AFL,USD,4977,1998-03-26,1998-03-26 00:00:00,1997,Q4,1744802000.0,0.0,1744802000.0,1.0,0,0.0,0.0,0.0,879982000.0,879982000.0,879982000.0,0.0,3209000.0,0.0,864820000.0,0.4956550944,864820000.0,0.4956550944,0.0,864820000.0,0.4956550944,48897000.0,96023000.0,0.0550337517,0.76,0.74,1067324000,1105176000,https://www.sec.gov/Archives/edgar/data/4977/000000497798000006/0000004977-98-000006-index.htm,https://www.sec.gov/Archives/edgar/data/4977/0000004977-98-000006.txt,1.63474446372423,0.0899661208780089,0.6005205542084691,0.5971457589260618,0.2614192129100441,3.2140868189977927,3.2140868189977927,3.2140868189977927,0.4932129325303281,6820200360.0,7107734360.0,17.756684231902774,3.908867802765013,10.640768172244323,10.700904937334078,1.9881230221380608,1.9881230221380608,4.073662432757414,8.218744201105432,11.089374147749435,11.152046229061677,0.0140792051452283,0.0934500405205104,0.152518079144794,0.0177635944585464,0.3324784348188062,0.0193981412493627,269.4982860704269,6.6765625,0.0022591711660506,0.1604615560855211,0.0,0.0,0.0,0.0056197831344098,0.0020644176244639,0.0,0.0,2.5507010357122093,-0.4108806012314488,0.0032600999422659,-23.969079913878076,-25006328000.0,3430472000.0,-25528861000.0,-24620279000.0,223676500.0,1624947500.0,0.0,11.123766478947182,0.0,0.0,8.090784732881064,0.0,0.0,0.027991191882633,0.0033747952824072,1998-01-29,0.08,bmo,1526701750.0,2025-04-25,1997-12-31,0.1249999999999999,6.29015625,2297975.0
1997-09-30,AFL,USD,4977,1997-11-03,1997-11-03 00:00:00,1997,Q3,1789600000.0,0.0,1789600000.0,1.0,0,0.0,0.0,0.0,1789600000.0,1789600000.0,1789600000.0,0.0,3100000.0,0.0,0.0,0.0,0.0,0.0,0.0,0.0,0.0,59700000.0,96100000.0,0.0536991506,0.09,0.085,1130088000,1130088000,https://www.sec.gov/Archives/edgar/data/4977/000000497797000020/0000004977-97-000020-index.htm,https://www.sec.gov/Archives/edgar/data/4977/0000004977-97-000020.txt,1.5835934900644906,0.0850376253884653,0.6343753760769073,0.6326056023955656,0.0017697736813416,2.472196855466123,2.472196855466123,2.472196855466123,0.3686438578234615,7661996640.0,8073496640.0,19.93235338189386,4.281401788109075,10.687678393081322,10.717578178766262,2.74250005011096,2.74250005011096,4.511341439427805,0.0,11.26167755614451,11.293183158483703,0.0125424226236674,0.0933046611202899,0.1480062996635407,0.0138718356447468,0.0,0.0087853840081199,0.0,7.467708333333333,0.002049074247571,0.1633714880332986,0.0,0.0,0.0,0.0027897893709024,0.0011175681716584,0.0,0.0,2.174895256521008,,0.0032239018269895,-23.74950003893502,-26367300000.0,2793800000.0,-26781100000.0,-25947000000.0,230650000.0,0.0,0.0,11.65232454179705,0.0,0.0,7.723780750971083,0.0,0.0,0.0343975946739208,0.0017697736813416,1997-10-21,0.08,bmo,1565900000.0,2025-04-25,1997-09-30,0.1249999999999999,6.76203125,1701437.5
1997-06-30,AFL,USD,4977,1997-08-08,1997-08-08 00:00:00,1997,Q2,2008700000.0,0.0,2008700000.0,1.0,0,0.0,0.0,0.0,2008700000.0,2008700000.0,2008700000.0,0.0,4100000.0,0.0,0.0,0.0,0.0,0.0,0.0,0.0,0.0,112200000.0,302800000.0,0.1507442625,0.28,0.27,1131912000,1131912000,https://www.sec.gov/Archives/edgar/data/4977/000000497797000017/0000004977-97-000017-index.htm,https://www.sec.gov/Archives/edgar/data/4977/0000004977-97-000017.txt,1.774607920050322,0.2675119620606549,0.5526047961325615,0.5514562969559471,0.0,2.3361356713242727,2.3361356713242727,2.3361356713242727,0.4799843097343256,6689599920.0,7228799920.0,5.52311750330251,3.330313098023597,10.69480402877698,10.717077731496316,2.529818825398026,2.529818825398026,3.598745417434161,0.0,11.55683440447642,11.580903428388336,0.0452642913808214,0.0933090180974529,0.2039102976212986,0.0178601594562455,0.0,0.0085014996112119,0.0,2.0657199471598413,0.0023469266006568,0.0518494055482166,0.0,0.0,0.0,0.0020783373301358,0.0006471847463533,0.0,0.0,3.7498327074959534,,0.0100297779735741,-24.183505431517645,-26777400000.0,2644300000.0,-27316200000.0,-26333000000.0,223350000.0,0.0,0.0,10.28725046049684,0.0,0.0,8.748693379790941,0.0,0.0,0.1145104564535037,0.0011484991766144,1997-07-22,0.08,bmo,267200000.0,2025-04-25,1997-06-30,0.0,5.7240625,1823075.0
1997-03-31,AFL,USD,4977,1997-05-12,1997-05-12 00:00:00,1997,Q1,1707500000.0,0.0,1707500000.0,1.0,0,0.0,0.0,0.0,1707500000.0,1707500000.0,1707500000.0,0.0,3300000.0,0.0,0.0,0.0,0.0,0.0,0.0,0.0,0.0,59000000.0,90200000.0,0.0528257687,0.085,0.08,1061176471,1127500000,https://www.sec.gov/Archives/edgar/data/4977/000000497797000011/0000004977-97-000011-index.htm,https://www.sec.gov/Archives/edgar/data/4977/0000004977-97-000011.txt,1.609063192280297,0.0849999999670177,0.5796396893537984,0.5788858090880155,0.0094235033222857,2.1646729481622664,2.1077549880956603,2.1646729481622664,0.4707039909481747,4976917648.990001,5463117648.990001,13.794117652411307,2.914739472322109,8.091233375044709,8.101770550203485,2.166609050102303,2.166609050102303,3.1994832497745245,0.0,8.88167395381239,8.893240516018233,0.0181236673703662,0.1234298100400885,0.2160114927517304,0.018304694589749,0.0,1.0941723216121737,0.0,6.819290465631929,0.0027527077935035,0.1518847006651884,0.0,0.0,0.0022281409778735,0.0013006015282067,0.0004685212298682,0.0,0.0,2.034683516361679,,0.0033348861628104,-23.217509691656176,2289800000.0,2236700000.0,1794100000.0,2792800000.0,222040500.0,336659500.0,0.0,11.443045387994143,0.0,0.0,7.865039152464302,0.0,0.0,0.0392669017456793,0.0007538802657828,1997-04-22,0.08,bmo,1707500000.0,2025-04-25,1997-03-31,0.0,5.175245901639344,1920275.4098360653
1996-12-31,AFL,USD,4977,1997-03-26,1997-03-26 00:00:00,1996,Q4,1853003000.0,0.0,1853003000.0,1.0,0,0.0,0.0,0.0,1203002000.0,1203002000.0,1203002000.0,0.0,3486000.0,0.0,650001000.0,0.3507824866,650001000.0,0.3507824866,0.0,650001000.0,0.3507824866,71838000.0,133763000.0,0.072187147,0.51,0.51,1134912000,1134912000,https://www.sec.gov/Archives/edgar/data/4977/000000497797000009/0000004977-97-000009-index.htm,https://www.sec.gov/Archives/edgar/data/4977/0000004977-97-000009.txt,1.632728352506626,0.117862001635369,0.6239690830654712,0.6238078370834038,0.2305729431004342,1.872893228726104,1.8192036034511927,1.872893228726104,0.3145785752551739,6060430080.0,6413963080.0,11.326805768411294,3.270599173341868,8.558116331285744,8.56032848988724,2.8512036447652367,2.8512036447652367,3.4613883949459336,9.867620326737958,9.05735095671821,9.059692160792803,0.0220715358867732,0.116817947019364,0.1663239349087232,0.0141284280919346,0.5438960863137133,1.0864634222084202,186.460413080895,5.292600896860987,0.002289276473263,0.1037207598513789,0.0,0.0,0.0024350980217571,0.0002584198263079,9.875860967305503e-05,0.0,0.0,2.2286130794077343,0.2313288617027405,0.0053586911466079,-19.794774616886595,1948972000.0,2064636000.0,1592729000.0,2481812000.0,343840500.0,336659500.0,0.0,11.024423597803132,0.0,0.0,8.16369211519907,0.0,0.0,0.0629304435659345,0.0001612459820673,1997-01-29,0.08,bmo,1853003000.0,2025-04-25,1996-12-31,0.0,5.0665625,1740350.0
1996-09-30,AFL,USD,4977,1996-11-08,1996-11-08 00:00:00,1996,Q3,1775600000.0,0.0,1775600000.0,1.0,0,0.0,0.0,0.0,1775600000.0,1775600000.0,1775600000.0,0.0,3600000.0,0.0,0.0,0.0,0.0,0.0,0.0,0.0,0.0,64600000.0,88300000.0,0.0497296688,0.08,0.08,1147864000,1147864000,https://www.sec.gov/Archives/edgar/data/4977/000000497796000020/0000004977-96-000020-index.htm,https://www.sec.gov/Archives/edgar/data/4977/0000004977-96-000020.txt,1.5468731487353902,0.0769254894308036,0.6292557306440484,0.6258581155955758,0.0165524835694821,1.771725570276618,1.684432999031244,1.771725570276618,0.3259096896496449,5096516160.0,5448016160.0,14.429547451868633,2.87030646542014,7.055954811020353,7.094259688195991,2.5060314500663816,2.5060314500663816,3.068267717954494,0.0,7.542594711338779,7.583541425389755,0.0173255606826134,0.1409590350440486,0.1821802625756011,0.0144783118405627,0.0,1.0776105240457192,0.0,8.180067950169876,0.0027273532671384,0.1574178935447338,0.0,0.0,0.0039155920281359,0.0053994185241589,0.0021964406397837,0.0,0.0,1.7511551256780389,,0.0034641307503393,-20.20428813866451,1799400000.0,1933500000.0,1428100000.0,2405000000.0,353500000.0,0.0,0.0,23.351543140346926,0.0,0.0,3.8541350119383546,0.0,0.0,0.0434183999606628,0.0033976150484726,1996-10-22,0.08,amc,,2025-04-25,1996-09-30,0.0,4.143125,1988150.0
1996-06-30,AFL,USD,4977,1996-08-06,1996-08-06 00:00:00,1996,Q2,1741700000.0,0.0,1741700000.0,1.0,0,0.0,0.0,0.0,1741700000.0,1741700000.0,1741700000.0,0.0,4000000.0,0.0,0.0,0.0,0.0,0.0,0.0,0.0,0.0,58500000.0,85700000.0,0.0492047999,0.08,0.075,1159032000,1159032000,https://www.sec.gov/Archives/edgar/data/4977/000000497796000012/0000004977-96-000012-index.htm,https://www.sec.gov/Archives/edgar/data/4977/0000004977-96-000012.txt,1.5027195107641549,0.0739410128452018,0.5308740397159009,0.5299249718730803,0.0034511557920747,1.7491320343182932,1.6618177927788016,1.7491320343182932,0.3597829913237943,4404321600.0,4813321600.0,12.84807934655776,2.528748693804903,7.158006825938566,7.17082644089873,2.172506091846298,2.172506091846298,2.7635767353734857,0.0,7.822723224443361,7.836733311624878,0.0194581612750531,0.1394539399666,0.2037192324766931,0.0167403702337571,0.0,1.0819621249606406,0.0,7.213364595545134,0.0032695160135445,0.1680280046674445,0.0,0.0,0.004101998711032,0.0017877458150495,0.0006315668599644,0.0,0.0,1.705867336545655,,0.0034880360769565,-19.37381797914121,1822100000.0,1926100000.0,1409500000.0,2439900000.0,253150000.0,0.0,0.0,12.727220531664464,0.0,0.0,7.071457572066586,0.0,0.0,0.0422729739061806,0.0009490678428205,1996-07-23,0.07,amc,,2025-04-25,1996-06-30,0.0,3.808095238095238,2335873.015873016
1996-03-31,AFL,USD,4977,1996-05-10,1996-05-10 00:00:00,1996,Q1,1730000000.0,0.0,1730000000.0,1.0,0,0.0,0.0,0.0,1730000000.0,1730000000.0,1730000000.0,0.0,5000000.0,0.0,0.0,0.0,0.0,0.0,0.0,0.0,0.0,61000000.0,86100000.0,0.0497687861,0.08,0.075,1170928000,1170928000,https://www.sec.gov/Archives/edgar/data/4977/000000497796000008/0000004977-96-000008-index.htm,https://www.sec.gov/Archives/edgar/data/4977/0000004977-96-000008.txt,1.4774606124373146,0.0735314212317068,0.5559692824836369,0.5525531885820477,0.005978164327781,1.783201016629545,1.6943825751882269,1.783201016629545,0.3766243526502056,4718839840.0,5147839840.0,13.701625551684089,2.7276530867052022,7.248601904761906,7.293415517774343,2.259980766283525,2.259980766283525,2.975629965317919,0.0,7.907588079877112,7.9564757959814525,0.0182460102311927,0.1371099723528654,0.2088122605363984,0.0171815889029003,0.0,1.0825310694906354,0.0,7.482758620689655,0.0025429979416296,0.1393728222996515,0.0,0.0,0.0040983606557377,0.0061443932411674,0.0023121387283236,0.0,0.0,1.7176231730587437,,0.0034069325735992,-19.71598595302188,1886000000.0,1984000000.0,1450000000.0,2524000000.0,290555500.0,729105500.0,0.0,13.52601156069364,0.0,0.0,6.653846153846154,0.0,0.0,0.041235632183908,0.0034160939015891,1996-04-23,0.07,amc,,2025-04-25,1996-03-31,0.0,3.923492063492064,2214336.507936508
1995-12-31,AFL,USD,4977,1996-03-26,1996-03-26 00:00:00,1995,Q4,1732420000.0,0.0,1732420000.0,1.0,0,0.0,0.0,0.0,1131425000.0,1131425000.0,1131425000.0,0.0,3511000.0,0.0,600995000.0,0.3469106799,600995000.0,0.3469106799,0.0,600995000.0,0.3469106799,60138000.0,83357000.0,0.0481159303,0.46,0.46,1170928000,1170928000,https://www.sec.gov/Archives/edgar/data/4977/000000497796000006/0000004977-96-000006-index.htm,https://www.sec.gov/Archives/edgar/data/4977/0000004977-96-000006.txt,1.479527349247776,0.071188834838692,0.6683570637989698,0.66469244906604,0.2018399081753959,1.8226065138078515,1.7333217755489665,1.8226065138078515,0.2824930311684407,4250468640.0,4573597640.0,12.74778554890411,2.4534862446750787,5.431228600124201,5.461172313752799,1.991653147566164,1.991653147566164,2.640005102688725,7.610042745779915,5.844121298546636,5.876341392278368,0.0196112492668573,0.1831108675113057,0.153348818095899,0.0129161015401934,0.5376567192738708,1.0846573939793451,171.17487895186557,9.3836690647482,0.0029029740118256,0.1480259606271818,0.0,0.0,0.0041260580063466,0.0054830193790426,0.0024768820493875,0.0,0.0,1.708612819501922,0.2093921531127152,0.0033034338560259,-19.40911119214845,1926379000.0,2029595000.0,1477534000.0,2582986000.0,323155500.0,729105500.0,0.0,16.681861211484513,0.0,0.0,5.395081451585277,0.0,0.0,0.0390588063300409,0.0036646147329297,1996-01-29,0.07,amc,,2025-04-25,1995-12-31,0.0,3.485238095238095,2301523.8095238097
1995-09-30,AFL,USD,4977,1995-11-09,1995-11-09 00:00:00,1995,Q3,1811700000.0,0.0,1811700000.0,1.0,0,0.0,0.0,0.0,1811700000.0,1811700000.0,1811700000.0,0.0,4100000.0,0.0,0.0,0.0,0.0,0.0,0.0,0.0,0.0,63800000.0,88000000.0,0.0485731633,0.075,0.075,1180642000,1180642000,https://www.sec.gov/Archives/edgar/data/4977/000000497795000023/0000004977-95-000023-index.htm,https://www.sec.gov/Archives/edgar/data/4977/0000004977-95-000023.txt,1.5345041087814937,0.0745357187021976,0.6611657047606302,0.6588788133913582,0.0152459424618131,1.7449828144348585,1.6546082555084438,1.7449828144348585,0.3019543604242438,4085021320.0,4419421320.0,11.605174204545454,2.2548000883148425,5.233181296438637,5.251345057205296,1.982827550723231,1.982827550723231,2.439378108958437,0.0,5.661569715603382,5.681220362514462,0.021542115231849,0.1904274027142654,0.1710513542374526,0.014129458557865,0.0,1.0769053220293845,0.0,8.880546075085324,0.0030110001971788,0.1397727272727272,0.0,0.0,0.0042781306132922,0.0034588777863182,0.0014903129657228,0.0,0.0,1.7106811024939537,,0.0035435147639737,-19.15796659783406,1732600000.0,1953500000.0,1381000000.0,2411800000.0,340750000.0,0.0,0.0,16.15499254843517,0.0,0.0,5.571033210332104,0.0,0.0,0.0427142995825648,0.0022868913692719,1995-10-25,0.07,amc,,2025-04-25,1995-09-30,0.0,3.4385714285714286,3446361.904761905
1995-06-30,AFL,USD,4977,1995-08-10,1995-08-10 00:00:00,1995,Q2,1932800000.0,0.0,1932800000.0,1.0,0,0.0,0.0,0.0,1932800000.0,1932800000.0,1932800000.0,0.0,4400000.0,0.0,0.0,0.0,0.0,0.0,0.0,0.0,0.0,67000000.0,92900000.0,0.0480649834,0.08,0.08,1213074000,1213074000,https://www.sec.gov/Archives/edgar/data/4977/000000497795000020/0000004977-95-000020-index.htm,https://www.sec.gov/Archives/edgar/data/4977/0000004977-95-000020.txt,1.593307580576288,0.0765823024811347,0.5913077025803867,0.5874332480953347,0.0098922242171541,1.7982414922749972,1.7094587799260392,1.7982414922749972,0.2257900177565424,4427720100.0,4685220100.0,11.915285522066736,2.290832005380795,6.172759096612296,6.213471933763683,2.029760749977079,2.029760749977079,2.424058412665563,0.0,6.531744179562248,6.574824726354196,0.0209814527345574,0.16094061591653,0.1235445126982671,0.0097548792494353,0.0,1.0668732125834128,0.0,7.721205597416577,0.002913463296833,0.138858988159311,0.0,0.0,0.0038983320785313,0.0065523490868534,0.0024317052980132,0.0,0.0,1.7602707640159925,,0.003375788077545,-20.74611688981876,1683600000.0,2073700000.0,1413800000.0,2451200000.0,344950000.0,0.0,0.0,16.590956125827816,0.0,0.0,5.424642155486949,0.0,0.0,0.0425873292381039,0.003874454485052,1995-07-25,0.07,amc,,2025-04-25,1995-06-30,0.1428571428571427,3.45968253968254,2059276.0634920637
1995-03-31,AFL,USD,4977,1995-05-10,1995-05-10 00:00:00,1995,Q1,1713700000.0,0.0,1713700000.0,1.0,0,0.0,0.0,0.0,1713700000.0,1713700000.0,1713700000.0,0.0,3600000.0,0.0,0.0,0.0,0.0,0.0,0.0,0.0,0.0,61100000.0,84900000.0,0.0495419268,0.07,0.07,1222008000,1222008000,https://www.sec.gov/Archives/edgar/data/4977/000000497795000009/0000004977-95-000009-index.htm,https://www.sec.gov/Archives/edgar/data/4977/0000004977-95-000009.txt,1.402363977977231,0.0694758135789618,0.5430406347585286,0.5383761808433333,0.0139115292207579,1.6245392828852183,1.5355054958723675,1.6245392828852183,0.1578549403931889,4179267360.0,4351567360.0,12.306440989399292,2.43873919589193,6.297871247739602,6.3524355677154585,2.105212250654846,2.105212250654846,2.5392818813094475,0.0,6.557515611814346,6.614329472564219,0.0203145653739654,0.1574199359191033,0.0953556316743904,0.0077244182203234,0.0,1.0640963639620276,0.0,7.81625441696113,0.0027277508275996,0.1342756183745583,0.0,0.0,0.0044396022312265,0.0085895117540687,0.0033261364299468,0.0,0.0,1.5935774968015393,,0.0034798076883666,-18.21125557279494,1431400000.0,1876400000.0,1241900000.0,2174700000.0,318674000.0,301654000.0,0.0,17.51998599521503,0.0,0.0,5.136990407673861,0.0,0.0,0.0427664718920008,0.0046644539151953,1995-04-25,0.07,amc,,2025-04-25,1995-03-31,0.0,3.043015873015873,2112780.9523809524
1994-12-31,AFL,USD,4977,1995-03-28,1995-03-28 00:00:00,1994,Q4,1636058000.0,0.0,1636058000.0,1.0,0,0.0,0.0,0.0,1131722000.0,1131722000.0,1131722000.0,0.0,5996000.0,0.0,504336000.0,0.30826291,504336000.0,0.30826291,0.0,504336000.0,0.30826291,54946000.0,77390000.0,0.047302724,0.37,0.37,1222008000,1222008000,https://www.sec.gov/Archives/edgar/data/4977/000000497795000006/0000004977-95-000006-index.htm,https://www.sec.gov/Archives/edgar/data/4977/000000497795000006/,1.3388275690502844,0.0633301909643799,0.5337493698895588,0.5319531459695845,0.2852346302151868,1.4335151652035012,1.343609861801232,1.4335151652035012,0.1562158349208843,3262761360.0,3430019360.0,10.539996640392816,1.994282207598997,5.002347825820319,5.019239044321138,1.86255441505634,1.86255441505634,2.096514524546196,6.801059928301767,5.258781747990788,5.276538856182054,0.0237191726458351,0.1992333880035897,0.1055511377940102,0.0091142248718999,0.3316400177659338,1.0679546049046322,84.11207471647765,8.426950904392765,0.0035025546581807,0.1476676573200672,0.0,0.0,0.0054155159547611,0.0033652946894269,0.001341639477329,0.0,0.0,1.4292157836240575,0.2319936357784065,0.0038355146552938,-14.69625567099397,1246967000.0,1641902000.0,1061655000.0,1937079000.0,302824000.0,301654000.0,0.0,16.70926091862269,0.0,0.0,5.386234641874185,0.0,0.0,0.0441782497329839,0.0017962239199743,1995-01-30,0.06,amc,,2025-04-25,1994-12-31,0.0,2.7901587301587303,1400114.2857142857
1994-09-30,AFL,USD,4977,1994-11-10,1994-11-10 00:00:00,1994,Q3,1601600000.0,0.0,1601600000.0,1.0,0,0.0,0.0,0.0,1601600000.0,1601600000.0,1601600000.0,0.0,3800000.0,0.0,0.0,0.0,0.0,0.0,0.0,0.0,0.0,53500000.0,76200000.0,0.0475774226,0.065,0.065,1233128000,1233128000,https://www.sec.gov/Archives/edgar/data/4977/000000497794000024/0000004977-94-000024-index.htm,https://www.sec.gov/Archives/edgar/data/4977/0000004977-94-000024.txt,1.298810829046133,0.0617940716616604,0.5276824465911082,0.5169779617363324,0.0300049954262655,1.4103158796167146,1.320381987920151,1.4103158796167146,0.1734613113967082,3502083520.0,3675183520.0,11.489775328083988,2.186615584415585,5.382024773321038,5.493464345098039,2.0137332643321257,2.0137332643321257,2.294695004995005,0.0,5.64804598125096,5.764993756862745,0.0217584759372043,0.1820344935691311,0.1208096141682479,0.0102345519643422,0.0,1.0675063243446905,0.0,8.550591327201051,0.003312313922199,0.1522309711286089,0.0,0.0,0.0054022456584748,0.020285846011987,0.0082417582417582,0.0,0.0,1.4003057208834044,,0.0037320742888488,-15.023562030867842,1254200000.0,1628200000.0,1043800000.0,1949500000.0,287500000.0,0.0,0.0,16.964910089910088,0.0,0.0,5.305067903279231,0.0,0.0,0.0438157667759185,0.0107044848547758,1994-10-26,0.06,amc,,2025-04-25,1994-09-30,0.0,2.88375,2002893.75
1994-06-30,AFL,USD,4977,1994-08-10,1994-08-10 00:00:00,1994,Q2,1481200000.0,0.0,1481200000.0,1.0,0,0.0,0.0,0.0,1481200000.0,1481200000.0,1481200000.0,0.0,3400000.0,0.0,0.0,0.0,0.0,0.0,0.0,0.0,0.0,51200000.0,69300000.0,0.0467863894,0.06,0.06,1232912000,1232912000,https://www.sec.gov/Archives/edgar/data/4977/000000497794000017/0000004977-94-000017-index.htm,https://www.sec.gov/Archives/edgar/data/4977/0000004977-94-000017.txt,1.2013833915153718,0.0562083911909365,0.4384741165630637,0.309754467472131,0.0275769884630857,1.3890691306435496,1.2982272862945612,1.3890691306435496,0.1696795878375747,3464482720.0,3636282720.0,12.49813391053391,2.338970240345666,6.408588087310395,9.071701283058392,2.02293747518393,2.02293747518393,2.454957277882798,0.0,6.726383129855716,9.521557266300078,0.0200029861889454,0.1102329065737121,0.1201681653626065,0.0106067712225618,0.0,1.0701956074124914,0.0,7.800865800865801,0.0033193988625234,0.1659451659451659,0.0,0.0,0.0057723925020744,0.2935627081021087,0.1071428571428571,0.0,0.0,1.3254207537402996,,0.0035924046302104,-14.15451792179815,1227300000.0,1600600000.0,1021200000.0,1918700000.0,265550000.0,0.0,0.0,16.593977855792602,0.0,0.0,5.423654339069937,0.0,0.0,0.0404647903772042,0.1287196490909327,1994-07-26,0.06,amc,,2025-04-25,1994-06-30,0.0,2.654193548387097,1948703.225806452
1994-03-31,AFL,USD,4977,1994-05-11,1994-05-11 00:00:00,1994,Q1,1391900000.0,0.0,1391900000.0,1.0,0,0.0,0.0,0.0,1391900000.0,1391900000.0,1391900000.0,0.0,2700000.0,0.0,0.0,0.0,0.0,0.0,0.0,0.0,0.0,52000000.0,70000000.0,0.0502909692,0.06,0.06,1258326000,1258326000,https://www.sec.gov/Archives/edgar/data/4977/000000497794000008/0000004977-94-000008-index.htm,https://www.sec.gov/Archives/edgar/data/4977/0000004977-94-000008.txt,1.1061521418138065,0.0556294632710442,0.4177772691655421,0.4087970843803593,0.0278147316355221,1.3641139100678203,1.274232591554176,1.3641139100678203,0.1343054184686639,3221314560.0,3352614560.0,11.50469485714286,2.314329017889216,6.127667034430284,6.262275583203732,1.8766761200116515,1.8766761200116515,2.4086605072203464,0.0,6.377429256229789,6.517524416796268,0.0217302590902516,0.1596863610860778,0.0968831925429653,0.0092309912630305,0.0,1.0856443314944524,0.0,7.51,0.0032284956362659,0.1485714285714285,0.0,0.0,0.0062779621879059,0.0214951493247099,0.0081183993102952,0.0,0.0,1.3066793044955072,,0.0039101121085,-12.771253236442702,1381700000.0,1603400000.0,1215800000.0,1882400000.0,245000000.0,0.0,0.0,16.682232919031538,0.0,0.0,5.394961240310078,0.0,0.0,0.0407806583163413,0.0089801847851828,1994-04-26,0.05,amc,,2025-04-25,1994-03-31,0.1999999999999999,2.4007936507936507,3411238.095238095
1993-12-31,AFL,USD,4977,1994-03-30,1994-03-30 00:00:00,1993,Q4,1334600000.0,0.0,1334600000.0,1.0,0,0.0,0.0,0.0,1334600000.0,1334600000.0,1334600000.0,0.0,900000.0,0.0,0.0,0.0,0.0,0.0,0.0,0.0,0.0,48600000.0,66600000.0,0.0499025925,0.22,0.22,1258326000,1258326000,https://www.sec.gov/Archives/edgar/data/4977/000000497794000006/0000004977-94-000006-index.htm,https://www.sec.gov/Archives/edgar/data/4977/0000004977-94-000006.txt,1.0606154525933662,0.0529274607693077,0.3649292790580501,0.3821744126720738,0.0,1.0855692404035202,0.994972685933534,1.0855692404035202,0.0976694433715905,2994815880.0,3116815880.0,11.24180135135135,2.2439801288775665,6.521811585365854,6.227523144104803,2.192398155197657,2.192398155197657,2.3353932863779407,0.0,6.787491027874564,6.481214140153878,0.0222384288946671,0.1605774843159974,0.089311859443631,0.0079000194262772,0.0,997.8666666666668,0.0,6.853731343283582,0.0034392765407668,0.1546546546546546,0.0,0.0,0.0073819853655377,0.0,0.0,0.0,0.0,1.1370002313702725,,0.004344706112597,-11.048806112247542,14953000000.0,1252000000.0,891000000.0,15428000000.0,232100000.0,0.0,0.0,15.645137119736251,0.0,0.0,5.752586206896551,0.0,0.0,0.0487554904831625,0.0,1994-01-31,0.05,amc,,2025-04-25,1993-12-31,0.0,2.42875,2374818.75
1993-09-30,AFL,USD,4977,1993-09-30,1993-09-30 00:00:00,1993,Q3,1308200000.0,0.0,1308200000.0,1.0,0,0.0,0.0,0.0,1308200000.0,1308200000.0,1308200000.0,0.0,100000.0,0.0,0.0,0.0,0.0,0.0,0.0,0.0,0.0,46700000.0,64500000.0,0.0493043877,0.055,0.055,1172727273,1172727273,,,1.115519379585538,0.0549999999872093,0.4740232557037155,0.443751937881298,0.0,1.138883720665376,1.0421860462692591,1.138883720665376,0.117674418577285,3154636364.37,3292536364.37,12.22727273011628,2.41143278120318,5.6748270630868864,6.061945358128362,2.361961937982929,2.361961937982929,2.5168447977144166,0.0,5.922893262043533,6.326933828535742,0.0204460966495201,0.1649635456807799,0.1032494758909853,0.0090323763861324,0.0,0.0,0.0,8.61860465116279,0.0032650355889931,0.1596899224806201,0.0,0.0,0.0074276394647383,0.0638604065479402,0.0271365234673597,0.0,0.0,1.1871683132545454,,0.0042563300536495,-11.731244183318315,14778100000.0,1222200000.0,846400000.0,15267300000.0,225900000.0,0.0,0.0,15.97462161748968,0.0,0.0,5.633936261843239,0.0,0.0,0.0482929020664869,0.0302713178224175,1993-10-26,0.05,amc,,2025-04-25,1993-09-30,0.0,2.59796875,1501612.5
1993-06-30,AFL,USD,4977,1993-06-30,1993-06-30 00:00:00,1993,Q2,1236700000.0,0.0,1236700000.0,1.0,0,0.0,0.0,0.0,1236700000.0,1236700000.0,1236700000.0,0.0,100000.0,0.0,0.0,0.0,0.0,0.0,0.0,0.0,0.0,46500000.0,58700000.0,0.0474650279,0.05,0.05,1174000000,1174000000,,,1.0534071550255537,0.05,0.3622657580919932,0.3539182282793867,0.0,1.0862862010221466,0.9887563884156728,1.0862862010221466,0.1218057921635434,2770640000.0,2913540000.0,11.8,2.2403493167300077,6.5145544321655295,6.66820697954272,2.172539794558143,2.172539794558143,2.3558987628365813,0.0,6.850552551140371,7.012129963898917,0.0211864406779661,0.1499653509658418,0.1120520661805065,0.0099631176400867,0.0,0.0,0.0,7.232993197278912,0.0037175526232206,0.1754684838160136,0.0,0.0,0.0079830438753669,0.0230425581942158,0.0079243147084984,0.0,0.0,1.1054736433537955,,0.0041255517134744,-10.990545144804088,13856900000.0,1160800000.0,789300000.0,14342900000.0,205750000.0,0.0,0.0,15.98124039783294,0.0,0.0,5.631602914389799,0.0,0.0,0.0460283854779267,0.0083475298126064,1993-07-28,0.04703,amc,,2025-04-25,1993-06-30,0.0631511800978099,2.5134920634920634,2218580.9523809524
1993-03-31,AFL,USD,4977,1993-03-31,1993-03-31 00:00:00,1993,Q1,1121500000.0,0.0,1121500000.0,1.0,0,0.0,0.0,0.0,1121500000.0,1121500000.0,1121500000.0,0.0,900000.0,0.0,0.0,0.0,0.0,0.0,0.0,0.0,0.0,43100000.0,65100000.0,0.0580472581,0.055,0.055,1183636364,1183636364,,,0.947503839954684,0.0549999999831029,0.341827956884231,0.2671428570607856,0.0,0.989408601846572,0.8917434713082202,0.989408601846572,0.1096620583380454,2840727273.6,2969627273.6,10.909090912442396,2.532971264913063,7.0210758121601575,8.983957222011385,2.425691464093587,2.425691464093587,2.647906619349086,0.0,7.339662070192783,9.391610605945605,0.0229166666596262,0.1113095237753273,0.1100674579455213,0.0097295502064415,0.0,0.0,0.0,7.534450651769087,0.0032034050169369,0.1397849462365591,0.0,0.0,0.0087256478189654,0.2184873949579832,0.0788230049041462,0.0,0.0,1.1065229976864357,,0.0049570918394541,-10.081875956964094,12801000000.0,1055500000.0,723800000.0,13248300000.0,185700000.0,0.0,0.0,15.399910833704858,0.0,0.0,5.844189682126108,0.0,0.0,0.0555887627017334,0.0746850998234454,1993-04-27,0.03854,amc,,2025-04-25,1993-03-31,0.0378827192527245,2.330806451612903,2419475.806451613
1992-12-31,AFL,USD,4977,1992-12-31,1992-12-31 00:00:00,1992,Q4,1071400000.0,0.0,1071400000.0,1.0,0,0.0,0.0,0.0,1071400000.0,1071400000.0,1071400000.0,0.0,800000.0,0.0,0.0,0.0,0.0,0.0,0.0,0.0,0.0,37600000.0,48900000.0,0.0456412171,0.18,0.18,1183636364,1183636364,,,0.9051766510275956,0.0413133640426072,0.3390399384519078,0.3364208908336648,0.0,0.9140476187668056,0.8155376341580529,0.9140476187668056,0.1069585253127623,2722363637.2,2848163637.2,13.918014505112472,2.540940486466305,6.7838615429852975,6.836674126569562,2.516280282096312,2.516280282096312,2.658356950905357,0.0,7.097342729130326,7.152595773982923,0.0179623321924379,0.146269952536376,0.1162769202329235,0.0105701850202497,0.0,194.63973063973063,0.0,8.206543967280163,0.0033426834959342,0.1860940695296523,0.0,0.0,0.0097971667198816,0.0077248940941938,0.0028934104909464,0.0,0.0,0.9217665624190352,,0.0041494128029325,-9.027160135475526,11502200000.0,965300000.0,742100000.0,11842000000.0,182900000.0,0.0,0.0,15.07840209072242,0.0,0.0,5.968802228412256,0.0,0.0,0.0451982623162954,0.0026190476182429,1992-12-31,,amc,,2025-04-25,1992-12-31,,2.07859375,2293757.8125
1992-09-30,AFL,USD,4977,1992-09-30,1992-09-30 00:00:00,1992,Q3,1025300000.0,0.0,1025300000.0,1.0,0,0.0,0.0,0.0,1025300000.0,1025300000.0,1025300000.0,0.0,800000.0,0.0,0.0,0.0,0.0,0.0,0.0,0.0,0.0,36900000.0,47900000.0,0.0467180337,0.04,0.04,1197500000,1197500000,,,0.8562004175365344,0.04,0.3383716075156576,0.3366179540709812,0.0,0.868643006263048,0.7702713987473904,0.868643006263048,0.1083924843423799,2514750000.0,2643750000.0,13.125,2.4526967716765826,6.206194471865745,6.238526420243116,2.417563930013459,2.417563930013459,2.57851360577392,0.0,6.524555774925963,6.558546266435128,0.019047619047619,0.1602942638433243,0.1240146125745049,0.0108274160245757,0.0,0.0,0.0,8.45929018789144,0.0035788845809722,0.1878914405010438,0.0,0.0,0.0098873612999613,0.0051826258637709,0.0020481810201892,0.0,0.0,0.8841825069728213,,0.0040605608490725,-8.963903966597078,11572000000.0,922400000.0,698000000.0,11914200000.0,178800000.0,0.0,0.0,16.353262459767873,0.0,0.0,5.503488996242619,0.0,0.0,0.0460488367621611,0.0017536534446764,1993-02-03,0.03876,amc,,2025-04-25,1992-09-30,0.0319917440660474,2.13796875,2099437.5
1992-06-30,AFL,USD,4977,1992-06-30,1992-06-30 00:00:00,1992,Q2,955300000.0,0.0,955300000.0,1.0,0,0.0,0.0,0.0,955300000.0,955300000.0,955300000.0,0.0,1400000.0,0.0,0.0,0.0,0.0,0.0,0.0,0.0,0.0,34800000.0,44300000.0,0.0463728672,0.04,0.04,1107500000,1107500000,,,0.8625733634311512,0.04,0.3141309255079006,0.3080812641083521,0.0,0.896704288939052,0.7894356659142212,0.896704288939052,0.120451467268623,2237150000.0,2369150000.0,12.625,2.341829791688475,6.430439781546421,6.556711606096132,2.2526935857416173,2.2526935857416173,2.4800062807495027,0.0,6.809859154929577,6.943581477139508,0.0198019801980198,0.1525154772813624,0.1329171281844728,0.0121423972035691,0.0,0.0,0.0,7.8710407239819,0.0040229756609972,0.2031602708803611,0.0,0.0,0.0109281574832122,0.0192584075883874,0.0070135036114309,0.0,0.0,0.8983506331300417,,0.0041200870519521,-8.803092550790067,10534700000.0,874300000.0,656800000.0,10871000000.0,162100000.0,0.0,0.0,16.138385847377787,0.0,0.0,5.576765907764156,0.0,0.0,0.0446077937770617,0.0060496613995485,1992-06-30,,amc,,2025-04-25,1992-06-30,,1.8684126984126983,1960523.8095238092
1992-03-31,AFL,USD,4977,1992-03-31,1992-03-31 00:00:00,1992,Q1,934500000.0,0.0,934500000.0,1.0,0,0.0,0.0,0.0,934500000.0,934500000.0,934500000.0,0.0,2900000.0,0.0,0.0,0.0,0.0,0.0,0.0,0.0,0.0,31900000.0,42400000.0,0.0453718566,0.035,0.035,1211428571,1211428571,,,0.7714033021596945,0.035000000012382,0.2881721699132684,0.2181721698885043,0.0,0.7910495285817393,0.6919929247731107,0.7910495285817393,0.1158962264560953,2216914284.9300003,2354414284.9300003,13.071428566804244,2.3722999303691816,6.350370337811516,8.387870922928492,2.313382328007931,2.313382328007931,2.5194374370572503,0.0,6.744240289114868,8.908113072001514,0.0191256830668754,0.1192197649663957,0.1434832515913597,0.0136169622785386,0.0,0.0,0.0,8.233490566037736,0.0036988349327447,0.1933962264150943,0.0,0.0,0.0118838943521792,0.2429103408765396,0.0907437132156233,0.0,0.0,0.78927276905928,,0.0042494763322208,-7.449655073390208,9769300000.0,838300000.0,629900000.0,10097700000.0,156300000.0,0.0,0.0,14.725521669341893,0.0,0.0,6.111837802485285,0.0,0.0,0.0442450172179901,0.0700000000247641,1992-03-31,,amc,,2025-04-25,1992-03-31,,1.975873015873016,1972095.238095238
1991-12-31,AFL,USD,4977,1991-12-31,1991-12-31 00:00:00,1991,Q4,897300000.0,0.0,897300000.0,1.0,0,0.0,0.0,0.0,897300000.0,897300000.0,897300000.0,0.0,3000000.0,0.0,0.0,0.0,0.0,0.0,0.0,0.0,0.0,30200000.0,41700000.0,0.0464727516,0.15,0.15,1191733333,1211428571,,,0.7529368988456413,0.034991049461566,0.3324569255796758,0.328597001658256,0.0,0.7749216829198148,0.6733049901189597,0.7749216829198148,0.1189863504472438,2371549332.67,2510349332.67,14.217921658693044,2.6429837653738995,5.9857378411660775,6.056050389862104,2.568001443064429,2.568001443064429,2.797670046439318,0.0,6.336065958278647,6.410493699361593,0.0175834419404854,0.1651241214363095,0.1502977801840823,0.0136822908965449,0.0,157.5063694267516,0.0,9.501199040767386,0.0034576552496877,0.1966426858513189,0.0,0.0,0.0119375030804869,0.0116102978293791,0.0051264905828596,0.0,0.0,0.7810856329862069,,0.0041602649799469,-7.636964367765989,9828600000.0,802400000.0,670400000.0,10081700000.0,156750000.0,0.0,0.0,16.018054162487463,0.0,0.0,5.618659987476518,0.0,0.0,0.0451543042772062,0.0038599239214197,1991-12-31,,amc,,2025-04-25,1991-12-31,,1.7984375,1920093.75
1991-09-30,AFL,USD,4977,1991-09-30,1991-09-30 00:00:00,1991,Q3,830700000.0,0.0,830700000.0,1.0,0,0.0,0.0,0.0,830700000.0,830700000.0,830700000.0,0.0,3400000.0,0.0,0.0,0.0,0.0,0.0,0.0,0.0,0.0,29800000.0,38600000.0,0.0464668352,0.035,0.035,1102857143,1102857143,,,0.7532253885034682,0.0349999999954663,0.2770984455599613,0.27510362690737,0.0,0.79702072528536,0.6861269429163048,0.79702072528536,0.1344689118996802,1819714285.95,1964614285.95,11.78571428724093,2.190579373961719,5.954562454024869,5.997739900955834,2.070209654095563,2.070209654095563,2.365010576561936,0.0,6.428711668684555,6.475327244396835,0.0212121212093735,0.1667294708529515,0.1648464163822525,0.0158820628048446,0.0,0.0,0.0,7.937662337662338,0.0040116187779385,0.1891191709844559,0.0,0.0,0.0134049432783471,0.0071989528795811,0.0026483688455519,0.0,0.0,0.7922460609437695,,0.0042883171132737,-7.370990931687696,8872700000.0,756700000.0,628200000.0,9123500000.0,149550000.0,0.0,0.0,16.66305525460455,0.0,0.0,5.401170351105332,0.0,0.0,0.0439135381114903,0.0019948186525913,1991-09-30,,amc,,2025-04-25,1991-09-30,,1.54609375,1985132.8125
1991-06-30,AFL,USD,4977,1991-06-30,1991-06-30 00:00:00,1991,Q2,783300000.0,0.0,783300000.0,1.0,0,0.0,0.0,0.0,783300000.0,783300000.0,783300000.0,0.0,4100000.0,0.0,0.0,0.0,0.0,0.0,0.0,0.0,0.0,29500000.0,34700000.0,0.0442997574,0.03,0.03,1156666667,1156666667,,,0.6772046107558488,0.0299999999913544,0.2125072045497097,0.2098270892767069,0.0,0.7278674349487414,0.6188472620694965,0.7278674349487414,0.132449567685173,1677166667.15,1826266667.15,12.083333336815562,2.141154943380569,6.82329807628153,6.910451862999588,1.992120996733579,1.992120996733579,2.3315034688497382,0.0,7.429888800447518,7.524790552740008,0.0206896551664513,0.1447083374322116,0.1770994179831334,0.0176547902383574,0.0,0.0,0.0,7.063218390804598,0.0044122031190703,0.2132564841498559,0.0,0.0,0.0149313819520916,0.0126118795768917,0.0039576152176688,0.0,0.0,0.7009354595458931,,0.0041710741417443,-6.479329969314314,8190600000.0,715800000.0,587200000.0,8445300000.0,143200000.0,0.0,0.0,16.69475296821141,0.0,0.0,5.39091534755678,0.0,0.0,0.0412162964722651,0.0026801152730028,1991-06-30,,amc,,2025-04-25,1991-06-30,,1.55296875,1909148.4375
1991-03-31,AFL,USD,4977,1991-03-31,1991-03-31 00:00:00,1991,Q1,771400000.0,0.0,771400000.0,1.0,0,0.0,0.0,0.0,771400000.0,771400000.0,771400000.0,0.0,3500000.0,0.0,0.0,0.0,0.0,0.0,0.0,0.0,0.0,26500000.0,33700000.0,0.0436868032,0.03,0.03,1123333333,1123333333,,,0.6867062316577763,0.030000000008902,0.2610979229261418,0.259851632124585,0.0,0.7232937687606213,0.6123738874220694,0.7232937687606213,0.140118694403596,1718699999.49,1872599999.49,12.749999996216618,2.2280269633004925,5.859870438083873,5.887975332271326,2.1153230762953843,2.1153230762953843,2.4275343524630544,0.0,6.384589156120014,6.4152106868448096,0.0196078431430732,0.1698376680552843,0.1894153846153846,0.019056699562897,0.0,0.0,0.0,8.70326409495549,0.0042473962891523,0.2166172106824926,0.0,0.0,0.0154286209586547,0.0047732696897374,0.0018148820326678,0.0,0.0,0.6987297718419423,,0.0042383006552387,-6.371728488537605,7822400000.0,687900000.0,559000000.0,8075900000.0,142550000.0,0.0,0.0,16.46227638060669,0.0,0.0,5.467044649184976,0.0,0.0,0.041476923076923,0.0012462908015567,1991-03-31,,amc,,2025-04-25,1991-03-31,,1.4488524590163934,3563213.1147540985
1990-12-31,AFL,USD,4977,1990-12-31,1990-12-31 00:00:00,1990,Q4,751700000.0,0.0,751700000.0,1.0,0,0.0,0.0,0.0,751700000.0,751700000.0,751700000.0,0.0,3400000.0,0.0,0.0,0.0,0.0,0.0,0.0,0.0,0.0,26400000.0,33500000.0,0.0445656512,0.14,0.14,1100857143,1123333333,,,0.6828315597349037,0.0304308331131026,0.2611601349258811,0.2582533090762713,0.0,0.7185310147004242,0.6044381001032393,0.7185310147004242,0.146431352174094,1409097143.04,1566897143.04,10.51565032119403,1.8745472170280697,4.901207454052174,4.956374052198382,1.781412317370417,1.781412317370417,2.0844713889051483,0.0,5.450077019269565,5.511421537249384,0.0237740883696114,0.2017603977158369,0.1994943109987357,0.0196395678797232,0.0,117.2971342383107,0.0,8.582089552238806,0.0052515896697052,0.2208955223880597,0.0,0.0,0.015632000796535,0.0111304347826086,0.004257017427165,0.0,0.0,0.7014083627859601,,0.0042355737622009,-6.482039968014269,7710500000.0,665400000.0,533000000.0,7968500000.0,143750000.0,0.0,0.0,17.240920580018624,0.0,0.0,5.220138888888889,0.0,0.0,0.0423514538558786,0.0029068258496098,1990-12-31,,amc,,2025-04-25,1990-12-31,,1.05284078125,1809585.9375
1990-09-30,AFL,USD,4977,1990-09-30,1990-09-30 00:00:00,1990,Q3,683000000.0,0.0,683000000.0,1.0,0,0.0,0.0,0.0,683000000.0,683000000.0,683000000.0,0.0,3500000.0,0.0,0.0,0.0,0.0,0.0,0.0,0.0,0.0,25900000.0,29800000.0,0.0436310395,0.025,0.025,1192000000,1192000000,,,0.572986577181208,0.025,0.2140939597315436,0.2070469798657718,0.0,0.6385906040268456,0.5322986577181208,0.6385906040268456,0.1397651006711409,1112541280.0,1275641280.0,9.3334,1.6289037774524158,4.359487774294671,4.507865802269044,1.4615623751970572,1.4615623751970572,1.8677031918008784,0.0,4.998594357366772,5.168724797406807,0.0267855229605502,0.2218344653242889,0.2142669469259064,0.0216675080373037,0.0,0.0,0.0,8.563758389261745,0.0058424798403884,0.2181208053691275,0.0,0.0,0.0168318410075191,0.0329153605015673,0.0122986822840409,0.0,0.0,0.5993389815163874,,0.0040266461280689,-5.586052852348994,7268700000.0,634500000.0,502500000.0,7527400000.0,134500000.0,0.0,0.0,18.90922401171303,0.0,0.0,4.7595818815331015,0.0,0.0,0.0391487125591171,0.0070469798657718,1990-09-30,,amc,,2025-04-25,1990-09-30,,1.0355839682539685,1936476.1904761903
1990-06-30,AFL,USD,4977,1990-06-30,1990-06-30 00:00:00,1990,Q2,621200000.0,0.0,621200000.0,1.0,0,0.0,0.0,0.0,621200000.0,621200000.0,621200000.0,0.0,4100000.0,0.0,0.0,0.0,0.0,0.0,0.0,0.0,0.0,23200000.0,27800000.0,0.0447520927,0.025,0.025,1112000000,1112000000,,,0.5586330935251799,0.025,0.2028776978417266,0.1967625899280575,0.0,0.6607913669064748,0.545773381294964,0.6607913669064748,0.1529676258992805,1178720000.0,1344720000.0,10.6,1.897488731487444,5.224822695035461,5.387202925045703,1.6041371801850846,1.6041371801850846,2.1647134578235674,0.0,5.9606382978723405,6.145886654478976,0.0235849056603773,0.1856250848377901,0.22591181273816,0.0247112063832321,0.0,0.0,0.0,8.115107913669064,0.0055144563594407,0.2338129496402877,0.0,0.0,0.0190395379302131,0.0301418439716312,0.0109465550547327,0.0,0.0,0.6096680604106566,,0.0042187049486319,-5.295571043165468,6463000000.0,606900000.0,480200000.0,6717600000.0,120750000.0,0.0,0.0,18.18254990341275,0.0,0.0,4.949800796812749,0.0,0.0,0.0378334240609689,0.006115107913669,1990-06-30,,amc,,2025-04-25,1990-06-30,,0.986590634920635,2372261.904761905
1990-03-31,AFL,USD,4977,1990-03-31,1990-03-31 00:00:00,1990,Q1,622600000.0,0.0,622600000.0,1.0,0,0.0,0.0,0.0,622600000.0,622600000.0,622600000.0,0.0,4200000.0,0.0,0.0,0.0,0.0,0.0,0.0,0.0,0.0,23600000.0,26100000.0,0.0419209765,0.025,0.025,1044000000,1044000000,,,0.596360153256705,0.025,0.2282567049808429,0.2242337164750958,0.0,0.6815134099616859,0.5579501915708812,0.6815134099616859,0.1749042145593869,1026606960.0,1205006960.0,9.8334,1.6489029232251846,4.308044313890054,4.385335155916275,1.4428769641602248,1.4428769641602248,1.9354432380340507,0.0,5.056680486781368,5.1474026484408375,0.0254235564504647,0.2280327419560841,0.2507378777231202,0.0283053294619766,0.0,0.0,0.0,9.130268199233717,0.0063315370470506,0.2490421455938697,0.0,0.0,0.0204674187253082,0.0176248426353336,0.006745904272406,0.0,0.0,0.6191536910198051,,0.0042276106710724,-5.272222222222222,6051200000.0,582500000.0,460000000.0,6302700000.0,118100000.0,0.0,0.0,16.768390619980725,0.0,0.0,5.367241379310345,0.0,0.0,0.0366830639494026,0.0040229885057471,1990-03-31,,amc,,2025-04-25,1990-03-31,,1.0437311111111112,2343119.047619048
1989-12-31,AFL,USD,4977,1989-12-31,1989-12-31 00:00:00,1989,Q4,637000000.0,0.0,637000000.0,1.0,0,0.0,0.0,0.0,637000000.0,637000000.0,637000000.0,0.0,4300000.0,0.0,0.0,0.0,0.0,0.0,0.0,0.0,0.0,35600000.0,25800000.0,0.0405023548,0.13,0.13,1044000000,1044000000,,,0.6101532567049809,0.0247126436781609,0.2240421455938697,0.2208812260536398,0.0,0.6726053639846743,0.5478927203065134,0.6726053639846743,0.2090038314176245,1231920000.0,1445820000.0,11.93720930232558,1.9339403453689168,5.266866182129115,5.342237640936687,1.7543719737966392,1.7543719737966392,2.2697331240188383,0.0,6.181359555365541,6.269817866435386,0.0209429183713228,0.1871874797064744,0.3046140700655084,0.0328299106731743,0.0,58.67385192127461,0.0,9.065891472868216,0.0052763166439379,0.251937984496124,0.0,0.0,0.0199834238880191,0.0141085934159897,0.0051805337519623,0.0,0.0,0.6115486699060771,,0.004040593873332,-5.481848659003831,6153800000.0,572000000.0,447300000.0,6408700000.0,120850000.0,0.0,0.0,16.982731554160125,0.0,0.0,5.299500831946755,0.0,0.0,0.0367416690401595,0.0031609195402298,1989-12-31,,amc,,2025-04-25,1989-12-31,,,
1989-09-30,AFL,USD,4977,1989-09-30,1989-09-30 00:00:00,1989,Q3,599300000.0,0.0,599300000.0,1.0,0,0.0,0.0,0.0,599300000.0,599300000.0,599300000.0,0.0,4700000.0,0.0,0.0,0.0,0.0,0.0,0.0,0.0,0.0,26900000.0,24100000.0,0.0402135825,0.02,0.02,1205000000,1205000000,,,0.4973443983402489,0.02,0.1795020746887966,0.1788381742738589,0.0,0.5663900414937759,0.4522821576763485,0.5663900414937759,0.1780912863070539,1433950000.0,1643850000.0,14.874999999999998,2.3927081595194397,6.629449838187703,6.654060324825986,2.101025641025641,2.101025641025641,2.74295010845987,0.0,7.599861303744799,7.6280742459396755,0.0168067226890756,0.1502841800620663,0.3075457875457875,0.0328081528025258,0.0,0.0,0.0,9.0125,0.0039052965584574,0.2323651452282157,0.0,0.0,0.0214917627934602,0.0036985668053629,0.0013348907058234,0.0,0.0,0.5048519769914733,,0.0038496557672954,-4.667365145228215,6132200000.0,545000000.0,416900000.0,6397800000.0,123550000.0,0.0,0.0,18.246287335224427,0.0,0.0,4.932510288065844,0.0,0.0,0.0353113553113553,0.0006639004149377,1989-09-30,,amc,,2025-04-25,1989-09-30,,,
1989-06-30,AFL,USD,4977,1989-06-30,1989-06-30 00:00:00,1989,Q2,595700000.0,0.0,595700000.0,1.0,0,0.0,0.0,0.0,595700000.0,595700000.0,595700000.0,0.0,5800000.0,0.0,0.0,0.0,0.0,0.0,0.0,0.0,0.0,9600000.0,2300000.0,0.0038610039,0.005,0.005,1148000000,1148000000,,,0.5189024390243903,0.0020034843205574,0.1850174216027874,0.1828397212543554,0.0,0.5755226480836237,0.4512195121951219,0.5755226480836237,0.1888501742160278,1228360000.0,1439360000.0,133.51739130434785,2.0620446533490013,5.783239171374765,5.852120057170081,1.85917965793855,1.85917965793855,2.416249790162833,0.0,6.776647834274953,6.857360647927584,0.0018724152528574,0.1708782441629489,0.3193582563947328,0.0351537769484522,0.0,0.0,0.0,92.34782608695652,0.0046403334527337,2.4782608695652173,0.0,0.0,0.0237746159741428,0.0117702448210922,0.0041967433271781,0.0,0.0,0.1610702906656858,,0.0003925249594675,-4.570818815331011,5716000000.0,518000000.0,374500000.0,6002200000.0,124550000.0,0.0,0.0,18.97599462816854,0.0,0.0,4.742834394904459,0.0,0.0,0.0034811563493264,0.002177700348432,1989-06-30,,amc,,2025-04-25,1989-06-30,,,
1989-03-31,AFL,USD,4977,1989-03-31,1989-03-31 00:00:00,1989,Q1,606300000.0,0.0,606300000.0,1.0,0,0.0,0.0,0.0,606300000.0,606300000.0,606300000.0,0.0,4400000.0,0.0,0.0,0.0,0.0,0.0,0.0,0.0,0.0,25000000.0,28700000.0,0.0473363022,0.025,0.025,1148000000,1148000000,,,0.5281358885017422,0.025,0.1783101045296167,0.1716898954703832,0.0,0.5780487804878048,0.4514808362369338,0.5780487804878048,0.1986062717770035,1297239999.9999998,1520839999.9999998,11.3,2.1396008576612235,6.337274059599412,6.581633688483002,1.9548523206751056,1.9548523206751056,2.5083951839023584,0.0,7.429604298974107,7.716083206494164,0.0221238938053097,0.1519379605932595,0.3369499698613623,0.0362586754880975,0.0,0.0,0.0,7.132404181184669,0.0043939440658629,0.1986062717770035,0.0,0.0,0.0235616527210222,0.0371275036638983,0.0125350486557809,0.0,0.0,0.5702213947445239,,0.0047662542555841,-4.713044425087108,5874100000.0,518300000.0,370900000.0,6166800000.0,61750000.0,0.0,0.0,18.332508659079664,0.0,0.0,4.909311740890688,0.0,0.0,0.0432489451476793,0.0066202090592334,1989-03-31,,amc,,2025-04-25,1989-03-31,,,
1988-12-31,AFL,USD,4977,1988-12-31,1988-12-31 00:00:00,1988,Q4,600800000.0,0.0,0.0,0.0,0,0.0,0.0,0.0,600800000.0,600800000.0,600800000.0,0.0,0.0,0.0,0.0,0.0,0.0,0.0,0.0,0.0,0.0,0.0,26500000.0,0.0441078562,0.023,0.023,1148000000,1148000000,,,0.5233449477351917,0.0230836236933797,,,0.0,0.5595818815331011,0.5595818815331011,0.5595818815331011,0.0673344947735191,1052337160.0,1129637160.0,9.927709056603772,1.7515598535286283,0.0,0.0,1.638133810709838,1.638133810709838,1.880221637816245,0.0,0.0,0.0,0.0251820433671657,,0.1203300124533001,0.0127267937699627,0.0,0.0,0.0,0.0,0.0050908833058788,0.2021632332075472,0.0,0.0,0.0,0.0,,0.0,,0.5391071280610464,0.0,0.0043630017452006,-4.731184668989547,0.0,642400000.0,-5431400000.0,0.0,,,,0.0,0.0,0.0,0.0,0.0,0.0,0.0412515566625155,,1988-12-31,,amc,,2025-04-25,1988-12-31,,,
1988-09-30,AFL,USD,4977,1988-09-30,1988-09-30 00:00:00,1988,Q3,574100000.0,0.0,0.0,0.0,0,0.0,0.0,0.0,574100000.0,574100000.0,574100000.0,0.0,0.0,0.0,0.0,0.0,0.0,0.0,0.0,0.0,0.0,0.0,28300000.0,0.049294548,0.025,0.025,1132000000,1132000000,,,0.5071554770318021,0.025,,,,,,,,999940880.0,,8.8334,1.7417538407942867,0.0,0.0,0.0,0.0,,0.0,0.0,0.0,0.0283016731949192,,0.0,0.0,0.0,0.0,0.0,0.0,0.004528267711187,0.16,0.0,0.0,0.0,0.0,,0.0,,,0.0,0.0,,,,,,,,,,0.0,0.0,0.0,0.0,0.0,0.0,,1988-09-30,,amc,,2025-04-25,1988-09-30,,,
1988-06-30,AFL,USD,4977,1988-06-30,1988-06-30 00:00:00,1988,Q2,583800000.0,0.0,0.0,0.0,0,0.0,0.0,0.0,583800000.0,583800000.0,583800000.0,0.0,0.0,0.0,0.0,0.0,0.0,0.0,0.0,0.0,0.0,0.0,26900000.0,0.0460774238,0.025,0.025,1076000000,1076000000,,,0.5425650557620818,0.025,,,,,,,,959436920.0,,8.916699999999999,1.6434342583076396,0.0,0.0,0.0,0.0,,0.0,0.0,0.0,0.0280372783653145,,0.0,0.0,0.0,0.0,0.0,0.0,0.0044859645384503,0.16,0.0,0.0,0.0,0.0,,0.0,,,0.0,0.0,,,,,,,,,,0.0,0.0,0.0,0.0,0.0,0.0,,1988-06-30,,amc,,2025-04-25,1988-06-30,,,
1988-03-31,AFL,USD,4977,1988-03-31,1988-03-31 00:00:00,1988,Q1,565900000.0,0.0,0.0,0.0,0,0.0,0.0,0.0,565900000.0,565900000.0,565900000.0,0.0,0.0,0.0,0.0,0.0,0.0,0.0,0.0,0.0,0.0,0.0,27100000.0,0.0478883195,0.025,0.025,1084000000,1084000000,,,0.5220479704797047,0.025,,,,,,,,1170720000.0,,10.8,2.06877540201449,0.0,0.0,0.0,0.0,,0.0,0.0,0.0,0.0231481481481481,,0.0,0.0,0.0,0.0,0.0,0.0,0.0037037037037037,0.16,0.0,0.0,0.0,0.0,,0.0,,,0.0,0.0,,,,,,,,,,0.0,0.0,0.0,0.0,0.0,0.0,,1988-03-31,,amc,,2025-04-25,1988-03-31,,,
1987-12-31,AFL,USD,4977,1987-12-31,1987-12-31 00:00:00,1987,Q4,521700000.0,0.0,0.0,0.0,0,0.0,0.0,0.0,521700000.0,521700000.0,521700000.0,0.0,0.0,0.0,0.0,0.0,0.0,0.0,0.0,0.0,0.0,0.0,25500000.0,0.0488786659,0.024,0.024,1084000000,1084000000,,,0.4812730627306273,0.0235239852398524,,,0.0,0.506549815498155,0.506549815498155,0.506549815498155,0.0339483394833948,1020770280.0,1057570280.0,10.007551764705882,1.956623116733755,0.0,0.0,1.858987943908213,1.858987943908213,2.027161740463868,0.0,0.0,0.0,0.0249811348347641,,0.0670187579675833,0.0073153762051485,0.0,0.0,0.0,0.0,0.0042477725742563,0.1700392156862745,0.0,0.0,0.0,0.0,,0.0,,0.5177949242877362,0.0,0.0050690786204154,-4.134132841328413,0.0,549100000.0,-4481400000.0,0.0,,,,0.0,0.0,0.0,0.0,0.0,0.0,0.0464396284829721,,1987-12-31,,amc,,2025-04-25,1987-12-31,,,
1987-09-30,AFL,USD,4977,1987-09-30,1987-09-30 00:00:00,1987,Q3,461400000.0,0.0,0.0,0.0,0,0.0,0.0,0.0,461400000.0,461400000.0,461400000.0,0.0,0.0,0.0,0.0,0.0,0.0,0.0,0.0,0.0,0.0,0.0,25100000.0,0.0543996532,0.025,0.025,1004000000,1004000000,,,0.4595617529880478,0.025,,,,,,,,1124480000.0,,11.2,2.437104464672735,0.0,0.0,0.0,0.0,,0.0,0.0,0.0,0.0223214285714285,,0.0,0.0,0.0,0.0,0.0,0.0,0.0032738035714285,0.1466664,0.0,0.0,0.0,0.0,,0.0,,,0.0,0.0,,,,,,,,,,0.0,0.0,0.0,0.0,0.0,0.0,,1987-09-30,,amc,,2025-04-25,1987-09-30,,,
1987-06-30,AFL,USD,4977,1987-06-30,1987-06-30 00:00:00,1987,Q2,453600000.0,0.0,0.0,0.0,0,0.0,0.0,0.0,453600000.0,453600000.0,453600000.0,0.0,0.0,0.0,0.0,0.0,0.0,0.0,0.0,0.0,0.0,0.0,22700000.0,0.0500440917,0.02,0.02,1135000000,1135000000,,,0.399647577092511,0.02,,,,,,,,983670450.0,,10.833375,2.168585648148148,0.0,0.0,0.0,0.0,,0.0,0.0,0.0,0.023076834319868,,0.0,0.0,0.0,0.0,0.0,0.0,0.0042307452663643,0.183333,0.0,0.0,0.0,0.0,,0.0,,,0.0,0.0,,,,,,,,,,0.0,0.0,0.0,0.0,0.0,0.0,,1987-06-30,,amc,,2025-04-25,1987-06-30,,,
1987-03-31,AFL,USD,4977,1987-03-31,1987-03-31 00:00:00,1987,Q1,439400000.0,0.0,0.0,0.0,0,0.0,0.0,0.0,439400000.0,439400000.0,439400000.0,0.0,0.0,0.0,0.0,0.0,0.0,0.0,0.0,0.0,0.0,0.0,20000000.0,0.0455166136,0.02,0.02,1000000000,1000000000,,,0.4394,0.02,,,,,,,,858340000.0,,10.72925,1.9534365043240784,0.0,0.0,0.0,0.0,,0.0,0.0,0.0,0.0233007898967775,,0.0,0.0,0.0,0.0,0.0,0.0,0.0042718037141459,0.183333,0.0,0.0,0.0,0.0,,0.0,,,0.0,0.0,,,,,,,,,,0.0,0.0,0.0,0.0,0.0,0.0,,1987-03-31,,amc,,2025-04-25,1987-03-31,,,
1986-12-31,AFL,USD,4977,1986-12-31,1986-12-31 00:00:00,1986,Q4,411900000.0,0.0,0.0,0.0,0,0.0,0.0,0.0,411900000.0,411900000.0,411900000.0,0.0,0.0,0.0,0.0,0.0,0.0,0.0,0.0,0.0,0.0,0.0,21700000.0,0.05268269,0.022,0.022,1000000000,1000000000,,,0.4119,0.0217,,,0.0,0.4461,0.4461,0.4461,0.024,866670000.0,890670000.0,9.984677419354838,2.1040786598689003,0.0,0.0,1.942770679219906,1.942770679219906,2.1623452294246177,0.0,0.0,0.0,0.0250383652370567,,0.0537995965030262,0.0072683222289521,0.0,0.0,0.0,0.0,0.0042311375725477,0.1689861751152073,0.0,0.0,0.0,0.0,,0.0,,0.4666993946857013,0.0,0.0065717746820109,-2.8559,0.0,446100000.0,-2855900000.0,0.0,,,,0.0,0.0,0.0,0.0,0.0,0.0,0.0486438018381528,,1986-12-31,,amc,,2025-04-25,1986-12-31,,,
1986-09-30,AFL,USD,4977,1986-09-30,1986-09-30 00:00:00,1986,Q3,363400000.0,0.0,0.0,0.0,0,0.0,0.0,0.0,363400000.0,363400000.0,363400000.0,0.0,0.0,0.0,0.0,0.0,0.0,0.0,0.0,0.0,0.0,0.0,20400000.0,0.0561364887,0.02,0.02,1020000000,1020000000,,,0.3562745098039215,0.02,,,,,,,,875506800.0,,10.72925,2.409209686296093,0.0,0.0,0.0,0.0,,0.0,0.0,0.0,0.0233007898967775,,0.0,0.0,0.0,0.0,0.0,0.0,0.0038830766362979,0.16665,0.0,0.0,0.0,0.0,,0.0,,,0.0,0.0,,,,,,,,,,0.0,0.0,0.0,0.0,0.0,0.0,,1986-09-30,,amc,,2025-04-25,1986-09-30,,,
1986-06-30,AFL,USD,4977,1986-06-30,1986-06-30 00:00:00,1986,Q2,326200000.0,0.0,0.0,0.0,0,0.0,0.0,0.0,326200000.0,326200000.0,326200000.0,0.0,0.0,0.0,0.0,0.0,0.0,0.0,0.0,0.0,0.0,0.0,19200000.0,0.0588595953,0.02,0.02,960000000,960000000,,,0.3397916666666666,0.02,,,,,,,,1056000000.0,,13.75,3.2372777437155125,0.0,0.0,0.0,0.0,,0.0,0.0,0.0,0.0181818181818181,,0.0,0.0,0.0,0.0,0.0,0.0,0.0030299999999999,0.16665,0.0,0.0,0.0,0.0,,0.0,,,0.0,0.0,,,,,,,,,,0.0,0.0,0.0,0.0,0.0,0.0,,1986-06-30,,amc,,2025-04-25,1986-06-30,,,
1986-03-31,AFL,USD,4977,1986-03-31,1986-03-31 00:00:00,1986,Q1,300100000.0,0.0,0.0,0.0,0,0.0,0.0,0.0,300100000.0,300100000.0,300100000.0,0.0,0.0,0.0,0.0,0.0,0.0,0.0,0.0,0.0,0.0,0.0,16800000.0,0.0559813396,0.015,0.015,1120000000,1120000000,,,0.2679464285714286,0.015,,,,,,,,1068670400.0,,15.902833333333334,3.561047650783072,0.0,0.0,0.0,0.0,,0.0,0.0,0.0,0.0157204690987979,,0.0,0.0,0.0,0.0,0.0,0.0,0.0026200781831329,0.1666666666666666,0.0,0.0,0.0,0.0,,0.0,,,0.0,0.0,,,,,,,,,,0.0,0.0,0.0,0.0,0.0,0.0,,1986-03-31,,amc,,2025-04-25,1986-03-31,,,
1985-12-31,AFL,USD,4977,1985-12-31,1985-12-31 00:00:00,1985,Q4,271300000.0,0.0,0.0,0.0,0,0.0,0.0,0.0,271300000.0,271300000.0,271300000.0,0.0,0.0,0.0,0.0,0.0,0.0,0.0,0.0,0.0,0.0,0.0,16400000.0,0.0604496867,0.015,0.015,1120000000,1120000000,,,0.2422321428571428,0.0146428571428571,,,0.0,0.3032142857142857,0.3032142857142857,0.3032142857142857,0.0361607142857142,773505600.0,814005600.0,11.791243902439025,2.8511079985256176,0.0,0.0,2.277696113074205,2.277696113074205,3.000389237007003,0.0,0.0,0.0,0.0212021735847807,,0.1192579505300353,0.0178304129611693,0.0,0.0,0.0,0.0,0.004343859953955,0.2048780487804878,0.0,0.0,0.0,0.0,,0.0,,0.316066888587249,0.0,0.0072202166064981,-1.7248214285714285,0.0,339600000.0,-1931800000.0,0.0,,,,0.0,0.0,0.0,0.0,0.0,0.0,0.0482921083627797,,1985-12-31,,amc,,2025-04-25,1985-12-31,,,
1985-09-30,AFL,USD,4977,1985-09-30,1985-09-30 00:00:00,1985,Q3,242300000.0,0.0,0.0,0.0,0,0.0,0.0,0.0,242300000.0,242300000.0,242300000.0,0.0,0.0,0.0,0.0,0.0,0.0,0.0,0.0,0.0,0.0,0.0,14000000.0,0.0577796121,0.015,0.015,933333333,933333333,,,0.2596071429498597,0.0150000000053571,,,,,,,,551254666.46979,,9.84383332981768,2.275091483573215,0.0,0.0,0.0,0.0,,0.0,0.0,0.0,0.0253966104081356,,0.0,0.0,0.0,0.0,0.0,0.0,0.005079322079813,0.1999999999285714,0.0,0.0,0.0,0.0,,0.0,,,0.0,0.0,,,,,,,,,,0.0,0.0,0.0,0.0,0.0,0.0,,1985-09-30,,amc,,2025-04-25,1985-09-30,,,
