date,symbol,reportedCurrency,cik,fillingDate,acceptedDate,calendarYear,period,revenue,costOfRevenue,grossProfit,grossProfitRatio,researchAndDevelopmentExpenses,generalAndAdministrativeExpenses,sellingAndMarketingExpenses,sellingGeneralAndAdministrativeExpenses,otherExpenses,operatingExpenses,costAndExpenses,interestIncome,interestExpense,depreciationAndAmortization,ebitda,ebitdaratio,operatingIncome,operatingIncomeRatio,totalOtherIncomeExpensesNet,incomeBeforeTax,incomeBeforeTaxRatio,incomeTaxExpense,netIncome,netIncomeRatio,eps,epsdiluted,weightedAverageShsOut,weightedAverageShsOutDil,link,finalLink,revenuePerShare,netIncomePerShare,operatingCashFlowPerShare,freeCashFlowPerShare,cashPerShare,bookValuePerShare,tangibleBookValuePerShare,shareholdersEquityPerShare,interestDebtPerShare,marketCap,enterpriseValue,peRatio,priceToSalesRatio,pocfratio,pfcfRatio,pbRatio,ptbRatio,evToSales,enterpriseValueOverEBITDA,evToOperatingCashFlow,evToFreeCashFlow,earningsYield,freeCashFlowYield,debtToEquity,debtToAssets,netDebtToEBITDA,currentRatio,interestCoverage,incomeQuality,dividendYield,payoutRatio,salesGeneralAndAdministrativeToRevenue,researchAndDdevelopementToRevenue,intangiblesToTotalAssets,capexToOperatingCashFlow,capexToRevenue,capexToDepreciation,stockBasedCompensationToRevenue,grahamNumber,roic,returnOnTangibleAssets,grahamNetNet,workingCapital,tangibleAssetValue,netCurrentAssetValue,investedCapital,averageReceivables,averagePayables,averageInventory,daysSalesOutstanding,daysPayablesOutstanding,daysOfInventoryOnHand,receivablesTurnover,payablesTurnover,inventoryTurnover,roe,capexPerShare,report_date,epsEstimated,time,revenueEstimated,updatedFromDate,fiscalDateEnding,surprise(%),QuarterAvgPrice,QuarterAvgVolume
2025-01-31,AI,USD,1577526,2025-03-07,2025-03-06 18:06:55,2025,Q3,98782000.0,40435000.0,58347000.0,0.5906642911,59356000,25375000.0,61201000.0,86576000.0,0.0,145932000.0,186367000.0,8677000.0,0.0,3123000.0,-84462000.0,-0.855034318,-87585000.0,-0.8866493896,7720000.0,-79865000.0,-0.8084974995,336000.0,-80201000.0,-0.811898929,-0.62,-0.62,130382000,130382000,https://www.sec.gov/Archives/edgar/data/1577526/000162828025011069/0001628280-25-011069-index.htm,https://www.sec.gov/Archives/edgar/data/1577526/000162828025011069/ai-20250131.htm,0.7576352564004234,-0.6151232532097989,-0.1688883434829961,-0.1716648003558773,5.555421760672486,6.597360065039653,6.59256645856023,6.597360065039653,0.0344372689481676,4087475700.0,3966871700.0,-12.741348923330134,41.37875017715778,-185.62559945504088,-182.6233446519525,4.751900713457812,4.751900713457812,40.157839484926406,-46.96634818024674,-180.14857856494092,-177.23490751496738,-0.0196211564022264,-0.0054757512075239,0.0052198559133759,0.0042553554453859,1.427908408515072,6.743377255572377,0.0,0.2745601675789578,0.0,0.0,0.2568787835840537,0.6008787025976392,0.0005923378960726,-0.016439600363306,0.0036646352574355,0.1159141850784502,0.6342451053835719,,-0.0954372892845236,-0.0760547967029423,5.097565231396972,792856000.0,859552000.0,735939000.0,875391000.0,170172000.0,24674000.0,0.0,164.32275110850156,63.96265611475207,0.0,0.5477026120416729,1.4070710234192851,0.0,-0.0932377871066071,0.0027764568728812,2025-02-26,-0.25,amc,108293160.0,2025-05-11,2025-01-31,-0.52,,
2024-10-31,AI,USD,1577526,2024-12-10,2024-12-09 19:58:52,2025,Q2,94338000.0,36498000.0,57840000.0,0.6131145456,55715000,21770000.0,55643000.0,77413000.0,0.0,133128000.0,169626000.0,9560000.0,0.0,2973000.0,-72315000.0,-0.7665521847,-75288000.0,-0.7980665267,9573000.0,-65715000.0,-0.6965909814,257000.0,-65972000.0,-0.6993152282,-0.52,-0.52,127870000,127870000,https://www.sec.gov/Archives/edgar/data/1577526/000162828024050538/0001628280-24-050538-index.htm,https://www.sec.gov/Archives/edgar/data/1577526/000162828024050538/ai-20241031.htm,0.7377649174943302,-0.5159302416516774,-0.3025963869555017,-0.3089700477047001,5.711847970595136,6.717455227965903,6.712567451317745,6.717455227965903,0.0331117541252834,3149438100.0,3032398100.0,-11.934753001273268,33.3846180754309,-81.39555216705864,-79.71646501974284,3.6665670501920338,3.6665670501920338,32.143972736331065,-41.933182603885776,-78.37071563331868,-76.75402703249975,-0.0209472286500884,-0.0125444599149289,0.0049292109886246,0.0040466830866041,1.6184747286178525,7.522613271260901,0.0,0.5865063966531255,0.0,0.0,0.2307659691746698,0.5905891581335199,0.0005973492983296,-0.0210632414131755,0.0086391485933558,0.274133871510259,0.6046131993470287,,-0.0814014187680428,-0.0630910120268078,5.185236959411903,795811000.0,858336000.0,730491000.0,880634000.0,150028500.0,26113000.0,0.0,152.63022323983972,50.82442873582114,0.0,0.589660409908305,1.7708019989326087,0.0,-0.0768044183612527,0.0063736607491984,2024-12-09,-0.16,amc,91021466.0,2025-04-25,2024-10-31,-0.625,21.044285714285717,3492865.1785714286
2024-07-31,AI,USD,1577526,2024-09-05,2024-09-04 21:40:23,2025,Q1,87213000.0,35047000.0,52166000.0,0.598144772,52927000,19700000.0,52125000.0,71825000.0,0.0,124752000.0,159799000.0,10003000.0,0.0,3119000.0,-69467000.0,-0.7965211608,-72586000.0,-0.8322841778,10031000.0,-62555000.0,-0.7172669212,272000.0,-62827000.0,-0.7203857223,-0.5,-0.5,124979000,124979000,https://www.sec.gov/Archives/edgar/data/1577526/000162828024039467/0001628280-24-039467-index.htm,https://www.sec.gov/Archives/edgar/data/1577526/000162828024039467/ai-20240731.htm,0.6978212339673066,-0.5027004536762176,0.0643468102641243,0.0569535681994575,6.101305019243233,7.000544083406012,6.995543243264868,7.000544091407356,0.0409828851247009,3343188250.0,3214490250.0,-13.303150914415776,38.333599922029975,415.7160221337976,469.6808443382973,3.8211315650212994,3.8211315650212994,36.85792542396202,-46.27362992500036,399.7127891071873,451.600203708907,-0.0187925403243445,0.0021291053532507,0.0058542428402107,0.0048429492680196,1.852649459455569,7.855800622418954,0.0,-0.128002292008213,0.0,0.0,0.2258837558620847,0.6068705353559676,0.0005909494909239,0.1148967918428251,0.0105947507825668,0.2962487976915678,0.6270051483150447,,-0.0772659858155091,-0.0594392594661651,5.480028644812329,808484000.0,874295999.0,743712000.0,895589000.0,135067000.0,21465500.0,0.0,144.5461112448832,81.18669215624732,0.0,0.6226386806596702,1.1085560651589434,0.0,-0.0718087690202887,0.0073932420646668,2024-09-04,-0.13385,amc,86938868.0,2025-04-25,2024-07-31,-0.6264475158759806,28.3785,4691975.933333334
2024-04-30,AI,USD,1577526,2024-06-18,2024-06-18 16:14:50,2024,Q4,86590000.0,34979000.0,51611000.0,0.5960388036,50618000,20053000.0,63247000.0,83300000.0,0.0,133918000.0,168897000.0,9482000.0,0.0,3250000.0,-79057000.0,-0.9130038111,-82307000.0,-0.9505370135,9309000.0,-72998000.0,-0.843030373,-71000.0,-72927000.0,-0.8422104169,-0.59,-0.59,122676000,122676000,https://www.sec.gov/Archives/edgar/data/1577526/000162828024028786/0001628280-24-028786-index.htm,https://www.sec.gov/Archives/edgar/data/1577526/000162828024028786/ai-20240430.htm,0.7058430336822198,-0.5944683556685905,0.1739786103231275,0.1532899670677231,6.116656884802243,7.119183866444945,7.114089145391112,7.119183866444945,0.0262969121914636,2763890280.0,2599970280.0,-9.474852523756631,31.919277976671676,129.49867778662795,146.97635097048658,3.1646885967071734,3.1646885967071734,30.02621873195519,-32.887287400230214,121.81840790891629,138.25952034033503,-0.0263856349608784,0.0068038156710041,0.0036938099485545,0.0031072262756146,2.073440682039541,8.837582449797235,0.0,-0.2926625255392379,0.0,0.0,0.2315856334449705,0.5845709666243215,0.000601988971562,0.118914866701026,0.0293105439427185,0.7809230769230769,0.6551449359048389,,-0.0875578159466916,-0.0702843099460293,5.567861684437053,802059000.0,872728000.0,739522000.0,891315000.0,151771000.0,15580500.0,0.0,135.1860491973669,29.115755167386144,0.0,0.6657491696395621,3.091109932838459,0.0,-0.08350231807757,0.0206886432554044,2024-05-29,-0.30357,amc,84388009.0,2025-04-25,2024-04-30,-0.6376453536251936,31.04625,6858806.703125
2024-01-31,AI,USD,1577526,2024-02-29,2024-02-28 20:26:51,2024,Q3,78401000.0,33114000.0,45287000.0,0.5776329511,49480000,21213000.0,57140000.0,78353000.0,0.0,127833000.0,160947000.0,9995000.0,0.0,3249000.0,-79297000.0,-1.0114284257,-82546000.0,-1.0528692236,10404000.0,-72142000.0,-0.9201668346,489000.0,-72631000.0,-0.9264039999,-0.6,-0.6,120486000,120486000,https://www.sec.gov/Archives/edgar/data/1577526/000162828024007744/0001628280-24-007744-index.htm,https://www.sec.gov/Archives/edgar/data/1577526/000162828024007744/ai-20240131.htm,0.6507063061268529,-0.6028169247879421,-0.3241123450027389,-0.3746327374134754,6.00336968610461,7.453106584997427,7.447919260329001,7.453106584997427,0.0243679763623989,2985643080.0,2874018080.0,-10.276751937877767,38.08169640693359,-76.4549711915188,-66.14478000797554,3.32478808902054,3.32478808902054,36.65792630196044,-36.24371766901648,-73.59652966633377,-63.67180823253135,-0.0243267524127498,-0.0151183509852088,0.0032695059549329,0.0027594270241515,1.407682510057127,8.48173183487667,0.0,0.5376629813715906,0.0,0.0,0.2705705284371373,0.6311143990510325,0.0005874120879069,-0.1558730890374126,0.0776393158250532,1.873499538319483,0.7013048302955319,,-0.0867719848645632,-0.0683030458055755,5.705530103082515,816848000.0,897370000.0,760033000.0,908476000.0,158315500.0,22792500.0,0.0,199.1431231744493,53.93640315082452,0.0,0.4519362685758424,1.6686318468127992,0.0,-0.0808812966664625,0.0505203924107365,2024-02-28,-0.28,amc,76140000.0,2025-04-25,2024-01-31,-0.5357142857142857,25.41484375,3810379.984375
2023-10-31,AI,USD,1577526,2023-12-07,2023-12-06 20:36:39,2024,Q2,73229000.0,32116000.0,41113000.0,0.5614305808,50399000,20215000.0,49895000.0,70110000.0,0.0,120509000.0,152625000.0,10480000.0,0.0,3164000.0,-76232000.0,-1.0410083437,-79396000.0,-1.0842152699,9842000.0,-69554000.0,-0.949814964,226000.0,-69780000.0,-0.952901173,-0.59,-0.59,118656000,118656000,https://www.sec.gov/Archives/edgar/data/1577526/000162828023040969/0001628280-23-040969-index.htm,https://www.sec.gov/Archives/edgar/data/1577526/000162828023040969/ai-20231031.htm,0.6171537891046386,-0.5880865695792881,-0.4095031014023732,-0.4646456984897519,6.424192624056095,7.679982470334412,7.674715142934196,7.679982470334412,0.0222323354908306,2895206400.0,2748835400.0,-10.37262252794497,39.536336697210125,-59.584408314468,-52.51313006729182,3.177090585069726,3.177090585069726,37.53752475112319,-36.05881257214818,-56.57203951430336,-49.85825911885804,-0.024101908589315,-0.0190428564954816,0.00289484195787,0.0024628564279805,1.9200729352502883,8.156385233982164,0.0,0.6963313270278016,0.0,0.0,0.2760518373868276,0.6882382662606344,0.0005835046502986,-0.1346573369005968,0.089349847737918,2.06795195954488,0.7260648103893267,,-0.083007654615965,-0.0651851630423105,5.9819625640507015,816930000.0,910651000.0,771246000.0,910206000.0,132860500.0,26312500.0,0.0,175.93808463859946,72.1322705193673,0.0,0.5115435932184446,1.2477078477078478,0.0,-0.0765739468613241,0.0551425970873786,2023-12-06,-0.19,amc,74330000.0,2025-04-25,2023-10-31,-0.3157894736842105,25.685714285714287,5574649.444444444
2023-07-31,AI,USD,1577526,2023-09-07,2023-09-06 21:07:28,2024,Q1,72362000.0,31813000.0,40549000.0,0.560363174,50868000,19889000.0,43885000.0,63774000.0,0.0,114642000.0,146455000.0,10122000.0,0.0,3056000.0,-71037000.0,-0.9816892844,-74093000.0,-1.0239213952,9883000.0,-64210000.0,-0.8873441862,148000.0,-64358000.0,-0.8893894586,-0.56,-0.56,115681000,115681000,https://www.sec.gov/Archives/edgar/data/1577526/000162828023031636/0001628280-23-031636-index.htm,https://www.sec.gov/Archives/edgar/data/1577526/000162828023031636/ai-20230731.htm,0.6255305538506756,-0.5563402805992341,0.0340246021386398,-0.0769530000605112,6.490910348285371,8.06045936670672,8.055056578003303,8.06045936670672,0.0209282423215566,4858602000.0,4654581000.0,-18.873341309549705,67.14300323374147,1234.4009146341464,-545.7876881599641,5.210621143191748,5.210621143191748,64.32355379895526,-65.5233329110182,1182.5663109756097,-522.8691305324646,-0.0132461971571246,-0.001832214287155,0.0025964081412034,0.0022223180953237,2.8720385151399976,8.08225921543478,0.0,-0.0611578980080176,0.0,0.0,0.2748542052458472,0.7029656449517703,0.0005737087193628,2.8805894308943087,0.1566844476382631,3.7100785340314135,0.703131477847489,,-0.075693400955483,-0.0591103053147657,5.9287177669625954,784084000.0,931817000.0,737834000.0,873375000.0,128577000.0,25747500.0,0.0,152.44354771841574,76.05852953195235,0.0,0.5903824815612558,1.1832992374930258,0.0,-0.0690209149737999,0.0980109093109499,2023-09-06,-0.17,amc,71590000.0,2025-04-25,2023-07-31,-0.4705882352941177,28.07934426229508,7975392.196721312
2023-04-30,AI,USD,1577526,2023-06-22,2023-06-21 19:42:34,2023,Q4,72410000.0,24908000.0,47502000.0,0.6560143627,49681000,19400000.0,51701000.0,71101000.0,0.0,120782000.0,145690000.0,8230000.0,0.0,2831000.0,-70449000.0,-0.9729181052,-73280000.0,-1.0120149151,8514000.0,-64766000.0,-0.8944344704,190000.0,-64956000.0,-0.8970584173,-0.58,-0.58,112746000,112746000,https://www.sec.gov/Archives/edgar/data/1577526/000162828023022983/0001628280-23-022983-index.htm,https://www.sec.gov/Archives/edgar/data/1577526/000162828023022983/ai-20230430.htm,0.6422400794706686,-0.5761268692459156,0.2399552977489223,0.1445993649442108,6.48345839320242,8.245658382559027,8.240114948645628,8.245658382559027,0.0207457470775016,2100457980.0,1817967980.0,-8.084156890818399,29.0078439442066,77.6394610778443,128.83874010918237,2.2593708271259,2.2593708271259,25.10658721171109,-25.805447628781103,67.1977519036002,111.51125437036129,-0.0309246843395553,0.0077616406303924,0.0025159600501255,0.0021205264054946,4.009851097957387,6.53400127904498,0.0,-0.4164973212636246,0.0,0.0,0.2679187957464438,0.6861068913133546,0.0005666220621779,0.3973904043764323,0.1484739676840215,3.797598021900389,0.6638309625742301,,-0.075820544742442,-0.0589221908866358,5.841098575559221,752840000.0,929040000.0,715516000.0,838043000.0,139132000.0,22300000.0,0.0,167.27993371081342,88.9232375140517,0.0,0.5380202992881875,1.0121088988216171,0.0,-0.0698703296348684,0.0953559328047114,2023-05-31,-0.17,amc,71320000.0,2025-04-25,2023-04-30,-0.2352941176470588,27.51238095238095,8748772.53968254
2023-01-31,AI,USD,1577526,2023-03-03,2023-03-02 21:28:42,2023,Q3,66669000.0,22271000.0,44398000.0,0.6659466919,55051000,17888000.0,43497000.0,61385000.0,0.0,116436000.0,138707000.0,6987000.0,0.0,844000.0,-71194000.0,-1.0678726245,-72038000.0,-1.0805321814,9019000.0,-63019000.0,-0.9452519162,143000.0,-63162000.0,-0.9473968411,-0.57,-0.57,110735000,110735000,https://www.sec.gov/Archives/edgar/data/1577526/000162828023006164/0001628280-23-006164-index.htm,https://www.sec.gov/Archives/edgar/data/1577526/000162828023006164/ai-20230131.htm,0.6020589696121371,-0.570388765972818,-0.4686865038154151,-0.64739242335305,6.975572312277058,8.555289655483813,8.549645550187384,8.555289655483813,0.0453153926039644,2198089750.0,1891965750.0,-8.700206413666447,32.97019229326973,-42.35240366088632,-30.6614647993416,2.320201980218922,2.320201980218922,28.378493002744904,-26.57479211731325,-36.454060693641615,-26.39129782811868,-0.0287349504268422,-0.0326142278767279,0.0052967689498295,0.0045817571559139,4.299856729499677,7.657352274933661,0.0,0.8216965897216681,0.0,0.0,0.2683106091286805,0.8257360992365267,0.0005706652495907,-0.381290944123314,0.2968246111386101,23.446682464454977,0.8374356897508587,,-0.0739297206048494,-0.0577039032037625,6.6135864902695625,822902000.0,946745000.0,798667000.0,898724000.0,119218500.0,25326000.0,-2662500.0,193.9585114520992,80.78218310807777,0.0,0.4640167596987709,1.1141070535267634,0.0,-0.0666708888818518,0.1787059195376349,2023-03-02,-0.22,amc,64222309.0,2025-04-25,2023-01-31,-0.7272727272727273,33.38174603174603,14569766.38095238
2022-10-31,AI,USD,1577526,2022-12-08,2022-12-07 20:04:00,2023,Q2,62408000.0,20752000.0,41656000.0,0.6674785284,50051000,18635000.0,44936000.0,63571000.0,0.0,113622000.0,134374000.0,4224000.0,0.0,952000.0,-71014000.0,-1.1378989873,-71966000.0,-1.1531534419,3279000.0,-68687000.0,-1.100612101,163000.0,-68850000.0,-1.1032239456,-0.63,-0.63,108876000,108876000,https://www.sec.gov/Archives/edgar/data/1577526/000162828022031554/0001628280-22-031554-index.htm,https://www.sec.gov/Archives/edgar/data/1577526/000162828022031554/ai-20221031.htm,0.5732025423417466,-0.6323707704177229,-0.4829990080458503,-0.7074929277343033,7.715841875160733,8.754601565083213,8.748861089680004,8.754601565083213,0.0234946177302619,1427364360.0,1152300360.0,-5.182877124183007,22.871496602999617,-27.14291288721547,-18.53022056628023,1.4974981902417837,1.4974981902417837,18.46398474554544,-16.226382966738953,-21.9122665297507,-14.959305716029029,-0.0482357567061573,-0.0539658983779026,0.0026836878361166,0.0023241762485178,3.8733770805756618,8.091256162824997,0.0,0.7637908496732027,0.0,0.0,0.2985995385207025,0.8019965389052686,0.0005678694899623,-0.4647916785517333,0.3916485066017177,25.67436974789916,0.8975291629278298,,-0.0732719097675665,-0.0625920471281296,6.989949575664058,841413000.0,952541000.0,812629000.0,903762000.0,88028500.0,35705000.0,-5325000.0,136.6541148570696,132.97898997686968,-23.09415959907479,0.6585970725735814,0.6767986432718023,-3.897089201877934,-0.0722329583724136,0.2244939196884529,2022-12-07,-0.16,amc,60814764.0,2025-04-25,2022-10-31,-0.3125,28.121962903225807,28945859.096774194
2022-07-31,AI,USD,1577526,2022-09-01,2022-08-31 20:00:02,2023,Q1,65308000.0,18406000.0,46902000.0,0.7181662277,55877000,21247000.0,42987000.0,64234000.0,0.0,120111000.0,138517000.0,2538000.0,0.0,1461000.0,-71748000.0,-1.098609665,-73209000.0,-1.1209805843,1517000.0,-71692000.0,-1.0977521896,179000.0,-71871000.0,-1.1004930483,-0.67,-0.67,106842000,106842000,https://www.sec.gov/Archives/edgar/data/1577526/000162828022024099/0001628280-22-024099-index.htm,https://www.sec.gov/Archives/edgar/data/1577526/000162828022024099/ai-20220731.htm,0.6112577450815222,-0.6726848991969451,-0.3580801557439958,-0.5128507515770951,8.491791617528687,9.162857303307687,9.157007543849796,9.162857303307687,0.0253177589337526,1999013820.0,1779835820.0,-6.953478524022207,30.609019109450603,-52.25087092895603,-36.48234879731358,2.0419394715713737,2.0419394715713737,27.25295247136645,-24.806765624128897,-46.521925348946624,-32.48231229696682,-0.0359532281772819,-0.0274105158512611,0.0027630855851714,0.0023787141577021,3.054830796677259,7.669533946408027,0.0,0.5323148418694605,0.0,0.0,0.3253353341091443,0.8555919642310283,0.0005496104800605,-0.4322233258403471,0.2532002204936608,11.318275154004109,0.8671219452440743,,-0.0727643407231529,-0.0632364431117493,7.556953258082028,875383000.0,978353000.0,848443000.0,914936000.0,80784500.0,47483000.0,-10605999.5,112.03558522692472,199.2458980767141,-26.03770509616429,0.803316194740338,0.4517031510748994,-3.456525821596244,-0.073414315745604,0.1547705958330993,2022-08-31,-0.26,amc,66021179.0,2025-04-25,2022-07-31,-0.5384615384615385,20.476290322580645,19914443.467741936
2022-04-30,AI,USD,1577526,2022-06-23,2022-06-22 21:16:25,2022,Q4,72317000.0,17363000.0,54954000.0,0.7599043102,46378000,17649000.0,47450000.0,65099000.0,0.0,111477000.0,128840000.0,750000.0,0.0,1429000.0,-55094000.0,-0.7618402312,-56523000.0,-0.7816004536,-1702000.0,-58225000.0,-0.8051357219,195000.0,-58420000.0,-0.8078321833,-0.55,-0.55,105824000,105824000,https://www.sec.gov/Archives/edgar/data/1577526/000162828022017829/0001628280-22-017829-index.htm,https://www.sec.gov/Archives/edgar/data/1577526/000162828022017829/ai-20220430.htm,0.6833705019655276,-0.5520486846084064,-0.1243763229513153,-0.1395713637738131,9.073187556697912,9.350213562140912,9.344307529482917,9.350213562140912,0.0341415935893559,1797949759.9999998,1462034759.9999998,-7.694067785005135,24.862062309000645,-136.60156207263333,-121.7298415707515,1.817070795986162,1.817070795986162,20.21702725500228,-26.5370958725088,-111.0799848047409,-98.98678131347324,-0.0324925653095,-0.0082149125234734,0.003651423934058,0.0030857080388971,6.097124913783715,7.061617244571116,0.0,0.225299554946936,0.0,0.0,0.2440504998824619,0.6413153200492278,0.0005337856419348,-0.1221698829965051,0.0222354356513682,1.125262421273618,0.4926642421560629,,-0.0553654792235961,-0.0499206584536559,7.852809858822195,910267000.0,988852000.0,879031000.0,925409000.0,74224500.0,34348000.0,-10443499.5,99.89891726703264,281.0355353337557,-82.34924321833785,0.9009106651218995,0.3202441993433915,-1.0929062184746157,-0.0590412915105656,0.0151950408224977,2022-06-01,-0.29,amc,71265387.0,2025-04-25,2022-04-30,-0.2758620689655172,12.52047619047619,1619727.492063492
2022-01-31,AI,USD,1577526,2022-03-03,2022-03-02 21:15:59,2022,Q3,69773000.0,17354000.0,52419000.0,0.7512791481,40931000,15748000.0,43146000.0,58894000.0,0.0,99825000.0,117179000.0,410000.0,0.0,1397000.0,-46009000.0,-0.6594098004,-47406000.0,-0.6794318719,8152000.0,-39254000.0,-0.5625958465,193000.0,-39447000.0,-0.5653619595,-0.38,-0.38,105093000,105093000,https://www.sec.gov/Archives/edgar/data/1577526/000162828022004786/0001628280-22-004786-index.htm,https://www.sec.gov/Archives/edgar/data/1577526/000162828022004786/ai-20220131.htm,0.6639167213801109,-0.3753532585424338,-0.5273805105953774,-0.5345551083326197,9.216931670044628,9.769204418943222,9.763257305434234,9.769204418943222,0.0308869287202763,2768149620.0,2566864620.0,-17.543473648186175,39.67365055250598,-49.94496283198615,-49.27462031400192,2.696227744904668,2.696227744904668,36.78879537930145,-55.79048925210285,-46.31323289549653,-45.6916340916373,-0.0142503135361592,-0.020294423247252,0.0031616626488421,0.0027334575711974,4.374904909908931,8.224966715174784,0.0,1.4050244632037925,0.0,0.0,0.2257033522996001,0.5866309317357717,0.0005263126869988,-0.0136042147806004,0.0108064724176973,0.5397279885468862,0.4494718587419202,,-0.0448762731523288,-0.0332358229377478,8.149320125983653,933379000.0,1026050000.0,901735000.0,939301000.0,47673000.0,12303500.0,-5007500.0,87.94261390509223,75.08470669586262,-25.93062118243633,1.0233946434333656,1.1986462218538472,-3.4708,-0.038422090729783,0.0071745977372422,2022-03-02,-0.27,amc,67157964.0,2025-04-25,2022-01-31,-0.7407407407407407,17.94484375,2082373.703125
2021-10-31,AI,USD,1577526,2021-12-02,2021-12-01 21:24:01,2022,Q2,58263000.0,15971000.0,42292000.0,0.7258809193,36523000,15279000.0,46166000.0,61445000.0,0.0,97968000.0,113939000.0,322000.0,0.0,1223000.0,-54453000.0,-0.9346068689,-55676000.0,-0.9555978923,-1050000.0,-56726000.0,-0.9736196214,13000.0,-56739000.0,-0.9738427475,-0.55,-0.55,103746000,103746000,https://www.sec.gov/Archives/edgar/data/1577526/000162828021024342/0001628280-21-024342-index.htm,https://www.sec.gov/Archives/edgar/data/1577526/000162828021024342/ai-20211031.htm,0.5615927361054884,-0.546903013128217,-0.1821564204885007,-0.1910049544078808,9.353825689665143,9.894453762072754,9.88842943342394,9.894453762072754,0.0425558575752318,4633296360.0,4470275360.0,-20.41495426426268,79.52382060655991,-245.1738998835856,-233.81592450545017,4.513639769705118,4.513639769705118,76.72580128040094,-82.09419793216168,-236.54753730553497,-225.5891885345176,-0.0122459250588494,-0.0042768686611706,0.0043009809938529,0.0037901225029402,2.9937928121499278,7.687266895137801,0.0,0.3330689649094979,0.0,0.0,0.2622419030945883,0.6268643907797401,0.0005365405581738,-0.0485765689490951,0.0157561402605427,0.7506132461161079,0.5585019652266447,,-0.0536965114035082,-0.0487345876512246,8.192417057043164,883943000.0,1025885000.0,877766000.0,889807000.0,41499500.0,10090000.0,-3357500.0,41.96694299984553,57.07908083401164,-28.26059733266545,2.144545053003533,1.5767597985980848,-3.1846460618145565,-0.0552736943624514,0.00884853391938,2021-12-01,-0.32,amc,66780000.0,2025-04-25,2021-10-31,-0.28125,18.38048387096774,3149678.129032258
2021-07-31,AI,USD,1577526,2021-09-02,2021-09-01 20:18:33,2022,Q1,52406000.0,13025000.0,39381000.0,0.7514597565,26712000,12364000.0,36822000.0,49186000.0,0.0,75898000.0,88923000.0,345000.0,0.0,1141000.0,-35376000.0,-0.6750372095,-36517000.0,-0.6968095256,-554000.0,-37071000.0,-0.7073808343,388000.0,-37459000.0,-0.7147845667,-0.37,-0.37,102155000,102155000,https://www.sec.gov/Archives/edgar/data/1577526/000162828021017975/0001628280-21-017975-index.htm,https://www.sec.gov/Archives/edgar/data/1577526/000162828021017975/ai-20210731.htm,0.5130047476873378,-0.3666878762664578,0.0100044050707258,0.000107679506632,10.758063726689834,10.217757329548236,10.211639175762322,10.217757329548236,0.0391170280456169,5143504250.0,4873721250.0,-34.32755979871326,98.14723981986796,5032.7830234833655,467591.2954545454,4.927695811917092,4.927695811917092,92.99929874441858,-137.76914433514247,4768.807485322896,443065.5681818182,-0.0072827780787777,2.1386197940829933e-06,0.0038283379399211,0.0033536431844503,7.626158977838083,8.33055026296447,0.0,-0.0272831629247977,0.0,0.0,0.2359271839102392,0.509712628325001,0.0005245312788492,0.9892367906066536,0.0192916841583024,0.8860648553900088,0.2654657863603404,,-0.035131791448909,-0.0314539660681073,9.71335960060692,1027252000.0,1043170000.0,1019640000.0,1033564000.0,60645500.0,11063000.0,-850000.5,95.88196008090677,69.45028790786948,-11.746641074856049,0.9386541527108596,1.2958909561237688,-7.661764705882353,-0.0358873150379145,0.0098967255640937,2021-09-01,-0.32,amc,67145187.0,2025-04-25,2021-07-31,-0.28125,24.080967741935485,3470895.709677419
2021-04-30,AI,USD,1577526,2021-06-25,2021-06-25 17:31:56,2021,Q4,52284000.0,11712000.0,40572000.0,0.7759926555,20711000,11676000.0,32093000.0,43769000.0,0.0,64480000.0,76192000.0,258000.0,0.0,1108000.0,-22800000.0,-0.4360798715,-23908000.0,-0.4572718231,106000.0,-23802000.0,-0.4552444342,248000.0,-24050000.0,-0.4599877592,-0.24,-0.24,97328701,97328701,https://www.sec.gov/Archives/edgar/data/1577526/000162828021012990/0001628280-21-012990-index.htm,https://www.sec.gov/Archives/edgar/data/1577526/000162828021012990/ai-20210430.htm,0.5371899497559307,-0.2471008012323107,-0.3259572939332664,-0.3307040951877083,11.233839440639406,10.903001777451031,10.896580238957467,10.903001777451031,0.0578349442884273,6448999728.26,6339273728.26,-67.03741921268191,123.34556897444726,-203.2781632233255,-200.36038550532825,6.077225460701581,6.077225460701581,121.24691546668195,-278.0383214149123,-199.8195028608353,-196.9513694429428,-0.0037292605075809,-0.0049910065678796,0.0053044973731948,0.0047046453880851,4.812543859649123,9.42392256095112,0.0,1.319126819126819,0.0,0.0,0.2233187973376176,0.396125009563155,0.0005223669155361,-0.0145626477541371,0.0088363552903373,0.4169675090252707,0.1428735368372733,,-0.022453219434963,-0.0201111843271575,10.348108925238815,1048652000.0,1060550000.0,1037835000.0,1055410000.0,47845500.0,12341500.0,-6751500.5,112.68074363093872,92.78944672131148,-7.684426229508197e-06,0.7987167736021998,0.9699378881987578,-11712000.0,-0.0226635569062595,0.0047468012544418,2021-06-02,-0.29,amc,56305846.0,2025-04-25,2021-04-30,-0.1724137931034482,40.4946875,3550014.15625
2021-01-31,AI,USD,1577526,2021-03-02,2021-03-02 06:17:52,2021,Q3,49109000.0,12226000.0,36883000.0,0.7510435969,18748000,8184000.0,28450000.0,36634000.0,0.0,55382000.0,67608000.0,129000.0,0.0,1091000.0,-17408000.0,-0.3544767762,-18499000.0,-0.3766926633,1850000.0,-16649000.0,-0.3390213606,203000.0,-16852000.0,-0.3431550225,-0.21,-0.21,75814288,75314894,https://www.sec.gov/Archives/edgar/data/1577526/000162828021003690/0001628280-21-003690-index.htm,https://www.sec.gov/Archives/edgar/data/1577526/000162828021003690/ai-20210131.htm,0.6477538904012394,-0.2222800008357263,-0.3253212639812696,-0.3285792250663885,14.812537710569806,14.167672457729868,14.15942862907319,14.167672457729868,0.0,10443418172.0,9483296172.0,-154.9284680156658,212.65792771182475,-423.42759373986377,-419.2291827706635,9.722839119197998,9.722839119197998,193.10709181616403,-544.7665539981617,-384.4995204346416,-380.6870929308338,-0.0016136479189526,-0.0023853301275236,0.0,0.0,55.15406709558823,11.208053949163288,0.0,1.4635651554711606,0.0,0.0,0.1666496976114357,0.3817630169622676,0.0005276158348908,-0.0100145961725591,0.0050296279704331,0.226397800183318,0.1341709258995296,,-0.0173299146953055,-0.0142337212160321,13.565539915114682,1062638000.0,1073487000.0,1056274000.0,1070107000.0,31710500.0,11333500.0,-7201500.5,55.40308293795435,92.81203991493538,-99.40045804024211,1.6244583374681618,0.9697017766497462,-0.9054284233133376,-0.0156892391110051,0.0032579610851189,2021-03-01,-0.17,amc,58316937.0,2025-04-25,2021-01-31,0.3529411764705882,50.86390625,2780945.71875
2020-10-31,AI,USD,1577526,2020-10-31,2020-10-30 20:00:00,2021,Q2,41341000.0,10081000.0,31260000.0,0.7561500689,16134000,7562000.0,22088000.0,29650000.0,0.0,45784000.0,55865000.0,288000.0,0.0,1070000.0,-13456000.0,-0.3254880143,-14524000.0,-0.3513219322,-290000.0,-14814000.0,-0.3583367601,130000.0,-14944000.0,-0.3614813381,-0.16,-0.16,95155635,95155635,,,0.4344566667018721,-0.157047977242756,0.0186431418381055,0.0158582305714212,3.052304784682484,-1.93711071341177,-1.9436789003614967,-1.93711071341177,0.0,8800944681.15,8686341681.15,-147.2320777761978,212.88659396603856,4961.073664684329,5832.302638270377,-47.74636749445279,-47.74636749445279,210.11445492731187,-645.5366885515755,4896.472199069898,5756.356316202783,-0.0016979995377095,0.0001714588665955,0.0,0.0,8.516869797859691,2.982636942108308,0.0,-0.1187098501070663,0.0,0.0,0.1829176846230134,0.3902663215693863,0.0017575928008998,0.149379932356257,0.0064101013521685,0.2476635514018691,0.1258073099344476,,-0.060235801221169,-0.0420987393478414,-2.3649729256706657,222779000.0,-184952000.0,-204783000.0,230817000.0,46803000.0,7220500.0,-900000.5,72.25514622287801,89.80359091359985,-8.03492609860133,1.2455860198855078,1.0021870961328163,-11.201098665445928,0.081073309932891,0.0027849112666843,2020-10-30,,amc,,2025-04-25,2020-10-31,,62.14698412698413,3801578.0
2020-07-31,AI,USD,1577526,2020-07-31,2020-07-30 20:00:00,2021,Q1,40483000.0,10499000.0,29984000.0,0.7406565719,13264000,5687000.0,14358000.0,20045000.0,0.0,33309000.0,43808000.0,580000.0,0.0,1028000.0,-2297000.0,-0.0567398661,-3325000.0,-0.0821332411,3598000.0,273000.0,0.0067435714,123000.0,150000.0,0.003705259,0.002,0.002,73550000,73550000,,,0.5504146838885112,0.0020394289598912,0.2319782460910945,0.2230863358259687,3.643738953093134,-2.442977566281441,-2.4514751869476545,-2.442977566281441,0.0,6802639500.0,6673660500.0,11337.732499999998,168.0369414322061,398.7011780564998,414.5928510482691,-37.85953717977972,-37.85953717977972,164.8509374305264,-2905.381149325207,391.1417477435237,406.7321123842028,2.20502644598468e-05,0.0024120049283811,0.0,0.0,56.15106660861994,2.6785840594154906,0.0,113.74666666666668,0.0,0.0,0.1404787194624904,0.3276437022947904,0.0017567578962753,0.0383307935763685,0.0161549292295531,0.6361867704280155,0.0612602820937183,,-0.0078965541432637,0.0004223638861982,-3.0263902107409923,208836000.0,-180306000.0,-202202000.0,217707000.0,45621500.0,4554000.0,-900000.0,134.3141565595435,37.56357748356986,-7.715020478140775,0.670070842161017,2.3959379278868096,-11.665555555555557,-0.0008348128071415,0.0088919102651257,2020-12-09,,amc,,2025-04-25,2020-07-31,,116.302131147541,4132169.016393442
2020-04-30,AI,USD,1577526,2020-04-30,2020-04-29 20:00:00,2020,Q4,41618000.0,9509000.0,32109000.0,0.771517132,17426000,10313000.0,34589000.0,44902000.0,0.0,62328000.0,71837000.0,1136000.0,0.0,736000.0,-29483000.0,-0.7084194339,-30219000.0,-0.7261040896,-118000.0,-30337000.0,-0.7289394012,97000.0,-30434000.0,-0.7312701235,-0.41,-0.41,53477232,53477159,,,0.7782377367624412,-0.5691020058779407,-0.6390383107338091,-0.6515483075115032,4.580977564433402,-3.4163510931156646,-3.428038309836231,-3.4163510931156646,0.1055963405136601,4946109187.679999,4918652187.679999,-40.6297988079122,118.8454319688596,-144.7331066799321,-141.95417121602617,-27.072744422075896,-27.072744422075896,118.18569339420442,-166.83011185021874,-143.9296596149119,-141.1661506667049,-0.0061531193196879,-0.0070445270571035,-0.0309091008609884,0.0185082003749492,0.9312824339449852,3.4699959278865733,0.0,1.122888874285339,0.0,0.0,0.2478014320726608,0.4187130568504013,0.0020484549733209,-0.0195762860654298,0.0160747753375943,0.9089673913043478,0.0693449949541064,,-0.1352959253843581,-0.0999530351448192,-4.1168314395928345,200166000.0,-183322000.0,-206600000.0,209514000.0,,,,66.66418376663943,44.73025554737617,-8.518245872331475,1.3500502805981769,2.0120609394837072,-10.565555555555555,0.16658182674045,0.0125099967776941,2020-05-11,-0.55,bmo,242954411.0,2025-04-25,2020-04-30,-1.309090909090909,134.16375,9264289.875
2020-01-31,AI,USD,1577526,2020-01-31,2020-01-30 19:00:00,2020,Q3,41283000.0,10931000.0,30352000.0,0.7352178863,12331000,5291000.0,23162000.0,28453000.0,0.0,40784000.0,51715000.0,1136000.0,0.0,204000.0,-10228000.0,-0.2477533125,-10432000.0,-0.2526948138,734000.0,-9698000.0,-0.2349150982,98000.0,-9796000.0,-0.2372889567,-0.13,-0.13,73550000,73550000,,,0.5612916383412645,-0.1331883072739633,-0.3315567641060503,-0.3332698844323589,,,,,,6802639500.0,,-173.6075821763985,164.78064820870577,-278.9567579758878,-277.52282555483026,0.0,0.0,,,,,-0.001440029270991,-0.003603307216265,0.0,0.0,,0.0,0.0,2.4893834218048183,0.0024326954265325,-1.6893374846876277,0.1281641353583799,0.2986943778310685,0.0,-0.005166899040433,0.0030521037715282,0.6176470588235294,0.0499236974057117,,0.0,0.0,,,,,,,,,,,,0.0,0.0,0.0,0.0,0.0017131203263086,2020-02-18,0.19,bmo,54514166.0,2025-04-25,2020-01-31,-0.0526315789473684,,
2019-10-31,AI,USD,1577526,2019-10-31,2019-10-30 20:00:00,2020,Q2,38875000.0,10128000.0,28747000.0,0.7394726688,23873000,9170000.0,25587000.0,34757000.0,0.0,58630000.0,68758000.0,1000000.0,0.0,193000.0,-29690000.0,-0.7637299035,-29883000.0,-0.7686945338,1156000.0,-28727000.0,-0.7389581994,98000.0,-28825000.0,-0.7414790997,-0.39,-0.39,206278893,206278000,,,0.188458447854866,-0.1397380002422254,-0.1909938502530164,-0.1996229444570463,,,,,,19078734813.57,,-165.4703799962706,490.7713135323473,-484.25642960480224,-463.323493456943,0.0,0.0,,,,,-0.0015108444182314,-0.0021583192178294,0.0,0.0,,0.0,0.0,1.3667996530789246,0.0024326954265325,-1.6101561465741543,0.2358842443729903,0.6140964630225081,0.0,-0.0451799583735215,0.0457877813504823,9.22279792746114,0.0470739549839228,,0.0,0.0,,,,,,,,,,,,0.0,0.0,0.0,0.0,0.0086290942040298,2019-11-07,0.2,bmo,22714444.0,2025-04-25,2019-10-31,-0.1,,
2019-07-31,AI,USD,1577526,2019-07-31,2019-07-30 20:00:00,2020,Q1,34890000.0,8218000.0,26672000.0,0.7644597306,10918000,5080000.0,11637000.0,16717000.0,0.0,27635000.0,35853000.0,979000.0,0.0,169000.0,-794000.0,-0.022757237,-963000.0,-0.0276010318,727000.0,-236000.0,-0.0067641158,87000.0,-323000.0,-0.009257667,-0.0044,-0.0044,73550000,73550000,,,0.4743711760707002,-0.0043915703602991,0.4986675730795377,0.4928076138681169,2.1280353501019715,0.0,0.0,2.0847178789938816,0.0,6802639500.0,6959156500.0,-5265.200851393189,194.9739036973345,185.4742617989476,187.679730177123,44.36571534784225,44.36571534784225,199.459916881628,-8764.680730478589,189.74170461051887,191.9979170115323,-4.748156947020344e-05,0.0053282259040773,0.0,0.0,-197.12468513853904,0.0,0.0,-113.55108359133126,0.0024326954265325,-51.23452012383901,0.1456004585841215,0.3129263399254801,0.0,0.0117512337432178,0.012353109773574,2.5502958579881656,0.0439094296359988,,0.0,0.0,2.1280353501019715,156517000.0,0.0,156517000.0,156517000.0,,,,0.0,0.0,0.0,0.0,0.0,0.0,-0.0021065537953838,0.0058599592114208,2019-08-06,0.24,bmo,6296347.83,2025-04-25,2019-07-31,-0.0416666666666665,,
