date,symbol,reportedCurrency,cik,fillingDate,acceptedDate,calendarYear,period,revenue,costOfRevenue,grossProfit,grossProfitRatio,researchAndDevelopmentExpenses,generalAndAdministrativeExpenses,sellingAndMarketingExpenses,sellingGeneralAndAdministrativeExpenses,otherExpenses,operatingExpenses,costAndExpenses,interestIncome,interestExpense,depreciationAndAmortization,ebitda,ebitdaratio,operatingIncome,operatingIncomeRatio,totalOtherIncomeExpensesNet,incomeBeforeTax,incomeBeforeTaxRatio,incomeTaxExpense,netIncome,netIncomeRatio,eps,epsdiluted,weightedAverageShsOut,weightedAverageShsOutDil,link,finalLink,revenuePerShare,netIncomePerShare,operatingCashFlowPerShare,freeCashFlowPerShare,cashPerShare,bookValuePerShare,tangibleBookValuePerShare,shareholdersEquityPerShare,interestDebtPerShare,marketCap,enterpriseValue,peRatio,priceToSalesRatio,pocfratio,pfcfRatio,pbRatio,ptbRatio,evToSales,enterpriseValueOverEBITDA,evToOperatingCashFlow,evToFreeCashFlow,earningsYield,freeCashFlowYield,debtToEquity,debtToAssets,netDebtToEBITDA,currentRatio,interestCoverage,incomeQuality,dividendYield,payoutRatio,salesGeneralAndAdministrativeToRevenue,researchAndDdevelopementToRevenue,intangiblesToTotalAssets,capexToOperatingCashFlow,capexToRevenue,capexToDepreciation,stockBasedCompensationToRevenue,grahamNumber,roic,returnOnTangibleAssets,grahamNetNet,workingCapital,tangibleAssetValue,netCurrentAssetValue,investedCapital,averageReceivables,averagePayables,averageInventory,daysSalesOutstanding,daysPayablesOutstanding,daysOfInventoryOnHand,receivablesTurnover,payablesTurnover,inventoryTurnover,roe,capexPerShare,report_date,epsEstimated,time,revenueEstimated,updatedFromDate,fiscalDateEnding,surprise(%),QuarterAvgPrice,QuarterAvgVolume
2024-12-31,AIZ,USD,1267238,2025-02-20,2025-02-20 16:31:09,2024,Q4,3104800000.0,0.0,3104800000.0,1.0,0,0.0,0.0,0.0,2854800000.0,2854800000.0,2854800000.0,0.0,26800000.0,63900000.0,340700000.0,0.1097333162,250000000.0,0.0805204844,0.0,250000000.0,0.0805204844,48700000.0,201300000.0,0.064835094,3.89,3.87,51696455,52076048,https://www.sec.gov/Archives/edgar/data/1267238/000126723825000008/0001267238-25-000008-index.htm,https://www.sec.gov/Archives/edgar/data/1267238/000126723825000008/aiz-20241231.htm,60.05827672322986,3.89388401970696,1.9885309350515428,0.6731602776244522,80.99588259968696,98.78240200416064,37.66409128053365,98.78240200416064,40.81324338390321,11022718135.1,11298118135.1,13.689416461872828,3.5502184150669933,107.22488458268482,316.74477399712646,2.158481629055946,2.158481629055946,3.6389197806944087,33.16148557411212,109.90387290953308,324.6585671005747,0.0182622831803159,0.0031571160192498,0.4079150919380422,0.059482133372929,0.8083357792779572,2.6095790269725234,9.328358208955224,0.5106805762543467,0.0037286628848036,0.2041728763040238,0.0,0.0,0.0902211841030707,0.6614785992217899,0.0219015717598557,1.0641627543035994,0.0073434681783045,93.02990042629344,0.022363684842021,0.0063180691127083,-357.8886598703915,6385200000.0,1947100000.0,-19561700000.0,9544800000.0,5708050000.0,3484100000.0,0.0,279.24987116722497,0.0,0.0,0.3222920018684798,0.0,0.0,0.0394188027493293,1.3153706574270905,2025-02-11,4.33,amc,3080518250.0,2025-05-11,2024-12-31,0.1062355658198614,208.0325,352639.9375
2024-09-30,AIZ,USD,1267238,2024-11-07,2024-11-07 16:15:51,2024,Q3,2967700000.0,0.0,2967700000.0,1.0,0,0.0,0.0,2012700000.0,0.0,2012700000.0,2967700000.0,0.0,26700000.0,0.0,0.0,0.0,0.0,0.0,151500000.0,151500000.0,0.0510496344,17700000.0,133800000.0,0.0450854197,2.56,2.55,52204057,52464522,https://www.sec.gov/Archives/edgar/data/1267238/000126723824000047/0001267238-24-000047-index.htm,https://www.sec.gov/Archives/edgar/data/1267238/000126723824000047/aiz-20240930.htm,56.84807217186204,2.5630191921673826,8.361419113460856,10.395743763746175,180.24461202316132,100.66842123017372,39.69997963951346,100.66842123017372,40.40299013542185,10381298775.02,10650398775.02,19.397045543759344,3.498095755979378,23.78304415812142,19.12898244890363,1.9753960335318632,1.9753960335318632,3.588772037274657,0.0,24.399539003482246,19.62483651192187,0.0128885607571526,0.0522766959858502,0.3962666260727265,0.0589404029740492,0.0,2.7384634206019083,0.0,3.2623318385650224,0.0036122647861975,0.2802690582959641,0.0,0.0,0.0900818797530871,0.2432989690721649,0.0357852882703777,1.8153846153846152,0.007985982410621,76.19277952869174,0.0,0.0041618065599776,-370.2882708905172,7105100000.0,2072500000.0,-18884900000.0,11030100000.0,891300000.0,3072500000.0,-5368200000.0,54.06004650065707,0.0,0.0,1.6648154381240885,0.0,0.0,0.0254600117976138,2.034324650285322,2024-11-05,2.52,amc,2939390000.0,2024-11-06,2024-09-30,0.1904761904761904,182.223125,349057.21875
2024-06-30,AIZ,USD,1267238,2024-08-08,2024-08-08 16:47:13,2024,Q2,2924900000.0,0.0,2924900000.0,1.0,0,0.0,0.0,1969200000.0,-1969200000.0,1969200000.0,-2665300000.0,0.0,26700000.0,50500000.0,310100000.0,0.1060207187,259600000.0,0.0887551711,-2692000000.0,232900000.0,0.0796266539,44200000.0,188700000.0,0.0645150262,3.59,3.58,52500727,52717736,https://www.sec.gov/Archives/edgar/data/1267238/000126723824000037/0001267238-24-000037-index.htm,https://www.sec.gov/Archives/edgar/data/1267238/000126723824000037/aiz-20240630.htm,55.71160947923635,3.594235942675613,13.540764873598798,12.485541390693504,40.99943225548096,95.31868006323036,34.475713069649494,95.31868006323036,40.16134862284859,8761846329.029999,9130546329.03,11.608169487321144,2.995605432332729,12.325005386172457,13.36666106640732,1.7508635231760683,1.7508635231760683,3.121661023976888,29.44387723002257,12.843643731931351,13.929132462288328,0.0215365566701157,0.0748129989256007,0.4160022380752552,0.0769751267327538,1.1889712995807804,-1.1253303964757708,9.722846441947564,3.7673555908850025,0.0045538347172104,0.2114467408585055,0.0,0.0,0.1181101197629145,0.0779293852862568,0.018940818489521,1.0970297029702971,0.006872029812985,87.7977851802786,0.0068563471358826,0.0079116843040904,-481.0695288086201,7719200000.0,1810000000.0,-17953600000.0,11646100000.0,0.0,2494800000.0,-10617550000.0,0.0,0.0,0.0,0.0,0.0,0.0,0.0377075714885198,1.0552234829052938,2024-08-06,3.62,amc,2893070000.0,2025-04-22,2024-06-30,0.1270718232044198,173.48714285714286,336093.2380952381
2024-03-31,AIZ,USD,1267238,2024-05-09,2024-05-09 16:20:12,2024,Q1,2880100000.0,0.0,2880100000.0,1.0,0,0.0,0.0,1937300000.0,-1937300000.0,1937300000.0,1937300000.0,0.0,26800000.0,50600000.0,370300000.0,0.1285719246,292900000.0,0.1016978577,-2587200000.0,292900000.0,0.1016978577,56500000.0,236400000.0,0.0820804833,4.5,4.47,52531865,52872254,https://www.sec.gov/Archives/edgar/data/1267238/000126723824000026/0001267238-24-000026-index.htm,https://www.sec.gov/Archives/edgar/data/1267238/000126723824000026/aiz-20240331.htm,54.82577098680962,4.500125780799901,1.57047536766494,0.6034432624845891,31.350495551604727,93.65744010801824,32.40128634306054,93.65744010801824,40.12802513293598,9835015765.3,10634315764.3,10.400820394775804,3.414817459567376,119.21231230666666,310.25286325867506,1.9989869441666663,1.9989869441666663,3.692342545154682,28.71810900432082,128.9007971430303,335.4673742681388,0.0240365654353162,0.0032231773447526,0.4230081298780487,0.0781339750265615,2.1585201161220637,-1.0166906396721578,10.92910447761194,0.3489847715736041,0.0038027392016955,0.1582064297800338,0.0,0.0,0.1208088210449649,0.6157575757575757,0.0176382764487344,1.0039525691699605,0.0050345474115482,97.38111145320148,0.0077965766300583,0.0100946264475796,-481.9693723038389,7430900000.0,1702100000.0,-17970100000.0,11354900000.0,0.0,2412350000.0,-7452450000.0,0.0,0.0,0.0,0.0,0.0,0.0,0.0480487804878048,0.967032105180351,2024-05-07,3.87,amc,2840571204.0,2025-04-22,2024-03-31,0.2351421188630491,174.19475409836065,368731.5081967213
2023-12-31,AIZ,USD,1267238,2024-02-15,2024-02-15 16:55:44,2023,Q4,2983100000.0,0.0,2983100000.0,1.0,0,0.0,0.0,23900000.0,-2756500000.0,-2756500000.0,2756500000.0,0.0,26800000.0,54000000.0,112200000.0,0.0376118803,226600000.0,0.0759612484,143200000.0,226600000.0,0.0759612484,44100000.0,182500000.0,0.0611779692,3.44,3.42,53050518,53434515,https://www.sec.gov/Archives/edgar/data/1267238/000126723824000008/0001267238-24-000008-index.htm,https://www.sec.gov/Archives/edgar/data/1267238/000126723824000008/aiz-20231231.htm,56.23130767545003,3.4401172105426,6.8349945235219005,5.811441841152239,70.37820064264028,90.65886972112128,29.211778855769136,90.65886972112128,39.72063006057736,8938481777.82,9391481777.82,12.244495586054796,2.996373496637726,24.65108046833977,28.99280498806357,1.8585054117517417,1.8585054117517417,3.1482289490194764,83.70304614812834,25.90039100336459,30.46215302568926,0.0204173375900207,0.0344913160493337,0.4325605572304813,0.0618518694700789,4.037433155080214,5.22812383747365,8.455223880597014,1.9868493150684927,0.0043072191628262,0.210958904109589,0.0,0.0,0.096916325753972,0.1497517926089354,0.0182025409808588,0.9836956521739132,0.0072072676075223,83.76894177055895,0.008461649024708,0.0060081513329865,-514.5133549874103,10229100000.0,1549700000.0,-16177300000.0,14174700000.0,0.0,2726050000.0,-6534300000.0,0.0,0.0,0.0,0.0,0.0,0.0,0.0379457324046158,1.0235526823696612,2024-02-06,3.7,amc,2802780000.0,2025-04-22,2023-12-31,0.2378378378378378,158.95460317460316,397605.3492063492
2023-09-30,AIZ,USD,1267238,2023-11-02,2023-11-02 16:22:06,2023,Q3,2774100000.0,0.0,2774100000.0,1.0,0,0.0,0.0,1873700000.0,-1873700000.0,1873700000.0,2545300000.0,27000000.0,27000000.0,45900000.0,301700000.0,0.1087559929,228800000.0,0.0824771998,228800000.0,228800000.0,0.0824771998,38700000.0,190100000.0,0.0685267294,3.55,3.54,53535982,53745173,https://www.sec.gov/Archives/edgar/data/1267238/000126723823000052/0001267238-23-000052-index.htm,https://www.sec.gov/Archives/edgar/data/1267238/000126723823000052/aiz-20230930.htm,51.81748604144405,3.5508828436172144,6.173418094768487,5.231995184098799,148.60659509337103,581.4556647153685,530.4637916233609,83.88003417962895,39.35670779327444,7686696295.56,8341396295.56,10.108753676433455,2.770879310608846,23.257780016822995,27.44268581063906,1.7117303468489735,1.7117303468489735,3.006883780527018,27.64798241816374,25.238717989591528,29.78006531795787,0.0247310408386767,0.0364395820037526,0.4631897741949851,0.06263400062634,2.170036460059662,3.417963597995252,8.474074074074075,1.7385586533403472,0.0048265208580479,0.1951604418726985,0.0,0.0,0.0822041145720411,0.1524962178517397,0.0181680545041635,1.0980392156862746,0.0086154067986013,81.8632024876597,0.0169842843996533,0.006237101732674,28.851623567865065,7333200000.0,28398900000.0,8286000000.0,10727500000.0,0.0,2767850000.0,-9803100000.0,0.0,0.0,0.0,0.0,0.0,0.0,0.0423328731127243,0.9414229106696876,2023-10-31,2.58,amc,2690150000.0,2025-04-22,2023-09-30,0.6627906976744186,137.00936507936507,334445.28571428574
2023-06-30,AIZ,USD,1267238,2023-08-03,2023-08-03 16:15:28,2023,Q2,2731600000.0,0.0,2731600000.0,1.0,0,0.0,0.0,1867600000.0,-1867600000.0,1867600000.0,2527300000.0,27200000.0,27200000.0,47200000.0,278700000.0,0.1020281154,204300000.0,0.0747913311,204300000.0,204300000.0,0.0747913311,48000000.0,156300000.0,0.0572192122,2.91,2.9,53745611,53889682,https://www.sec.gov/Archives/edgar/data/1267238/000126723823000041/0001267238-23-000041-index.htm,https://www.sec.gov/Archives/edgar/data/1267238/000126723823000041/aiz-20230630.htm,50.82461524160549,2.9081444436458264,3.449584004171057,2.5304391832107,297.8494374173177,83.46728070502353,31.87795185731538,83.46728070502353,40.12606722435437,6756898214.92,-504001785.0799999,10.807578718682022,2.473604559569483,36.44497419050701,49.68307510970588,1.50621895116362,1.50621895116362,-0.1845079019915067,-1.808402529888769,-2.718456230204962,-3.705895478529411,0.0231319157146502,0.0201275786128754,0.4746767721801159,0.064323192779273,-26.05274488697524,2.3392123159704057,7.511029411764706,1.1861804222648753,0.0058754769921408,0.2539987204094689,0.0,0.0,0.0837554788292901,0.2664509169363538,0.0180846390393908,1.0466101694915255,0.0062966759408405,73.90220188662964,0.0194589345517473,0.0051529737570882,-336.44607742946675,5376000000.0,1713300000.0,-19228400000.0,8791400000.0,0.0,2565300000.0,-9777500000.0,0.0,0.0,0.0,0.0,0.0,0.0,0.0348417298261257,0.9191448209603572,2023-08-01,2.6,amc,2643900000.0,2025-04-22,2023-06-30,0.4961538461538461,124.51854838709676,416690.9032258064
2023-03-31,AIZ,USD,1267238,2023-05-04,2023-05-04 16:17:09,2023,Q1,2642800000.0,0.0,2642800000.0,1.0,0,0.0,0.0,1823200000.0,-1823200000.0,1823200000.0,2495700000.0,27000000.0,27000000.0,48100000.0,222200000.0,0.0840774936,126000000.0,0.0476767065,-2495700000.0,147100000.0,0.0556606629,33500000.0,113600000.0,0.0429847132,2.12,2.12,53492413,53698162,https://www.sec.gov/Archives/edgar/data/1267238/000126723823000029/0001267238-23-000029-index.htm,https://www.sec.gov/Archives/edgar/data/1267238/000126723823000029/aiz-20230331.htm,49.40513713598973,2.123665649556695,4.853024670993997,3.9482234611476574,151.11301858826224,82.18735617703393,29.576156902849007,82.18735617703393,40.30104231790777,6422834028.91,7026034028.91,14.13475798615757,2.430314071783714,24.74127129780431,30.4111459702178,1.4609303131903373,1.4609303131903373,2.658556844600424,31.62031516161116,27.064846028158705,33.26720657627841,0.0176868963900782,0.0328826806125398,0.4842143572013465,0.0646752867975889,2.7146714671467147,2.528303718807652,4.666666666666667,2.285211267605634,0.0057606968876135,0.3257042253521127,0.0,0.0,0.0855015312074664,0.1864406779661017,0.0183139094899349,1.0062370062370063,0.0047298319963674,62.66670141050656,0.0095056204730408,0.003773973535675,-462.5141886943855,6296000000.0,1582100000.0,-18103200000.0,9781500000.0,1203200000.0,2665250000.0,-4383350000.0,0.0,0.0,0.0,0.0,0.0,0.0,0.025839323082522,0.9048012098463384,2023-05-02,2.32,amc,2622890000.0,2025-04-22,2023-03-31,0.185344827586207,125.11532258064516,434709.3064516129
2022-12-31,AIZ,USD,1267238,2023-02-17,2023-02-17 16:12:13,2022,Q4,2652800000.0,0.0,2652800000.0,1.0,0,0.0,0.0,3712100000.0,-1921500000.0,3712100000.0,2556500000.0,27900000.0,27900000.0,39400000.0,163600000.0,0.0616706876,124200000.0,0.046818456,-2538500000.0,96300000.0,0.0363012666,28200000.0,68100000.0,0.0256709891,1.27,1.27,53415238,53773862,https://www.sec.gov/Archives/edgar/data/1267238/000126723823000007/0001267238-23-000007-index.htm,https://www.sec.gov/Archives/edgar/data/1267238/000126723823000007/aiz-20221231.htm,49.66373078783249,1.274917093882461,5.187658248382231,4.20666477232583,149.31881423050103,79.16654794274248,25.515191002237977,79.16654794274248,40.396712264017246,6680109664.28,7273309664.28,24.52316323157122,2.518135428332328,24.10721639942259,29.729014972318645,1.5797076321990209,1.5797076321990209,2.741748214822074,44.45788303349633,26.24795981335258,32.36897936929239,0.0101944434182189,0.0336371723358854,0.5036772530564949,0.0643011973263937,3.625916870415648,2.4128916572291432,4.451612903225806,4.069016152716594,0.005613680296376,0.5506607929515418,0.0,0.0,0.0865178512127231,0.1891014074341393,0.0197527141133896,1.2535885167464116,0.0058051869722557,47.65440869223985,0.0086959442522406,0.002250644457664,-359.3010294178601,5988400000.0,1362900000.0,-18668300000.0,9499300000.0,1203200000.0,3123050000.0,-4973700000.0,81.64053075995174,0.0,0.0,1.1023936170212767,0.0,0.0,0.0161042400737815,0.9809934760564016,2023-02-07,2.59,amc,2631296126.0,2025-04-22,2022-12-31,0.2471042471042471,133.22190476190477,571903.7936507936
2022-09-30,AIZ,USD,1267238,2022-11-03,2022-11-03 16:18:08,2022,Q3,2547800000.0,0.0,2547800000.0,1.0,0,0.0,0.0,1842500000.0,-1842500000.0,1842500000.0,2539300000.0,26300000.0,26300000.0,44800000.0,79600000.0,0.0312426407,34800000.0,0.0136588429,1200000.0,8500000.0,0.0033362116,1200000.0,7300000.0,0.0028652171,0.14,0.14,53717373,54066605,https://www.sec.gov/Archives/edgar/data/1267238/000126723822000040/0001267238-22-000040-index.htm,https://www.sec.gov/Archives/edgar/data/1267238/000126723822000040/aiz-20220930.htm,47.42972073485425,0.1358964445264291,12.061274850503208,11.19377151969066,145.8466704989464,76.30492280402468,22.86038820252807,76.30492280402468,40.12854463303706,7803522775.710001,8503022775.710001,267.243930675,3.0628474667203083,12.0443321125328,12.977752828388493,1.9038090160067336,1.9038090160067336,3.337398059388492,106.82189416721108,13.12397403258219,14.14106565060702,0.0009354749399492,0.0770549426563685,0.5194808363219401,0.0640473805635014,8.787688442211055,1.475229742269584,1.32319391634981,88.75342465753425,0.0047030041501558,5.027397260273973,0.0,0.0,0.0863540247310178,0.0719246797345269,0.0182902896616688,1.0401785714285714,0.0070256692048041,15.274661156665257,0.0042872186744792,0.000240330800532,-487.89150578901166,3175200000.0,1228000000.0,-19290200000.0,6663700000.0,0.0,3102150000.0,-14398100000.0,0.0,0.0,0.0,0.0,0.0,0.0,0.0017809656249237,0.8675033308125474,2022-11-01,1.0,amc,2601043359.0,2025-04-22,2022-09-30,0.01,163.26375,400480.0
2022-06-30,AIZ,USD,1267238,2022-08-04,2022-08-04 16:24:51,2022,Q2,2509700000.0,0.0,2509700000.0,1.0,0,0.0,0.0,1811700000.0,-1811700000.0,2412600000.0,2439800000.0,0.0,27200000.0,48100000.0,145200000.0,0.0578555206,98200000.0,0.0391281827,17700000.0,69900000.0,0.0278519345,17700000.0,52200000.0,0.0207992987,0.96,0.95,54607321,55014947,https://www.sec.gov/Archives/edgar/data/1267238/000126723822000031/0001267238-22-000031-index.htm,https://www.sec.gov/Archives/edgar/data/1267238/000126723822000031/aiz-20220630.htm,45.95903908195753,0.9559157827940324,3.168073379758,2.322032974296615,140.46285112576754,81.66853671506793,15.164633328194215,81.66853671506793,39.48371684448684,9438875434.85,10385775434.85,45.20534212092912,3.760957658226083,54.559973611849706,74.43908071648265,2.1164821478686906,2.1164821478686906,4.138253749392358,71.52737902789256,60.03338401647399,81.9067463316246,0.0055303198310328,0.0134338037274898,0.47736394824764,0.0670969815971029,6.521349862258953,1.822386679000925,3.610294117647059,3.314176245210728,0.0040894702198825,0.7394636015325671,0.0,0.0,0.1144578882841087,0.2670520231213872,0.0184085747300474,0.9604989604989606,0.0067338725744112,41.91104236453222,0.0023595131797966,0.0018578429802363,-532.9111457417953,533400000.0,828100000.0,-26087000000.0,4773800000.0,0.0,2311150000.0,-10423750000.0,0.0,0.0,0.0,0.0,0.0,0.0,0.0117048231943852,0.8460404054613849,2022-08-02,3.21,amc,2622469003.0,2025-04-22,2022-06-30,-0.0809968847352024,181.1085483870968,483602.6612903226
2022-03-31,AIZ,USD,1267238,2022-05-05,2022-05-05 16:21:19,2022,Q1,2482700000.0,0.0,2482700000.0,1.0,0,0.0,0.0,1790500000.0,-2307500000.0,-2307500000.0,2307500000.0,0.0,26900000.0,47300000.0,245000000.0,0.0986828856,175200000.0,0.0705683329,-2307500000.0,175200000.0,0.0705683329,26200000.0,149000000.0,0.0600153059,2.67,2.65,55779362,56180404,https://www.sec.gov/Archives/edgar/data/1267238/000126723822000017/0001267238-22-000017-index.htm,https://www.sec.gov/Archives/edgar/data/1267238/000126723822000017/aiz-20220331.htm,44.50929359858939,2.671238871466475,-8.983609385851347,-9.720441047712235,148.49936792034302,90.01716441288805,35.27110976995398,90.01716441288805,39.9771514059268,10142361392.46,11094461392.46,17.017384886677853,4.085214239521489,-20.24019435733387,-18.705941336149024,2.019948097520464,2.019948097520464,4.468708016457889,45.28351588759184,-22.14021431343045,-20.4619354342678,0.0146908588872379,-0.0534589509306068,0.4387484814084563,0.0667118882220055,3.886122448979592,3.1451551854655566,6.5130111524163565,-3.443986254295533,0.003687504177065,0.2510067114093959,0.0,0.0,0.0924730336194,-0.0820195569746557,0.016554557538164,0.86892177589852,0.0049945623716115,73.55467588994695,0.0064577364983465,0.0049718207875497,-370.0275381421538,11335000000.0,1967400000.0,-11382500000.0,14974000000.0,3089450000.0,2006150000.0,49650000.0,0.0,0.0,0.0,0.0,0.0,0.0,0.0296747724602178,0.7368316618608868,2022-05-03,2.86,amc,2621237427.0,2025-04-22,2022-03-31,0.3111888111888112,163.79209677419357,517421.12903225806
2021-12-31,AIZ,USD,1267238,2022-02-22,2022-02-22 16:24:39,2021,Q4,2574900000.0,0.0,2574900000.0,1.0,0,3240600000.0,-1369100000.0,1871500000.0,-1871500000.0,1871500000.0,2413100000.0,0.0,27100000.0,37200000.0,226100000.0,0.0878092353,158700000.0,0.0616334615,-451700000.0,161800000.0,0.0628373917,35100000.0,123600000.0,0.0480018642,2.21,2.2,57274878,57728138,https://www.sec.gov/Archives/edgar/data/1267238/000126723822000006/0001267238-22-000006-index.htm,https://www.sec.gov/Archives/edgar/data/1267238/000126723822000006/aiz-20211231.htm,44.956883190567424,2.158014199523917,4.446975862611178,3.467488835157362,165.93487986128926,95.8483054298256,40.76307242417871,95.8483054298256,38.928061968111045,8926862485.08,9088562485.08,18.05595162839806,3.4668773486659674,35.04853743651355,44.94895511117825,1.6261111691130663,1.6261111691130663,3.529675903949668,40.19709192870411,35.68340198303887,45.76315450694864,0.0138458501188497,0.022247458200676,0.4012058946754832,0.0649484688085162,0.7151702786377709,3.7563528694592008,5.856088560885609,0.2876016260162601,0.0043800383466587,0.3163430420711974,1.258534312012117,0.0,0.0930362856258201,0.2202591283863368,0.0217872538739368,1.230263157894737,0.0070293991999689,68.21982917489645,0.0044115192371233,0.0040186627217011,-232.4313113333912,15825600000.0,2334700000.0,-6854700000.0,19542000000.0,7508350000.0,2168850000.0,1822450000.0,215.9699405802167,0.0,0.0,0.416724659729078,0.0,0.0,0.022514891524127,0.9794870274538168,2022-02-08,2.3,amc,2577225280.0,2025-04-22,2021-12-31,0.073913043478261,158.61609375,349800.84375
2021-09-30,AIZ,USD,1267238,2021-11-04,2021-11-04 16:13:22,2021,Q3,2637800000.0,0.0,2637800000.0,1.0,0,818300000.0,965600000.0,1783900000.0,-1783900000.0,1783900000.0,2449600000.0,0.0,27500000.0,41900000.0,260900000.0,0.0989081811,917000000.0,0.3476381833,-2449600000.0,188200000.0,0.0713473349,37200000.0,879800000.0,0.333535522,14.88,14.79,59126313,59479464,https://www.sec.gov/Archives/edgar/data/1267238/000126723821000045/0001267238-21-000045-index.htm,https://www.sec.gov/Archives/edgar/data/1267238/000126723821000045/aiz-20210930.htm,44.61296275991368,14.880007823251214,-0.0338258872999572,-0.813512589563973,167.3654164770937,97.15471350293734,41.70562774648235,97.15471350293734,37.7057165732624,9327175875.75,9501175875.75,2.6503682302085703,3.5359678048942302,-4663.5879378750005,-193.91218036902288,1.6236988851316063,1.6236988851316063,3.601931865854121,36.41692554906094,-4750.587937875,-197.5296439864865,0.0943265155198175,-0.005156973626396,0.3833124434231599,0.0654844043682044,0.6669221924108854,2.897278703986241,33.345454545454544,-0.0130208333333333,0.0041277231728949,0.0437599454421459,0.3102206384107969,0.0,0.0975024386762151,-23.05,0.0174766851163848,1.100238663484487,0.0068996891348851,180.3535837799248,0.027853261006219,0.0289920023198874,-177.67300998457318,13679000000.0,2465900000.0,-6991600000.0,17486500000.0,8620100000.0,2166700000.0,1698000000.0,301.5399196299947,0.0,0.0,0.2984679445110774,0.0,0.0,0.1531578580878768,0.7796867022640157,2021-11-02,1.23,amc,2518210000.0,2025-04-22,2021-09-30,0.1463414634146341,161.39796875,332575.796875
2021-06-30,AIZ,USD,1267238,2021-08-05,2021-08-05 16:07:25,2021,Q2,2542300000.0,0.0,2542300000.0,1.0,0,747200000.0,991400000.0,1738600000.0,-1738600000.0,1738600000.0,2302600000.0,0.0,28800000.0,42700000.0,309300000.0,0.1216614876,258400000.0,0.101640247,-2302600000.0,239700000.0,0.0942847028,52600000.0,205800000.0,0.0809503206,3.38,3.36,60990609,61322556,https://www.sec.gov/Archives/edgar/data/1267238/000126723821000035/0001267238-21-000035-index.htm,https://www.sec.gov/Archives/edgar/data/1267238/000126723821000035/aiz-20210630.htm,41.68346638414448,3.3742899665094344,15.538457732074786,14.790801646200975,155.23045523287036,96.873930214404,40.63576410591342,96.873930214404,42.29011715557718,9525513313.62,9330013313.62,11.571323267274051,3.746809311890808,10.051190581006647,10.55926539587629,1.6121984485850651,1.6121984485850651,3.669910440789837,30.164931502166183,9.844901671014036,10.342548845604702,0.0216051348860893,0.094703557729549,0.4316735495227134,0.0554519206518997,-0.6320724215971548,4.849282229179005,8.972222222222221,5.568155111633373,0.0043882149574272,0.2031098153547133,0.2939070920033041,0.0,0.0745736474557993,0.048116492560937,0.0179365141800731,1.0679156908665106,0.0067655272784486,85.7602264550588,0.0051845456669779,0.0048349810171785,-384.8166198832348,27296800000.0,2478400000.0,-5698200000.0,31222000000.0,4201200000.0,2023450000.0,1808900000.0,297.45348699996066,0.0,0.0,0.3025683138151004,0.0,0.0,0.0348317649448243,0.7476560858738105,2021-08-03,2.5,amc,2400030000.0,2025-04-22,2021-06-30,0.1960000000000001,156.20142857142858,339059.6031746032
2021-03-31,AIZ,USD,1267238,2021-05-06,2021-05-06 17:02:03,2021,Q1,2432600000.0,0.0,2432600000.0,1.0,0,735700000.0,946700000.0,1682400000.0,-1682400000.0,1682400000.0,2239500000.0,0.0,28400000.0,41400000.0,262900000.0,0.108073666,202900000.0,0.0834086985,44600000.0,193100000.0,0.0793800871,44600000.0,158300000.0,0.065074406,2.67,2.64,59192880,61783392,https://www.sec.gov/Archives/edgar/data/1267238/000126723821000016/0001267238-21-000016-index.htm,https://www.sec.gov/Archives/edgar/data/1267238/000126723821000016/aiz-20210331.htm,41.09615886234966,2.6743081262476163,-7.073485865191895,-7.742485244847015,141.4443764182449,98.41724207370886,38.03835866746136,98.3598027330314,37.7089271547524,8391774597.6,8944174597.6,13.25296051421352,3.449714132039793,-20.0424518691187,-18.310658078987565,1.4413408329497444,1.4413408329497444,3.6767962663816496,34.02120425104603,-21.361773579173637,-19.515982102552915,0.0188637097146618,-0.0546130016565353,0.378499536257772,0.0496210364192332,2.101179155572461,0.7786974515356132,7.144366197183099,-2.568711656441718,0.0051121487476879,0.2710044219835755,0.30243361012908,0.0,0.0804762826892678,-0.0945784571292094,0.0162788785661432,0.9565217391304348,0.005426292855381,76.93178435642717,0.0575568091407333,0.0038764245799111,-494.15402663293287,-1016000000.0,2251600000.0,-35010000000.0,3027100000.0,4077150000.0,1984900000.0,962100000.0,0.0,0.0,0.0,0.0,0.0,0.0,0.0271890350726529,0.6689993796551207,2021-05-04,1.96,amc,2469310000.0,2025-04-22,2021-03-31,0.5459183673469387,134.71786885245902,517566.131147541
2020-12-31,AIZ,USD,1267238,2021-02-19,2021-02-19 16:44:57,2020,Q4,2553100000.0,0.0,2553100000.0,1.0,0,1967500000.0,-302700000.0,1664800000.0,-2124500000.0,2226500000.0,2369700000.0,0.0,26800000.0,39200000.0,249400000.0,0.0976851671,178900000.0,0.0700716776,685100000.0,183400000.0,0.0718342407,44400000.0,134500000.0,0.0526810544,2.27,2.23,59310101,62399318,https://www.sec.gov/Archives/edgar/data/1267238/000126723821000010/0001267238-21-000010-index.htm,https://www.sec.gov/Archives/edgar/data/1267238/000126723821000010/aiz-20201231.htm,43.04663045507206,2.267741880931884,7.425379363289231,6.749271932617346,269.950644663377,100.4011104280534,37.2449205574612,100.34378461098896,38.43696034171312,8079221958.22,8103521958.22,15.017141186282528,3.1644753273353965,18.345190640826523,20.18291770726955,1.3575330104210774,1.3575330104210774,3.173993168391368,32.49206879799519,18.400367752543143,20.243622178915817,0.0166476426437519,0.0495468501880586,0.3785495849716033,0.0504569999036951,0.0974338412189254,3.7344009983361066,6.675373134328358,3.163793103448276,0.0054708238279095,0.3286245353159851,0.7706317809721515,0.0,0.0838926850900002,0.0910535876475931,0.0157063961458618,1.0229591836734695,0.006266891230269,71.55389971346655,0.0101664108891319,0.0032881789356079,-279.355029255472,13147000000.0,2209000000.0,-20740100000.0,17386100000.0,9763600000.0,2581600000.0,788350000.0,287.4493752692805,0.0,0.0,0.3130986105490355,0.0,0.0,0.0225997244345868,0.6761074306718851,2021-02-09,2.08,amc,2883375000.0,2025-04-22,2020-12-31,-0.125,129.3971875,382886.34375
2020-09-30,AIZ,USD,1267238,2020-11-05,2020-11-05 16:05:01,2020,Q3,2376700000.0,0.0,2376700000.0,1.0,0,687500000.0,946200000.0,1633700000.0,0.0,2238700000.0,2264200000.0,0.0,25500000.0,39500000.0,60900000.0,0.025623764,-10400000.0,-0.0043758152,229100000.0,112500000.0,0.0473345395,24500000.0,-34900000.0,-0.014684226,-0.58,-0.58,60190103,60425722,https://www.sec.gov/Archives/edgar/data/1267238/000126723820000055/0001267238-20-000055-index.htm,https://www.sec.gov/Archives/edgar/data/1267238/000126723820000055/aiz-20200930.htm,39.48655811404742,-0.5798295444020091,10.124588090503847,9.54475854610184,258.3065857189179,98.68732073776314,37.78694314578595,98.62751024034633,33.7945924432128,7301661394.93,7107261394.93,-52.30416472012895,3.072184707758657,11.981722013340992,12.70959337672759,1.2299813683259215,1.2299813683259215,2.9903906235242146,116.70379958834155,11.662719715999344,12.371212175683205,-0.0047797341060259,0.0786807233212582,0.3383532107000876,0.0460871999375897,-3.1921182266009853,10.10656057414775,-0.4078431372549019,-20.178807947019862,0.005779506569464,-1.2091690544412608,0.28926663020154,0.0,0.0841069601171109,0.0572694453560879,0.0146842260276854,0.8703241895261845,0.0065216476627256,,-0.0002047243522044,-0.000874314201969,-212.27866980058167,35021100000.0,2274400000.0,1224200000.0,39155100000.0,5686450000.0,3113750000.0,1526050000.0,430.6647873101359,0.0,0.0,0.2089792401234513,0.0,0.0,-0.0058789838959638,0.5798295444020091,2020-11-02,0.94,amc,2434139400.0,2025-04-22,2020-09-30,0.5,114.8428125,370824.9375
2020-06-30,AIZ,USD,1267238,2020-08-07,2020-08-07 16:04:58,2020,Q2,2331200000.0,0.0,2331200000.0,1.0,0,736200000.0,885300000.0,1621500000.0,0.0,2116000000.0,2121900000.0,0.0,26700000.0,32200000.0,971700000.0,0.4168239533,218100000.0,0.0935569664,-494200000.0,209300000.0,0.0897820865,44600000.0,173500000.0,0.0744251887,2.87,2.81,60363577,63347189,https://www.sec.gov/Archives/edgar/data/1267238/000126723820000040/0001267238-20-000040-index.htm,https://www.sec.gov/Archives/edgar/data/1267238/000126723820000040/aiz-2020063010q.htm,38.61931508797101,2.8742498145860376,6.889916414330449,6.482385893069259,248.2440694327972,99.1409107515282,33.185574804488475,98.86425385294844,37.0206689374952,6234953868.33,6305453868.33,8.984083383760808,2.674568406112732,14.991473595407552,15.933948040710453,1.04476588832233,1.04476588832233,2.7048103415966027,6.489095264309972,15.160985497307044,16.114116709251213,0.0278269901692907,0.0627590850331034,0.3699855893294011,0.0499172567211958,0.0725532571781414,0.1001736120740818,8.168539325842696,2.335204941044357,0.0070890660834734,0.2547550432276657,0.3158030199039121,0.0,0.0900070535254062,0.0591488338542919,0.0105525051475634,0.780952380952381,0.0063915579958819,79.9600692495044,-0.0568991137957723,0.0043103555360119,-373.17371036510974,-32445400000.0,2003200000.0,-34636700000.0,-28014000000.0,0.0,3021550000.0,737700000.0,0.0,0.0,0.0,0.0,0.0,0.0,0.0290726901035557,0.4075305212611903,2020-08-04,2.09,amc,1755828000.0,2025-04-22,2020-06-30,0.3157894736842106,103.51555555555557,525115.6031746032
2020-03-31,AIZ,USD,1267238,2020-05-08,2020-05-08 16:06:36,2020,Q1,2448700000.0,0.0,2448700000.0,1.0,0,908100000.0,914200000.0,1822300000.0,0.0,2323100000.0,2348600000.0,0.0,25500000.0,32500000.0,783100000.0,0.3198023441,101500000.0,0.0414505656,-524900000.0,100100000.0,0.0408788337,-48500000.0,150000000.0,0.0612569935,2.48,2.43,60602911,63626926,https://www.sec.gov/Archives/edgar/data/1267238/000126723820000018/0001267238-20-000018-index.htm,https://www.sec.gov/Archives/edgar/data/1267238/000126723820000018/aiz-2020033110q.htm,40.40564982101272,2.4751286287221417,-2.041156075819526,-2.3975745983555146,229.2348629919774,88.87691880015467,21.39666195242668,88.60960490825268,36.846414852910286,6308157005.99,6515757005.99,10.513595009983334,2.5761248850369585,-50.995610396038806,-43.41470754294563,1.1747033530707636,1.1747033530707636,2.660904564050312,8.320466103933086,-52.67386423597413,-44.84347560901583,0.0237787359854178,-0.0230336689245414,0.4110800744878957,0.0508367627517945,0.2651002426254629,0.0456399355015092,3.980392156862745,-0.7996121525533291,0.0067690135105156,0.2846666666666667,0.3708498386899171,0.0,0.0941775498407537,-0.1746160064672595,0.0088210070649732,0.6447761194029851,0.0046963695021848,70.24744708873,-0.0229769620418923,0.0038135140769516,-398.40990476513576,-34209800000.0,1296700000.0,-36401100000.0,-29682200000.0,0.0,3027700000.0,846400000.0,0.0,0.0,0.0,0.0,0.0,0.0,0.0279329608938547,0.3564185225359884,2020-05-05,2.42,amc,2296158333.0,2025-04-22,2020-03-31,0.090909090909091,123.28661290322582,502449.3225806452
2019-12-31,AIZ,USD,1267238,2020-02-19,2020-02-19 17:13:43,2019,Q4,2609000000.0,0.0,2609000000.0,1.0,0,1730700000.0,-8800000.0,1721900000.0,-1992800000.0,2355400000.0,2430200000.0,0.0,25400000.0,38400000.0,242600000.0,0.0929858183,172900000.0,0.0662706018,-2380800000.0,178800000.0,0.0685320046,50000000.0,122900000.0,0.0471061709,2.01,1.98,61167672,64266672,https://www.sec.gov/Archives/edgar/data/1267238/000126723820000004/0001267238-20-000004-index.htm,https://www.sec.gov/Archives/edgar/data/1267238/000126723820000004/aiz1231201910k.htm,42.65324990625767,2.0092312815174656,4.013558011493392,3.3628875069824464,238.5573869804952,92.8938410472774,21.815445256768967,92.41482984672034,33.22506699290436,8017858445.760001,8157658445.760001,16.309720190724168,3.073153869589881,32.659301204725054,38.97840761186194,1.4183870729125392,1.4183870729125392,3.126737618152549,33.62596226611707,33.22875130655805,39.65803814175985,0.015328282587103,0.0256552296840284,0.3550275969431078,0.045311483996821,0.5762572135201979,0.0971568185850975,6.807086614173229,1.9239811912225704,0.0053630280817366,0.3498779495524817,0.6633576082790341,0.0,0.0981617115815331,0.1621181262729124,0.0152548869298581,1.0364583333333333,0.005825986968187,64.63638493598826,0.016260413350807,0.0030768460450386,-378.80630801185305,-33072500000.0,1334400000.0,-35050100000.0,-28291100000.0,0.0,3131250000.0,1729950000.0,0.0,0.0,0.0,0.0,0.0,0.0,0.0217414378714973,0.6506705045109449,2020-02-11,2.39,amc,2566966222.0,2025-04-22,2019-12-31,-0.0585774058577406,128.69984375,381547.625
2019-09-30,AIZ,USD,1267238,2019-11-07,2019-11-07 16:05:26,2019,Q3,2494900000.0,0.0,2494900000.0,1.0,0,764500000.0,990600000.0,1755100000.0,0.0,2370600000.0,2519500000.0,0.0,32200000.0,27300000.0,34900000.0,0.0139885366,-30900000.0,-0.0123852659,-24600000.0,-24600000.0,-0.0098601146,28600000.0,-59500000.0,-0.0238486512,-0.96,-0.96,61804492,61804492,https://www.sec.gov/Archives/edgar/data/1267238/000126723819000015/0001267238-19-000015-index.htm,https://www.sec.gov/Archives/edgar/data/1267238/000126723819000015/aiz-2019093010q.htm,40.36761599787925,-0.9627131956686902,7.154819749994871,6.949333067894159,233.5801093551582,92.07097762408596,17.75113692383395,91.55645191614876,32.98303948522059,7776241183.44,8033241183.44,-32.673282283361345,3.116854857284861,17.585348673541382,18.105334536530847,1.3742341185876366,1.3742341185876366,3.2198649979718623,230.17883047106017,18.16653365771144,18.703704734435387,-0.0076515116489325,0.0552323403901936,0.3545576644399675,0.0458567134841091,7.363896848137536,0.0974322878852538,-0.9596273291925466,-8.069343065693431,0.0054010670463053,-0.7058823529411765,0.3064251072187262,0.0,0.1049861147617795,0.0287200361827227,0.0050903843841436,0.4652014652014652,0.0060122650206421,,0.0223552757406337,-0.0015194774019234,-367.9546464033714,-32570600000.0,1097100000.0,-34545100000.0,-27558500000.0,0.0,3130150000.0,1756400000.0,0.0,0.0,0.0,0.0,0.0,0.0,-0.0105149683667338,0.205486682100712,2019-11-05,1.69,amc,2260109467.0,2025-04-22,2019-09-30,0.0,118.6709375,515239.0625
2019-06-30,AIZ,USD,1267238,2019-08-08,2019-08-08 16:08:33,2019,Q2,2540800000.0,0.0,2540800000.0,1.0,0,832900000.0,815800000.0,1648700000.0,0.0,2326500000.0,2357500000.0,0.0,26500000.0,30400000.0,240200000.0,0.0945371537,180200000.0,0.0709225441,-2353000000.0,183300000.0,0.0721426322,40700000.0,139500000.0,0.0549039673,2.24,2.21,62222090,65288447,https://www.sec.gov/Archives/edgar/data/1267238/000162828019010450/0001628280-19-010450-index.htm,https://www.sec.gov/Archives/edgar/data/1267238/000162828019010450/aiz-2019063010q.htm,40.83437248732725,2.2419690498985165,7.698230644454405,7.290015491282919,226.2331593168921,92.57644672494928,13.943601058723678,92.09269569697835,32.68614088662081,6781585589.099999,7298485589.099999,12.153379191935484,2.66907493273772,14.157798724634654,14.950585513888887,1.1834814821646713,1.1834814821646713,2.8725147941986773,30.38503575811823,15.236921897912316,16.09013577843915,0.0205704105871962,0.06688701248998,0.3503019091829255,0.0465304419383627,2.1519567027477104,0.0913790181345686,6.8,3.324080499653019,0.0063259542235893,0.3075268817204301,0.3278101385390428,0.0,0.1134157790424089,0.053027139874739,0.0099968513853904,0.8355263157894737,0.0055887909319899,68.15828565312383,-0.0510388193650661,0.0036473639624752,-360.477283871371,-32167000000.0,867600000.0,-34144200000.0,-26855100000.0,0.0,3056950000.0,1725950000.0,0.0,0.0,0.0,0.0,0.0,0.0,0.0243447000104708,0.4082151531714862,2019-08-06,2.09,amc,2119920940.0,2025-04-22,2019-06-30,0.1196172248803827,98.8247619047619,588351.0
2019-03-31,AIZ,USD,1267238,2019-05-08,2019-05-08 16:29:00,2019,Q1,2427800000.0,0.0,2427800000.0,1.0,0,800100000.0,777300000.0,1577400000.0,0.0,2191900000.0,2210800000.0,0.0,26500000.0,29700000.0,273200000.0,0.1125298624,209400000.0,0.0862509268,-2218400000.0,217000000.0,0.0893813329,48400000.0,161000000.0,0.0663151825,2.57,2.52,62594828,65777945,https://www.sec.gov/Archives/edgar/data/1267238/000162828019006272/0001628280-19-006272-index.htm,https://www.sec.gov/Archives/edgar/data/1267238/000162828019006272/aiz-2019033110q.htm,38.78595209176068,2.572097490227148,3.941220191546816,3.423605541339614,214.9171174334084,87.41457041786263,4.511554852423271,86.91772425670696,32.480319300501954,6018492712.200001,6750892712.200001,9.345485577950312,2.478990325479858,24.39599802269964,28.084427028464773,1.106218562695291,1.106218562695291,2.7806626213856167,24.710441845534408,27.36478602432104,31.50206585254317,0.0267508839337196,0.0356069219068082,0.3688196154835864,0.0475081090039538,2.6808199121522693,0.085341105726391,7.90188679245283,1.4888352444176225,0.0069951069168298,0.2614906832298136,0.3295576241865063,0.0,0.1228614721689514,0.1313336035670855,0.0133454156026031,1.0909090909090908,0.0047367987478375,70.92333437861585,-0.0604230540025898,0.0043457488589035,-358.8075998866871,-31820800000.0,282400000.0,-33796300000.0,-26221700000.0,0.0,3107250000.0,1693000000.0,0.0,0.0,0.0,0.0,0.0,0.0,0.0295923243759879,0.5176146502072024,2019-05-06,2.13,amc,2159395927.0,2025-04-22,2019-03-31,0.0375586854460094,96.80950819672132,657509.2950819673
2018-12-31,AIZ,USD,1267238,2019-02-22,2019-02-22 16:48:45,2018,Q4,2306300000.0,0.0,2306300000.0,1.0,0,809500000.0,681800000.0,1491300000.0,-1660100000.0,2247800000.0,2263400000.0,0.0,26300000.0,-97300000.0,0.0,0.0,36600000.0,0.0158695746,-2274100000.0,42900000.0,0.0186012227,16300000.0,20300000.0,0.0088019772,0.32,0.32,62928096,63232485,https://www.sec.gov/Archives/edgar/data/1267238/000162828019001767/0001628280-19-001767-index.htm,https://www.sec.gov/Archives/edgar/data/1267238/000162828019001767/aiz1231201810k.htm,36.649766107654045,0.3225904054049244,3.211602016371193,2.831803460254066,204.74638228367817,81.58359026149465,-5.493571583669081,81.23557401132874,32.29559019233635,5628288906.24,6380288906.24,69.3139027862069,2.440397565902094,27.849029719148938,31.58411282962963,1.1009954824413146,1.1009954824413146,2.7664609574816805,0.0,31.569959951707077,35.804090382940515,0.0036067800246525,0.0316614877040928,0.3924100156494522,0.0488204958468506,0.0,0.0852778669052994,1.391634980988593,8.084,0.0075333730564171,2.0886699507389164,0.3509951003772276,0.0,0.1333583195625138,0.1182582879762493,0.0103629189611065,-0.4200351493848858,0.0247582708233967,24.282316136570792,-0.0090916655156869,0.0005700693912052,-353.27940003142635,-31074300000.0,-345700000.0,-33058400000.0,-25202200000.0,0.0,3606000000.0,1661750000.0,0.0,0.0,0.0,0.0,0.0,0.0,0.003971048513302,0.3797985561171277,2019-02-12,0.46,amc,1861334509.0,2025-04-22,2018-12-31,0.6739130434782609,97.81492063492064,516982.4444444445
2018-09-30,AIZ,USD,1267238,2018-11-08,2018-11-08 16:38:23,2018,Q3,2257600000.0,0.0,2257600000.0,1.0,0,736500000.0,750600000.0,1487100000.0,0.0,2168000000.0,2181800000.0,0.0,26500000.0,35700000.0,908500000.0,0.4024184975,71100000.0,0.0314936215,-694700000.0,75800000.0,0.0335754784,22800000.0,48300000.0,0.0213944011,0.76,0.76,63621184,63800347,https://www.sec.gov/Archives/edgar/data/1267238/000162828018014005/0001628280-18-014005-index.htm,https://www.sec.gov/Archives/edgar/data/1267238/000162828018014005/aiz-2018093010q.htm,35.485035927655794,0.7591810928888089,4.43720129446192,4.110266165433199,204.77456062433544,82.35778824864373,-15.376953688884509,82.03871213713973,31.937475416993184,6803649416.96,7502449416.96,35.215576692339546,3.013664695676825,24.100777247467235,26.01777979717017,1.3035309455033146,1.3035309455033146,3.323196942310418,8.258062099020364,26.576158048034006,28.6900551317782,0.007099131222076,0.0384352549601009,0.38422040847607,0.0461615308299822,0.7691799669785361,0.0802617410751263,2.6830188679245284,5.326415094339622,0.005908593687939,0.8322981366459627,0.326231396172927,0.0,0.143129749028039,0.0736804817569961,0.0092133238837703,0.5826330532212886,0.0077072997873848,37.43461473874071,-0.0216891585518182,0.0012975116252206,-382.7899524787216,-33312000000.0,-978300000.0,-35296400000.0,-26712300000.0,0.0,3947300000.0,1605350000.0,0.0,0.0,0.0,0.0,0.0,0.0,0.0092539372341648,0.326935129028721,2018-11-06,1.0,amc,2024001886.0,2025-04-22,2018-09-30,0.06,105.87968253968252,779631.9365079365
2018-06-30,AIZ,USD,1267238,2018-08-09,2018-08-09 16:04:11,2018,Q2,1816700000.0,0.0,1816700000.0,1.0,0,773600000.0,463200000.0,1236800000.0,0.0,1727400000.0,1738400000.0,0.0,26000000.0,24900000.0,709100000.0,0.3903231133,73500000.0,0.0404579732,-501600000.0,78300000.0,0.0431001266,11300000.0,62200000.0,0.0342379039,1.09,1.09,57060313,57264408,https://www.sec.gov/Archives/edgar/data/1267238/000162828018010930/0001628280-18-010930-index.htm,https://www.sec.gov/Archives/edgar/data/1267238/000162828018010930/aiz-2018063010q.htm,31.838241055565188,1.0900746373403174,4.3462782967909765,3.967731477393052,225.98544105427533,93.46075616514756,-17.5042853340114,93.10323972460507,35.59041114968998,5905171792.37,6656271792.37,23.734613313384244,3.2504936381185665,23.811176582137097,26.082914277252648,1.111561749152,1.111561749152,3.663935593312049,9.3869296183472,26.83980561439516,29.400493782553003,0.0105331397945725,0.0383392741075761,0.3773741176470588,0.0473262152011387,1.0592300098716685,0.0789008104097705,2.826923076923077,3.701492537313433,0.0060455480814508,0.5739549839228296,0.4258270490449716,0.0,0.149468972859662,0.0870967741935483,0.0118896900974294,0.8674698795180723,0.0066604282490229,47.786120435280885,-0.0254739844896566,0.0017263583275973,-409.217874427012,-32279000000.0,-998800000.0,-34263400000.0,-25576700000.0,0.0,3574200000.0,1425050000.0,0.0,0.0,0.0,0.0,0.0,0.0,0.0117082352941176,0.3785468193979237,2018-08-07,1.89,amc,1410892018.0,2025-04-22,2018-06-30,0.1164021164021164,94.05859375,766705.65625
2018-03-31,AIZ,USD,1267238,2018-05-07,2018-05-07 17:17:01,2018,Q1,1620100000.0,0.0,1620100000.0,1.0,0,719600000.0,346400000.0,1066000000.0,0.0,1480600000.0,1483600000.0,0.0,21500000.0,30000000.0,742100000.0,0.4580581446,136500000.0,0.0842540584,-417600000.0,136500000.0,0.0842540584,30500000.0,106000000.0,0.06542806,1.99,1.96,53169358,54189498,https://www.sec.gov/Archives/edgar/data/1267238/000162828018006074/0001628280-18-006074-index.htm,https://www.sec.gov/Archives/edgar/data/1267238/000162828018006074/aiz-2018033110q.htm,30.470557872825925,1.99362948862388,-1.4237523800832803,-1.734081498595488,220.18697310582536,84.6540219650574,67.2925183712017,84.44337432097637,38.1027734056898,4860211014.78,4522611014.78,11.46276182731132,2.9999450742423304,-64.20358011598414,-52.713785409761385,1.0825005601095816,1.0825005601095816,2.7915628756126165,6.094341752836544,-59.74387073685601,-49.052180203687634,0.0218097526378282,-0.018970369747243,0.4464341396053276,0.0618109714165888,-0.4549252122355477,0.1384283180380967,6.348837209302325,-0.7141509433962264,0.0061108457862594,0.280188679245283,0.4441701129559903,0.0,0.0284662281553847,-0.2179656538969616,0.0101845565088574,0.55,0.0059255601506079,61.54549558023778,-0.072992700729927,0.0033645666692059,-292.9911247000575,-22344000000.0,3577900000.0,-24336900000.0,-21065700000.0,0.0,3624350000.0,1323350000.0,0.0,0.0,0.0,0.0,0.0,0.0,0.0236090694463005,0.3103291185122077,2018-05-03,1.93,amc,1455123500.0,2025-04-22,2018-03-31,0.0362694300518135,91.4004918032787,531440.2786885246
2017-12-31,AIZ,USD,1267238,2018-02-14,2018-02-14 17:31:25,2017,Q4,1656200000.0,0.0,1656200000.0,1.0,0,751600000.0,340400000.0,1092000000.0,-2493200000.0,1506000000.0,1497900000.0,0.0,12300000.0,-170600000.0,0.0,0.0,158300000.0,0.0955802439,-1518300000.0,158300000.0,0.0955802439,-154600000.0,312900000.0,0.1889264582,5.79,5.76,54019089,54334415,https://www.sec.gov/Archives/edgar/data/1267238/000162828018001695/0001628280-18-001695-index.htm,https://www.sec.gov/Archives/edgar/data/1267238/000162828018001695/aiz1231201710k.htm,30.659532225728576,5.7923968321642745,3.035963823825315,2.6897899000110868,202.58579332946545,79.25901897382978,62.27057994258289,79.05723845139262,20.00218848562959,5447284934.76,5518684934.76,4.352257058772771,3.2890260444149257,33.21515204121951,37.48991696324845,1.2755315259588818,1.2755315259588818,3.3321367798333537,0.0,33.65051789487805,37.98131407267722,0.0574414600571625,0.0266738387545724,0.2501287875240013,0.0335458342492855,0.0,0.0842514337458496,12.869918699186991,0.5241291147331416,0.0055440463206337,0.0965164589325663,0.4538099263373988,0.0,0.0288195207737964,0.1140243902439024,0.0112909068953025,-0.1799807507218479,0.0214346093466972,101.50588749044954,-0.1013474120619291,0.0101179293329409,-295.0105285929572,-24271000000.0,3363800000.0,-25328500000.0,-23005700000.0,0.0,4447550000.0,681800000.0,0.0,0.0,0.0,0.0,0.0,0.0,0.0732683932000187,0.3461739238142279,2018-02-08,1.58,amc,1350173913.0,2025-04-22,2017-12-31,0.1645569620253164,98.83587301587302,446498.0158730159
2017-09-30,AIZ,USD,1267238,2017-11-03,2017-11-03 16:38:07,2017,Q3,1563300000.0,0.0,1563300000.0,1.0,0,667100000.0,0.0,667100000.0,0.0,1681800000.0,1670900000.0,0.0,12200000.0,95400000.0,0.0,0.0,-107600000.0,-0.0688287597,10900000.0,-107600000.0,-0.0688287597,-50300000.0,-57300000.0,-0.0366532335,-1.05,-1.05,54524874,54524874,https://www.sec.gov/Archives/edgar/data/1267238/000162828017010870/0001628280-17-010870-index.htm,https://www.sec.gov/Archives/edgar/data/1267238/000162828017010870/aiz-2017093010q.htm,28.67131797498514,-1.0508965137636082,6.725370883021206,6.499785767501269,201.59239616032852,75.89563618248802,52.99049384323199,75.89563618248802,19.809307583177542,5208215964.48,5283315964.48,-22.72345534240837,3.331552462406448,14.202934181838014,14.695868974266364,1.2585703843410176,1.2585703843410176,3.379591866231689,0.0,14.407733745514044,14.907776423476296,-0.0110018479246608,0.0680463334118642,0.2580590594944661,0.0329545875353338,0.0,0.0837530791573219,-8.819672131147541,-6.399650959860384,0.0055297246113478,-0.5026178010471204,0.4267255165355338,0.0,0.0385401108464073,0.0335424052358876,0.0078679715985415,0.727810650887574,0.0071643318620866,,0.0176797284788645,-0.0018391144006188,-316.8315437097571,-24921000000.0,2889300000.0,-25989000000.0,-23313700000.0,0.0,4089800000.0,686900000.0,0.0,0.0,0.0,0.0,0.0,0.0,-0.0138465999710018,0.2255851155199368,2017-11-02,-1.79,amc,1775654285.0,2025-04-22,2017-09-30,-0.2178770949720671,99.90206349206348,356918.9682539682
2017-06-30,AIZ,USD,1267238,2017-08-03,2017-08-03 16:07:00,2017,Q2,1577100000.0,0.0,1577100000.0,1.0,0,646300000.0,346700000.0,993000000.0,0.0,1409400000.0,1398400000.0,0.0,12400000.0,-191100000.0,0.0,0.0,178700000.0,0.1133092385,-1421800000.0,178700000.0,0.1133092385,58500000.0,120200000.0,0.0762158392,2.18,2.16,55230367,55509898,https://www.sec.gov/Archives/edgar/data/1267238/000162828017008001/0001628280-17-008001-index.htm,https://www.sec.gov/Archives/edgar/data/1267238/000162828017008001/aiz-2017063010q.htm,28.554943333981463,2.1763389694658377,-0.4435965453570135,-0.738724042880251,192.40321180556344,76.49052920470363,60.09556300793728,76.49052920470363,20.80377267817177,5726836754.23,6015236754.23,11.911058141077367,3.631245167858728,-233.74843894816323,-140.3636459370098,1.3555926606613644,1.3555926606613644,3.814112455919091,0.0,-245.51986751959183,-147.4322733879902,0.0209888993101151,-0.0071243518456963,0.2690432230270321,0.037812428265838,0.0,0.0884317933352229,14.411290322580646,-0.2038269550748752,0.0052908789442303,0.2520798668885191,0.4098028026123898,0.0,0.0301241895079327,-0.6653061224489796,0.0103354257814976,0.4490358126721763,0.0058968993722655,61.20097784205232,-0.0417114897456362,0.0041230182414401,-262.9151459377411,-22513000000.0,3319100000.0,-23650300000.0,-21252000000.0,0.0,3214950000.0,1314000000.0,0.0,0.0,0.0,0.0,0.0,0.0,0.0284523978601524,0.2951274975232375,2017-08-01,1.58,amc,1420642944.0,2025-04-22,2017-06-30,0.031645569620253,99.58095238095238,392182.28571428574
2017-03-31,AIZ,USD,1267238,2017-05-04,2017-05-04 16:04:31,2017,Q1,1514500000.0,0.0,1514500000.0,1.0,0,651300000.0,314500000.0,965800000.0,0.0,1323800000.0,1299400000.0,0.0,12600000.0,-227700000.0,0.0,0.0,215100000.0,0.1420270716,-1336400000.0,215100000.0,0.1420270716,71300000.0,143800000.0,0.094948828,2.56,2.53,56201342,56756641,https://www.sec.gov/Archives/edgar/data/1267238/000162828017004926/0001628280-17-004926-index.htm,https://www.sec.gov/Archives/edgar/data/1267238/000162828017004926/aiz-2017033110q.htm,26.947755090972738,2.558657763012136,0.4305947000340312,0.1672557925752022,188.5186300355604,73.99823299593095,58.0822429471524,73.99823299593095,19.21484365978307,5376782389.14,5569582389.14,9.34767452910292,3.5502029641069663,222.18109046033052,571.9981265042553,1.2928687095171685,1.2928687095171685,3.677505704285243,0.0,230.14803260909093,592.5087648021276,0.0267446196614626,0.0017482574743932,0.2566365297682024,0.0360968218698106,0.0,0.0870101059896475,17.071428571428573,0.168289290681502,0.0055237496797318,0.2065368567454798,0.4300429184549356,0.0,0.0302526067296407,0.6115702479338843,0.0097722020468801,0.0,0.0010564542753383,65.26916154927179,-0.0475843812045003,0.0050151360852642,-252.4281359687105,-22224000000.0,3264300000.0,-23290900000.0,-20980700000.0,0.0,3307200000.0,1246315500.0,0.0,0.0,0.0,0.0,0.0,0.0,0.0345772819082427,0.263338907458829,2017-05-02,1.52,amc,1160320855.0,2025-04-22,2017-03-31,0.2302631578947369,96.72854838709678,388431.0806451613
2016-12-31,AIZ,USD,1267238,2017-02-14,2017-02-14 16:22:16,2016,Q4,1667033000.0,0.0,1667033000.0,1.0,0,119311000.0,1112692000.0,1232003000.0,-1422933000.0,1683900000.0,1612322000.0,0.0,13878000.0,-91500000.0,0.0,0.0,54711000.0,0.0328193863,40736000.0,54711000.0,0.0328193863,23395000.0,31316000.0,0.018785471,0.54,0.54,57503640,58162397,https://www.sec.gov/Archives/edgar/data/1267238/000162828017001320/0001628280-17-001320-index.htm,https://www.sec.gov/Archives/edgar/data/1267238/000162828017001320/aiz1231201610k.htm,28.99004306509988,0.5445916119396963,3.088169722821025,2.767459590384191,188.3681798230512,71.26679284998306,56.81629893342405,71.26679284998306,18.7970361528418,5339788010.4,5374837010.4,42.62827317026441,3.203168749748805,30.069590836857547,33.55423881261036,1.3029911447744076,1.3029911447744076,3.224193528502435,0.0,30.266959924766724,33.77448023677414,0.0058646522931261,0.0298024939735536,0.260369439496352,0.035915561035652,0.0,0.0916696544980443,3.942282749675746,5.670615659726657,0.0056760680276012,0.967843913654362,0.0715708687230546,0.0,0.0279697202826013,0.1038512002973291,0.0110627684035049,-0.0467462415687189,0.0249629131516892,29.550874706322244,-0.0098198584655985,0.0010844176702043,-246.24452469443676,-22294060000.0,3267144000.0,-23361088000.0,-21119532000.0,656369000.0,3455094000.0,1275584500.0,0.0,0.0,0.0,0.0,0.0,0.0,0.0076415900051243,0.3207101324368335,2017-02-07,0.29,amc,1039460869.0,2025-04-22,2016-12-31,0.5862068965517243,87.38539682539682,478602.0158730159
2016-09-30,AIZ,USD,1267238,2016-11-01,2016-11-01 16:25:27,2016,Q3,1698300000.0,0.0,1698300000.0,1.0,0,833778000.0,330353000.0,1164131000.0,0.0,1599200000.0,1477400000.0,0.0,14000000.0,-234900000.0,0.0,0.0,220900000.0,0.1300712477,-1613200000.0,220900000.0,0.1300712477,76500000.0,144400000.0,0.0850262027,2.4,2.37,60262073,60828341,https://www.sec.gov/Archives/edgar/data/1267238/000162828016020550/0001628280-16-020550-index.htm,https://www.sec.gov/Archives/edgar/data/1267238/000162828016020550/aiz-2016093010q.htm,28.18190472803682,2.396200343124605,4.292086002418138,3.9756348906218335,189.7181997041489,74.75537723370385,60.82155520936029,74.75537723370385,19.5737873139545,5559176234.25,5608110234.25,9.62461259392313,3.2733770442501324,21.49304556060313,23.203841031179564,1.2340249412641398,1.2340249412641398,3.302190563651888,0.0,21.68223558573362,23.408090133775776,0.0259750714701854,0.0430963131774724,0.2587301333610364,0.0384877596087893,0.0,0.0987023524153902,15.778571428571428,1.7916144271197711,0.0054092546688361,0.2082479224376731,0.490948595654478,0.0,0.0277270356370969,0.0737289773825633,0.0112288759347582,0.0,0.009009009009009,63.48542638275918,-0.0491822765331399,0.0049041991525992,-210.83223439724685,-22183639000.0,3665233000.0,-23349561000.0,-21006858000.0,1265518500.0,3461644000.0,1265518500.0,69.56746157922629,0.0,0.0,1.2937082647108562,0.0,0.0,0.0320538860453273,0.3164511117963035,2016-10-25,1.14,amc,1664726000.0,2025-04-22,2016-09-30,-0.1228070175438595,87.4228125,358732.484375
2016-06-30,AIZ,USD,1267238,2016-08-02,2016-08-02 16:10:58,2016,Q2,1672000000.0,0.0,1672000000.0,1.0,0,803595000.0,342640000.0,1146235000.0,0.0,1547100000.0,1436500000.0,0.0,15200000.0,-267400000.0,0.0,0.0,235500000.0,0.1408492823,-1562300000.0,235500000.0,0.1408492823,66200000.0,169300000.0,0.1012559809,2.72,2.7,62244778,62723292,https://www.sec.gov/Archives/edgar/data/1267238/000162828016018283/0001628280-16-018283-index.htm,https://www.sec.gov/Archives/edgar/data/1267238/000162828016018283/aiz-2016063010q.htm,26.86169111246569,2.7199068811844747,0.599648696634439,0.1984744808632782,184.35528840668368,74.03144726454,60.62995356815314,74.03144726454,18.964723434309622,5372346789.18,5304927789.18,7.933176002923804,3.213126070083732,143.93427432498325,434.8669895726081,1.165855905688085,1.165855905688085,3.17280370166268,0.0,142.12800506845278,429.4097287663915,0.0315132299986615,0.0022995537117747,0.2528726228393616,0.0390969894088463,0.0,0.1019921351587532,15.49342105263158,0.2204028367454192,0.0060528482758208,0.1920732427643237,0.480619019138756,0.0,0.0279884256631772,0.6690154052243804,0.0149348086124401,0.0,0.004066985645933,67.30950500393334,-0.0615035418120549,0.0058439684584487,-195.9700820203745,-21580027000.0,3773898000.0,-22745169000.0,-20417993000.0,1274913000.0,3430687000.0,1274913000.0,65.57829545454545,0.0,0.0,1.3724052962368023,0.0,0.0,0.0367398853012464,0.4011742157711607,2016-07-26,1.41,amc,1574651408.0,2025-04-22,2016-06-30,0.0070921985815602,84.00234375,565868.65625
2016-03-31,AIZ,USD,1267238,2016-05-03,2016-05-03 16:09:36,2016,Q1,2070300000.0,0.0,2070300000.0,1.0,0,917359000.0,334342000.0,1251701000.0,0.0,1765800000.0,1732700000.0,0.0,14500000.0,-322500000.0,0.0,0.0,337600000.0,0.1630681544,-1780300000.0,337600000.0,0.1630681544,117200000.0,220400000.0,0.1064580013,3.38,3.34,65086935,65920546,https://www.sec.gov/Archives/edgar/data/1267238/000162828016015369/0001628280-16-015369-index.htm,https://www.sec.gov/Archives/edgar/data/1267238/000162828016015369/aiz-2016033110q.htm,31.808226950616127,3.3862402646552647,-5.208879477886,-5.558411991592475,177.4588556059676,70.13150949572291,57.22928879659182,70.13150949572291,21.9583853503011,5021457035.25,4375346035.25,5.695845094430581,2.4254731368642224,-14.811246896292364,-13.8798635503621,1.1000761363150915,1.1000761363150915,2.11338744879969,0.0,-12.905483394537356,-12.093941166592955,0.0438916430933929,-0.0720468177782563,0.3099264017245591,0.0467096408234569,0.0,0.1395566068783939,23.282758620689656,-1.5388211585072489,0.0064618694877242,0.1472232304900181,0.4431043810075834,0.0,0.0277267670380172,-0.0671032062059404,0.0109887455924262,0.0,0.0029947350625513,73.09820913468451,-0.1274706843452235,0.0074845243705316,-192.17202730471172,-20915658000.0,3724879000.0,-22330208000.0,-19763568000.0,1296122000.0,3740610500.0,1308210000.0,57.88408926242574,0.0,0.0,1.5548314078497845,0.0,0.0,0.0482841491507006,0.3495325137064758,2016-04-26,1.3,amc,1473167763.0,2025-04-22,2016-03-31,0.1692307692307692,75.91,800635.7049180327
2015-12-31,AIZ,USD,1267238,2016-02-16,2016-02-16 15:59:05,2015,Q4,2544589000.0,0.0,2544589000.0,1.0,0,11377000.0,1402573000.0,1413950000.0,-3773288000.0,2407066000.0,2434375000.0,0.0,13781000.0,-107222000.0,0.0,0.0,110214000.0,0.0433130851,-2420847000.0,110214000.0,0.0433130851,44470000.0,65744000.0,0.0258367854,0.99,0.97,66732896,67592973,https://www.sec.gov/Archives/edgar/data/1267238/000162828016011239/0001628280-16-011239-index.htm,https://www.sec.gov/Archives/edgar/data/1267238/000162828016011239/aiz1231201510k.htm,38.130954184874575,0.985181281507699,-4.119437585924639,-4.501003523060051,180.00991594909954,67.79215755899459,55.30188589447699,67.79215755899459,17.759801702596572,5374667443.84,5257744443.84,20.43786293745437,2.1121947174337388,-19.551212591541717,-17.89378737149801,1.1880430259195085,1.1880430259195085,2.066245057193912,0.0,-19.125886475325757,-17.504517649659583,0.0122321986777712,-0.0558853181408002,0.2589280602621548,0.0389474672585549,0.0,0.1046955271696718,7.997532835062768,-4.181400584083718,0.0061886619679366,0.5059321002677051,0.0044710560330175,0.0,0.0277135736502802,-0.0926257357167281,0.0100067240721389,-1.96050200184786,0.015237431270826,38.76493524892307,-0.0106594548670729,0.0022482395105524,-179.0932878141539,-21797978000.0,3690455000.0,-23002959000.0,-20666052000.0,1267525000.0,4115571000.0,1294280500.0,44.590513438516005,0.0,0.0,2.018366532695284,0.0,0.0,0.014532378330788,0.3815659371354122,2016-02-09,1.51,amc,3706193814.0,2025-04-22,2015-12-31,-0.3576158940397351,82.4615625,536241.109375
2015-09-30,AIZ,USD,1267238,2015-11-03,2015-11-03 16:17:16,2015,Q3,2530913000.0,0.0,2530913000.0,1.0,0,956984000.0,341439000.0,1298423000.0,0.0,2552628000.0,2563164000.0,0.0,13779000.0,18472000.0,0.0,0.0,-32251000.0,-0.0127428323,-32251000.0,-32251000.0,-0.0127428323,-25229000.0,-7022000.0,-0.0027744928,-0.1,-0.1,67632920,67632920,https://www.sec.gov/Archives/edgar/data/1267238/000162828015008178/0001628280-15-008178-index.htm,https://www.sec.gov/Archives/edgar/data/1267238/000162828015008178/aiz-2015093010q.htm,37.42131790258353,-0.10382517862603,5.3313977867582825,4.929492915580164,186.38600847043125,69.25028521613439,56.81280654450525,69.25028521613439,17.522295355575363,5343677009.200001,4971046009.200001,-190.2476861720308,2.1113633732965145,14.819753310518117,16.028017760261072,1.1409339290575475,1.1409339290575475,1.9641315245526023,0.0,13.786326423686416,14.91033488464169,-0.0013140764286296,0.0623907469381111,0.2500865253408756,0.0382953480390809,0.0,0.1139569366382273,-2.340590754046012,-51.34975790373113,0.0038280756798701,-2.91313016234691,0.3781180941423115,0.0,0.0275021414145403,0.075384521518229,0.0107399977794574,0.0,0.0042498497577751,,0.0022050522765704,-0.0002360740197952,-172.83119300482664,-21912731000.0,3842416000.0,-23084223000.0,-20784797000.0,1350308500.0,4155827000.0,1364976000.0,45.315650913326536,0.0,0.0,1.986068790496676,0.0,0.0,-0.0014992743827983,0.4019048711781186,2015-10-27,1.53,amc,2170498245.0,2025-04-22,2015-09-30,0.1176470588235293,74.66421875,653581.609375
2015-06-30,AIZ,USD,1267238,2015-08-04,2015-08-04 16:13:01,2015,Q2,2641652000.0,0.0,2641652000.0,1.0,0,969494000.0,353883000.0,1323377000.0,0.0,2591091000.0,2601627000.0,0.0,13778000.0,-53803000.0,0.0,0.0,40025000.0,0.0151515037,-2604869000.0,40025000.0,0.0151515037,7236000.0,32789000.0,0.0124123087,0.48,0.47,68558472,69244399,https://www.sec.gov/Archives/edgar/data/1267238/000162828015006027/0001628280-15-006027-index.htm,https://www.sec.gov/Archives/edgar/data/1267238/000162828015006027/aiz-2015063010q.htm,38.53137216943808,0.4782632845142756,5.054984305951276,4.470169638553204,182.1217077300089,70.42105605854226,58.13662241480528,70.42105605854226,17.284618011906684,4593417624.0,4467210624.0,35.02255042849736,1.7388428241115788,13.254244908558931,14.988245506871843,0.951419983595556,0.951419983595556,1.6910670383532729,0.0,12.890076303807112,14.576434159520732,0.007138257977825,0.0667189498291523,0.2425929378039586,0.0379750303497669,0.0,0.1096373223845751,2.9049934678472926,10.569459269877092,0.0047058642974371,0.659245478666626,0.3670029208994977,0.0,0.0273069113816635,0.1156906989225593,0.0151776236991094,0.0,0.0028516246651716,27.52808793422189,-0.0098745005756536,0.0010929710385508,-171.31771839955826,-22119280000.0,3985758000.0,-23290402000.0,-20987662000.0,1500134000.0,3999400000.0,1500134000.0,48.59291079975712,0.0,0.0,1.8521220177748607,0.0,0.0,0.0067914812881631,0.5848146673980715,2015-07-28,1.59,amc,1893482608.0,2025-04-22,2015-06-30,0.30188679245283,64.4726984126984,636783.1428571428
2015-03-31,AIZ,USD,1267238,2015-05-06,2015-05-06 16:10:15,2015,Q1,2595352000.0,0.0,2595352000.0,1.0,0,921909000.0,369003000.0,1290912000.0,0.0,2501639000.0,2512159000.0,0.0,13778000.0,-96971000.0,0.0,0.0,83193000.0,0.0320546115,-2515417000.0,83193000.0,0.0320546115,33149000.0,50044000.0,0.0192821629,0.72,0.71,69770224,70757549,https://www.sec.gov/Archives/edgar/data/1267238/000162828015003800/0001628280-15-003800-index.htm,https://www.sec.gov/Archives/edgar/data/1267238/000162828015003800/aiz-2015033110q.htm,37.19856195387878,0.7172687305690748,-2.5464444545856697,-2.8640154573676013,182.02608895164212,73.50144095853841,61.625830526214166,73.50144095853841,16.983333749938943,4284589455.84,4390577455.84,21.404111660938373,1.650870269558811,-24.11597861065145,-21.44192338139253,0.8354938243270754,0.8354938243270754,1.6917078900434317,0.0,-24.712536196233383,-21.972332793722444,0.0116799988693873,-0.0466376071872268,0.2283745289781311,0.0380240085536673,0.0,0.1077159707767029,6.0381042241254175,-3.550195827671649,0.0043957537108552,0.3763488130445208,0.3552154004543507,0.0,0.0269011176364325,-0.1247115373791271,0.0085371849367638,0.0,0.0022694416788165,34.441347507826904,-0.01424143796292,0.0016697032996892,-157.7272132593411,-21861851000.0,4299648000.0,-23032995000.0,-20747101000.0,1509807000.0,3872268000.0,1517373000.0,54.58163671055025,0.0,0.0,1.648906215056824,0.0,0.0,0.0097585669235203,0.3175710027819317,2015-05-05,0.63,amc,2442400000.0,2025-04-22,2015-03-31,0.0,63.33032786885246,615477.9508196721
2014-12-31,AIZ,USD,1267238,2015-02-19,2015-02-19 16:36:35,2014,Q4,2635147000.0,0.0,2635147000.0,1.0,0,90985000.0,1303588000.0,1394573000.0,-3325785000.0,2518568000.0,2544801000.0,0.0,13778000.0,-104124000.0,0.0,0.0,90346000.0,0.0342849943,-2532346000.0,90346000.0,0.0342849943,40591000.0,49755000.0,0.0188812996,0.7,0.69,71054598,72104349,https://www.sec.gov/Archives/edgar/data/1267238/000119312515054288/0001193125-15-054288-index.htm,https://www.sec.gov/Archives/edgar/data/1267238/000119312515054288/d871105d10k.htm,37.08622769211924,0.700236176130361,-1.7007766337654884,-2.048734411248094,181.9315901273553,72.92008041478188,61.0807480748818,72.92008041478188,16.675303686891592,4862266141.14,4714689141.14,24.43104281549593,1.845159355868952,-40.23456028349663,-33.40110832536477,0.938424637092533,0.938424637092533,1.7891560285403434,0.0,-39.01338161276976,-32.387335072266644,0.0102328828895274,-0.029939126278651,0.2260199984289678,0.0371035330382613,0.0,0.1096503768345894,6.557265205399913,-2.428861420962717,0.0039308831407403,0.3841422972565571,0.0345274855634239,0.0,0.0266531455431904,-0.2045875810936052,0.009382398780789,0.7703620614445068,0.0187291259273201,33.89511411895849,-0.0076874656995802,0.0016195642185775,-163.81036312386146,-22445714000.0,4340068000.0,-23616873000.0,-21326830000.0,722815000.0,3772083000.0,1400481000.0,49.37360230757525,0.0,0.0,1.8228364104231376,0.0,0.0,0.0096027894120151,0.3479577774826057,2015-02-12,1.66,amc,4668225287.0,2025-04-22,2014-12-31,-0.4759036144578313,66.56484375,545590.28125
2014-09-30,AIZ,USD,1267238,2014-11-04,2014-11-04 16:17:37,2014,Q3,2698843000.0,0.0,2698843000.0,1.0,0,953559000.0,386709000.0,1340268000.0,0.0,2463961000.0,2474092000.0,0.0,13776000.0,-238527000.0,0.0,0.0,224751000.0,0.0832767968,-2477737000.0,224751000.0,0.0832767968,84454000.0,140297000.0,0.051984128,1.94,1.92,72182547,73046704,https://www.sec.gov/Archives/edgar/data/1267238/000119312514396265/0001193125-14-396265-index.htm,https://www.sec.gov/Archives/edgar/data/1267238/000119312514396265/d811351d10q.htm,37.389135077209176,1.9436415841629973,3.5035616019479057,3.1154899535479124,187.0337160588141,74.01460909934364,62.69860496887149,74.01460909934364,16.413676840746557,4641337772.099999,4401076772.099999,8.2705577669159,1.7197509347894633,18.3527527999652,20.638808328293692,0.8687474105780315,0.8687474105780315,1.630727230928216,0.0,17.402714048858027,19.570430853684563,0.0302277073742301,0.0484524098530002,0.2191841256715175,0.0381769007002839,0.0,0.1138851821192053,16.314677700348433,1.8025759638481225,0.0041903866848286,0.1386273405703614,0.3533214047649307,0.0,0.0266297579226429,0.1107648994052891,0.0103792625210136,0.0,0.0036923229695095,56.89290045184635,-0.020313488864915,0.0046990735057656,-154.60656992333617,-21408534000.0,4525745000.0,-22579100000.0,-20317297000.0,0.0,3687042000.0,1341642500.0,0.0,0.0,0.0,0.0,0.0,0.0,0.0262602425090728,0.3880716483999934,2014-10-29,1.59,amc,2203897252.0,2025-04-22,2014-09-30,0.1446540880503144,65.4246875,469068.046875
2014-06-30,AIZ,USD,1267238,2014-07-29,2014-07-29 16:12:40,2014,Q2,2604457000.0,0.0,2604457000.0,1.0,0,884336000.0,366589000.0,1250925000.0,0.0,2400538000.0,2410670000.0,0.0,13776000.0,-207563000.0,0.0,0.0,193787000.0,0.0744059126,-2414314000.0,193787000.0,0.0744059126,50177000.0,143610000.0,0.0551400925,1.98,1.95,72659590,73544191,https://www.sec.gov/Archives/edgar/data/1267238/000119312514284627/0001193125-14-284627-index.htm,https://www.sec.gov/Archives/edgar/data/1267238/000119312514284627/d762015d10q.htm,35.84464211812921,1.9764768835056736,1.8523363536733417,1.60788135468422,186.78817207749177,73.62699128910582,62.54958223683894,73.62699128910582,16.304908959711994,4762836124.5,4534898124.5,8.291268234280343,1.8287251908939173,35.38774147039156,40.76793341065498,0.8902985013010992,0.8902985013010992,1.7412067561491704,0.0,33.694168396611936,38.81687715701715,0.030152202646921,0.0245290824513229,0.2188777815308389,0.0382442885892828,0.0,0.1117917911686587,14.067000580720093,0.9371910034120188,0.0043572777768369,0.1445094352760949,0.339547168565271,0.0,0.0262885146189035,0.1319711717066647,0.006819847668823,0.0,0.0063541075932526,57.221027965358175,-0.0205301675236509,0.0048171403655532,-151.72080519584546,-21402265000.0,4544827000.0,-22573731000.0,-20335268000.0,0.0,3607017000.0,1236177500.0,0.0,0.0,0.0,0.0,0.0,0.0,0.0268444608274808,0.2444549989891217,2014-07-23,1.55,amc,2329305555.0,2025-04-22,2014-06-30,0.0451612903225806,66.83269841269842,535515.0476190476
2014-03-31,AIZ,USD,1267238,2014-04-29,2014-04-29 16:31:06,2014,Q1,2444712000.0,0.0,2444712000.0,1.0,0,843240000.0,344782000.0,1188022000.0,0.0,2196054000.0,2209459000.0,0.0,17065000.0,-252318000.0,0.0,0.0,235253000.0,0.0962293309,-2213119000.0,235253000.0,0.0962293309,98008000.0,137245000.0,0.0561395371,1.88,1.86,72848756,73873952,https://www.sec.gov/Archives/edgar/data/1267238/000119312514167325/0001193125-14-167325-index.htm,https://www.sec.gov/Archives/edgar/data/1267238/000119312514167325/d717192d10q.htm,33.558733659089526,1.8839717729702896,1.7457813555525916,1.5658880983499568,182.1320051093254,69.95710400325848,59.17513539970401,69.95710400325848,16.306716342554978,4732255189.759999,4797202189.759999,8.62008668760246,1.9357107052937117,37.20969971032726,41.48444583521078,0.9285690270565556,0.9285690270565556,1.9622770247620167,0.0,37.72037765777099,42.05379178035117,0.0290020285247889,0.0241054202332197,0.2297474161585844,0.0394648714448056,0.0,0.0955165163881885,13.785701728684442,0.9266494225654852,0.0038417201251824,0.1324638420343181,0.3449240646751028,0.0,0.0264744103866792,0.1030445517306452,0.0053605496271135,0.0,0.0035071615797689,54.45582804778503,-0.0186103343527693,0.004751768276157,-147.4201151767094,-21165818000.0,4310835000.0,-22336915000.0,-20124851000.0,540085500.0,3512362000.0,1104720500.0,0.0,0.0,0.0,0.0,0.0,0.0,0.0269303854099297,0.179893257202635,2014-04-23,1.54,amc,2072216666.0,2025-04-22,2014-03-31,0.0909090909090908,65.52901639344262,660844.9672131147
2013-12-31,AIZ,USD,1267238,2014-02-19,2014-02-18 18:00:08,2013,Q4,2396546000.0,0.0,2396546000.0,1.0,0,235961000.0,998365000.0,1234326000.0,-2765635000.0,2201715000.0,2218009000.0,0.0,20366000.0,-198903000.0,0.0,0.0,178537000.0,0.0744976312,-2222081000.0,178537000.0,0.0744976312,69721000.0,108816000.0,0.0454053459,1.48,1.46,73639434,74713082,https://www.sec.gov/Archives/edgar/data/1267238/000119312514057434/0001193125-14-057434-index.htm,https://www.sec.gov/Archives/edgar/data/1267238/000119312514057434/d676053d10k.htm,32.54432944174992,1.4776865340925895,4.121745422432226,3.866352367673005,183.0475367314746,65.63710144757495,54.98301358481381,65.63710144757495,22.52168315144845,4887449234.58,4808383234.58,11.2287008219839,2.039372177533834,16.102401579386076,17.16605050148218,1.0111659189126507,1.0111659189126507,2.0063805303883173,0.0,15.841907317007278,16.888349213180852,0.0222643744778151,0.0582545181207323,0.3389107514483874,0.0551282229472433,0.0,0.1203525792711784,8.766424432878326,2.789323261285105,0.0037547193063739,0.1686424790471989,0.098458781930328,0.0,0.0264031368458879,0.0619623554063448,0.00784754392363,0.5523834699092431,0.020865028253161,46.71508183963602,-0.015914951770746,0.0037613383528755,-136.49587868912735,-20445645000.0,4048918000.0,-22083855000.0,-19407454000.0,540085500.0,3518694000.0,1031668500.0,40.5647919964816,0.0,0.0,2.218672784216573,0.0,0.0,0.0225129766778752,0.2553930547592205,2014-02-05,1.41,amc,2219459154.0,2025-04-22,2013-12-31,0.0070921985815602,61.184375,563426.484375
2013-09-30,AIZ,USD,1267238,2013-10-30,2013-10-30 16:15:39,2013,Q3,2254576000.0,0.0,2254576000.0,1.0,0,737326000.0,372750000.0,1110076000.0,0.0,2043908000.0,2060605000.0,0.0,20771000.0,-214742000.0,0.0,0.0,193971000.0,0.0860343586,-2064679000.0,193971000.0,0.0860343586,65183000.0,128788000.0,0.0571229358,1.7,1.68,75544542,76459791,https://www.sec.gov/Archives/edgar/data/1267238/000119312513418558/0001193125-13-418558-index.htm,https://www.sec.gov/Archives/edgar/data/1267238/000119312513418558/d617762d10q.htm,29.844326807885075,1.704795562861444,5.961727850570594,5.807964260343256,181.4420822089305,63.31256863004081,54.41407004625165,63.31256863004081,21.96265879803732,4086959722.2,4438650722.200001,7.933502582150512,1.8127398332103244,9.07455042497824,9.31479561081229,0.8544906828236062,0.8544906828236062,1.9687296956057367,0.0,9.855433509334423,10.116352270489564,0.0315119327700821,0.1073560861431285,0.3425498111090738,0.055825110478069,0.0,0.0989996074668527,9.338548938423765,3.4970338851445786,0.004608070859544,0.1462325682517004,0.327035327263308,0.0,0.0229051247274783,0.025791782865872,0.0051521882606751,0.0,0.0066864013455301,49.28019061105304,-0.0168857915899873,0.004491087290322,-137.2319392710065,-20658137000.0,4110686000.0,-22295803000.0,-19732034000.0,0.0,3535769000.0,934059000.0,0.0,0.0,0.0,0.0,0.0,0.0,0.026926652949799,0.153763590227339,2013-10-23,1.5,amc,1844736842.0,2025-04-22,2013-09-30,0.1399999999999999,54.07359375,534944.0625
2013-06-30,AIZ,USD,1267238,2013-07-31,2013-07-31 16:26:17,2013,Q2,2233694000.0,0.0,2233694000.0,1.0,0,742070000.0,346459000.0,1088529000.0,0.0,2005479000.0,2022927000.0,0.0,21520000.0,-232287000.0,0.0,0.0,210767000.0,0.0943580455,-21520000.0,210767000.0,0.0943580455,77244000.0,133523000.0,0.0597767644,1.72,1.7,77508062,78366115,https://www.sec.gov/Archives/edgar/data/1267238/000119312513312615/0001193125-13-312615-index.htm,https://www.sec.gov/Archives/edgar/data/1267238/000119312513312615/d572207d10q.htm,28.81886015934704,1.7226982142838252,2.8639730406367274,2.732489944078333,173.7283793781349,61.87596330301744,53.631969278241016,61.87596330301744,21.52563174654012,3992440273.62,4368935273.62,7.475192052343041,1.7873711769024765,17.985504496420866,18.850938541102035,0.8324718881182747,0.8324718881182747,1.9559238076567336,0.0,19.68157307886711,20.628619262571416,0.0334439567906003,0.0530477566313013,0.3433964026667856,0.0573254116644989,0.0,0.0967130485506596,9.794005576208178,1.6624926042704251,0.005048290924519,0.1509477767875197,0.3322164987684078,0.0,0.02224165684638,0.0459093345826895,0.004562397535204,0.0,0.0062121311155422,48.97301561581634,-0.0178722322053011,0.0047534304154825,-129.34245472425823,-20130653000.0,4156910000.0,-21777562000.0,-19241113000.0,0.0,3633298500.0,892509500.0,0.0,0.0,0.0,0.0,0.0,0.0,0.027841153855617,0.1314830965583941,2013-07-24,1.45,amc,1945748366.0,2025-04-22,2013-06-30,0.0551724137931034,48.5046875,653246.109375
2013-03-31,AIZ,USD,1267238,2013-05-01,2013-05-01 17:20:27,2013,Q1,2146531000.0,0.0,2146531000.0,1.0,0,688971000.0,382789000.0,1071760000.0,0.0,1929121000.0,1940107000.0,0.0,15078000.0,-221502000.0,0.0,0.0,206424000.0,0.096166326,-15078000.0,206424000.0,0.096166326,88644000.0,117780000.0,0.0548699273,1.47,1.46,79984576,80946649,https://www.sec.gov/Archives/edgar/data/1267238/000119312513192880/0001193125-13-192880-index.htm,https://www.sec.gov/Archives/edgar/data/1267238/000119312513192880/d527481d10q.htm,26.836811637283667,1.472533904536795,0.6461370752281039,0.4997088438650972,174.88630557971578,65.09511283775512,57.11081096435393,65.09511283775512,21.074075581772167,3597706228.4799995,3663604228.479999,7.636496494481236,1.6760560310938903,69.61371158607612,90.01241533388375,0.6909888936226196,0.6909888936226196,1.706755797367939,0.0,70.88880301232561,91.66114309790086,0.0327375256677811,0.0111095785652533,0.320846885830594,0.056663356120474,0.0,0.1104019200141567,13.690409868682847,0.438792664289353,0.0046665844662623,0.1425454236712514,0.3209695084767003,0.0,0.0216617245910491,0.2266210019155976,0.0054562454490524,0.0,0.0036072155491814,46.44063000377969,-0.0161852433949764,0.0040834979289024,-122.9823922552268,-20108475000.0,4567984000.0,-21779410000.0,-19219373000.0,3502252000.0,3900271000.0,881417000.0,0.0,0.0,0.0,0.0,0.0,0.0,0.0226212666411221,0.1464282313630067,2013-04-24,1.59,amc,2322106666.0,2025-04-22,2013-03-31,-0.1509433962264151,40.25566666666667,955376.35
2012-12-31,AIZ,USD,1267238,2013-02-20,2013-02-20 17:11:44,2012,Q4,2142563000.0,0.0,2142563000.0,1.0,0,716936000.0,362600000.0,1079536000.0,-3709342000.0,2111075000.0,2107740000.0,0.0,15078000.0,-49901000.0,0.0,0.0,34823000.0,0.0162529643,-15078000.0,34823000.0,0.0162529643,9836000.0,24987000.0,0.0116622008,0.31,0.31,79967001,81037457,https://www.sec.gov/Archives/edgar/data/1267238/000119312513067448/0001193125-13-067448-index.htm,https://www.sec.gov/Archives/edgar/data/1267238/000119312513067448/d475468d10k.htm,26.793089314428585,0.3124663884794179,3.1330298356443302,2.927757663439198,167.34361464924763,64.843822266137,56.83159232143769,64.843822266137,12.34855612504463,2774854934.7000003,2837849934.7000003,27.762986099771886,1.2951100783034153,11.075540872678506,11.852073835659738,0.5351319337342824,0.5351319337342824,1.3245117808437838,0.0,11.326978772566347,12.121140654952075,0.0090047950570437,0.0843734196956541,0.1875275535034556,0.0335928490686317,0.0,0.0763276580806529,2.3095238095238093,10.026773922439668,0.0060399553830413,0.6707487893704727,0.3346160649651842,0.0,0.0221343385772294,0.0655187415931252,0.0076613849861124,0.4761973833077079,0.0175439415317075,21.35144225973446,-0.0030705175752016,0.0008827490445187,-58.70562158508358,-21049569000.0,4544652000.0,-22021810000.0,-20158059000.0,3907154000.0,2893352000.0,431383500.0,294.22955591037464,0.0,0.0,0.3058836143144468,0.0,0.0,0.0048187533917567,0.2052721722051324,2013-02-06,-0.32,amc,10632942857.0,2025-04-22,2012-12-31,-1.21875,36.54274193548388,865172.6290322581
2012-09-30,AIZ,USD,1267238,2012-10-29,2012-10-29 16:33:13,2012,Q3,2140480000.0,0.0,2140480000.0,1.0,0,661907000.0,0.0,661907000.0,0.0,1921383000.0,1931861000.0,0.0,15078000.0,0.0,193541000.0,0.0904194386,84513000.0,0.0394832,208619000.0,208619000.0,0.097463653,82331000.0,126288000.0,0.0589998505,1.54,1.52,82156838,82959453,https://www.sec.gov/Archives/edgar/data/1267238/000119312512439802/0001193125-12-439802-index.htm,https://www.sec.gov/Archives/edgar/data/1267238/000119312512439802/d429579d10q.htm,26.05358302616272,1.5371575035543603,2.977816648688451,2.762630665021456,16.115530152219343,63.65401988815587,55.85267290837069,63.65401988815587,12.01903607828724,3065271625.78,2965133625.78,6.068018390068732,1.432048711401181,12.529314058484028,13.505243560926823,0.5861373730293236,0.5861373730293236,1.3852657468324865,15.320441796725245,12.119999451375037,13.06404674550269,0.0411996114595111,0.0740453139914622,0.1859349821870184,0.0345183178347825,-0.5173994140776373,0.0834478332119446,5.605053720652607,1.93722285569492,0.0056386520054652,0.1368617762574433,0.3092329757811332,0.0,0.0227526651670134,0.0722630064419083,0.0082593623860068,0.0,0.0053240394677829,46.92057887330184,-0.0064234455592485,0.004587505056997,-255.71402833200568,-20134818000.0,4588679000.0,-21106828000.0,-19246915000.0,752806500.0,1619987000.0,0.0,34.0495402900284,0.0,0.0,2.643207492183293,0.0,0.0,0.0241486320307066,0.2151859836669955,2012-10-24,1.45,amc,1840283870.0,2025-04-22,2012-09-30,0.0689655172413793,35.51936507936507,859272.380952381
2012-06-30,AIZ,USD,1267238,2012-08-01,2012-08-01 17:08:21,2012,Q2,2124694000.0,0.0,2124694000.0,1.0,0,642667000.0,0.0,642667000.0,0.0,642667000.0,1860033000.0,0.0,15074000.0,0.0,0.0,0.0,149692000.0,0.0704534394,114969000.0,264661000.0,0.1245642902,95491000.0,169170000.0,0.0796208772,1.96,1.94,86279670,87044581,https://www.sec.gov/Archives/edgar/data/1267238/000119312512329130/0001193125-12-329130-index.htm,https://www.sec.gov/Archives/edgar/data/1267238/000119312512329130/d388107d10q.htm,24.625662105569017,1.960716817762516,2.1266887089391973,1.9500885898149587,18.682454395108373,58.34013968759964,50.92799960871431,58.34013968759964,11.444306636777815,3005983702.8,2871328702.8,4.442252915410534,1.414784294962004,16.382275343615458,17.865855008825996,0.597187462809681,0.597187462809681,1.3514081099678354,0.0,15.64842063763693,17.06554238438542,0.0562777502228047,0.0559726920153547,0.1931705303275926,0.0356904885035521,0.0,0.0844152933421226,9.930476316836938,1.084648578353136,0.0064564554963893,0.1147248330082165,0.3024750858241233,0.0,0.0234740364054089,0.0830399476810725,0.0071713856207058,0.0,0.0,50.73205193279736,-0.0125599031654782,0.0063588010136192,-232.6880509626428,-19445188000.0,4394051000.0,-20417209000.0,-18563949000.0,684004500.0,1517214000.0,0.0,29.473801874528757,0.0,0.0,3.0535592382392296,0.0,0.0,0.0336083668681937,0.1766001191242386,2012-07-25,1.39,amc,1681899999.0,2025-04-22,2012-06-30,0.1366906474820145,36.55714285714286,1220624.7936507936
2012-03-31,AIZ,USD,1267238,2012-05-02,2012-05-02 16:43:51,2012,Q1,2068303000.0,0.0,2068303000.0,1.0,0,610084000.0,0.0,610084000.0,0.0,610084000.0,1818655000.0,0.0,15076000.0,0.0,0.0,0.0,138245000.0,0.0668398199,111403000.0,249648000.0,0.1207018507,86388000.0,163260000.0,0.0789342761,1.84,1.81,88772845,90069097,https://www.sec.gov/Archives/edgar/data/1267238/000119312512204821/0001193125-12-204821-index.htm,https://www.sec.gov/Archives/edgar/data/1267238/000119312512204821/d339874d10q.htm,23.298825220707972,1.839075902095962,0.0115012648293518,-0.0687710301500419,16.317275851641345,55.9280261886391,48.71751040534974,55.9280261886391,11.122590472345456,3595300222.5,3502793222.5,5.505482393880926,1.7382850687254237,3521.351833986288,-588.9107653562653,0.7241449906241629,0.7241449906241629,1.6935590300357346,0.0,3430.7475244857983,-573.7581036036036,0.0454092815332336,-0.0016980501271615,0.1958367657692315,0.0356746545241018,0.0,0.0814811426963129,9.169872645263997,0.0062538282494181,0.0044338439110699,0.0976417983584466,0.2949683871270312,0.0,0.0234856393360628,6.979431929480901,0.0034453365875309,0.0,0.0,48.10672943928589,-0.0117592898008433,0.0061341878964199,-229.0936716064468,-19580985000.0,4324792000.0,-20552963000.0,-18704422000.0,3366193000.0,2542011500.0,0.0,29.250066358749176,0.0,0.0,3.076916096399881,0.0,0.0,0.0328829037501334,0.0802722949793937,2012-04-25,1.44,amc,1548981818.0,2025-04-22,2012-03-31,0.2222222222222222,41.35177419354839,1102539.241935484
2011-12-31,AIZ,USD,1267238,2012-02-23,2012-02-23 16:25:39,2011,Q4,2111531000.0,0.0,2111531000.0,1.0,0,607884000.0,0.0,607884000.0,-4017179000.0,607884000.0,1858442000.0,0.0,15076000.0,0.0,0.0,0.0,163616000.0,0.0774869041,89473000.0,253089000.0,0.1198604236,90834000.0,162255000.0,0.076842348,1.71,1.67,92309978,94299100,https://www.sec.gov/Archives/edgar/data/1267238/000119312512075371/0001193125-12-075371-index.htm,https://www.sec.gov/Archives/edgar/data/1267238/000119312512075371/d257568d10k.htm,22.874352759568417,1.7577189759486238,3.744048124461691,3.629282632913205,17.420608636695807,54.45712488415933,43.47301436904253,54.45712488415933,10.696070147476364,3790247696.68,3595812696.6800003,5.839955158053682,1.7950234671809224,10.966739378090525,11.313530565967902,0.7539876570300478,0.7539876570300478,1.7029409924268222,0.0,10.404159266809987,10.733160497404626,0.0428085478798982,0.0883897377718754,0.1934136420276685,0.0358569811411909,0.0,0.0857577689619344,10.852746086495092,2.1300607069119595,0.004360401040406,0.1018581861884071,0.2878877932646975,0.0,0.0373935592795913,0.0306527821580785,0.0050172126291302,0.2680464539635149,0.0174697885089065,46.40805145824422,-0.0138211517152965,0.0062163089311871,-172.6278550299297,-19358165000.0,4012993000.0,-20272674000.0,-18101314000.0,3352577000.0,2548981500.0,0.0,258.3039226040252,0.0,0.0,0.3484267644590446,0.0,0.0,0.0322771167168231,0.1147654915484867,2012-02-01,1.36,amc,1588892121.0,2025-04-22,2011-12-31,0.2132352941176469,38.35777777777778,886078.9047619047
2011-09-30,AIZ,USD,1267238,2011-11-02,2011-11-02 17:28:58,2011,Q3,2061715000.0,0.0,2061715000.0,1.0,0,562346000.0,33764000.0,596110000.0,0.0,562346000.0,1949292000.0,0.0,15078000.0,0.0,5845000.0,0.0028350184,5845000.0,0.0028350184,106578000.0,112423000.0,0.0545288752,38386000.0,74037000.0,0.035910395,0.8,0.79,95351601,96303012,https://www.sec.gov/Archives/edgar/data/1267238/000119312511293060/0001193125-11-293060-index.htm,https://www.sec.gov/Archives/edgar/data/1267238/000119312511293060/d230557d10q.htm,21.62223788984938,0.776463103120838,1.9500459148032552,1.864971307613388,16.443331664667067,52.589279544451486,45.88757770307391,52.589279544451486,10.354592787592525,3413587315.8,3326313315.8,11.52662626727177,1.6557028084871088,18.35854208777025,19.196005779742222,0.6807471087284962,0.6807471087284962,1.6133720304697787,569.0869659195894,17.889175625470582,18.705228174415726,0.0216889134949954,0.0520941706037259,0.1938886088106584,0.036313176962725,-14.931394354148845,0.0805176063113334,0.3876508820798514,2.4471263308898044,0.0050322427437231,0.2320191255723489,0.272756418806673,0.0,0.023867109882722,0.0436269764440142,0.0039345884372961,0.0,0.0,30.311001165986173,-0.00051354482909,0.0028328697528852,-206.6866606676064,-19114200000.0,4375454000.0,-20085728000.0,-18227685000.0,628745000.0,1515425000.0,0.0,28.15477405946021,0.0,0.0,3.19661595614046,0.0,0.0,0.0147646651531806,0.0850746071898677,2011-10-26,0.77,amc,1841372151.0,2025-04-22,2011-09-30,0.0259740259740259,34.42546875,1259324.828125
2011-06-30,AIZ,USD,1267238,2011-08-03,2011-08-03 16:43:58,2011,Q2,2062887000.0,0.0,2062887000.0,1.0,0,565674000.0,33054000.0,598728000.0,0.0,565674000.0,1932245000.0,0.0,15075000.0,0.0,31058000.0,0.0150555993,31058000.0,0.0150555993,99584000.0,130642000.0,0.0633296928,-34374000.0,165016000.0,0.079992748,1.7,1.68,97713045,98690114,https://www.sec.gov/Archives/edgar/data/1267238/000119312511208299/0001193125-11-208299-index.htm,https://www.sec.gov/Archives/edgar/data/1267238/000119312511208299/d10q.htm,21.111684729505665,1.6887816770012642,1.4340459863879995,1.3232317138412788,16.191410266663986,49.90097279232266,43.34465270220573,49.90097279232266,10.104024493351936,3544052142.15,3381173142.15,5.369255317893417,1.7180059509561116,25.29207594754683,27.410165295018448,0.7268395377971508,0.7268395377971508,1.639049129763288,108.86641580752142,24.12969236146298,26.150437691129724,0.0465613917011652,0.0364828153802392,0.1993898247243218,0.0363042903118419,-5.244349281988538,0.0834903974775463,2.0602321724709785,0.8448390208609671,0.0049542160486804,0.1064018034614825,0.274214729163546,0.0,0.023922474272076,0.0772738626226583,0.0052489544992042,0.0,0.0,43.54442090113032,-0.0053874673861046,0.0063129906033168,-203.2714823286901,-19184379000.0,4235338000.0,-20156158000.0,-18289484000.0,594305000.0,1484992000.0,0.0,26.72321847973253,0.0,0.0,3.3678578075563,0.0,0.0,0.033842660423267,0.1108142725467208,2011-07-27,0.88,amc,2168389473.0,2025-04-22,2011-06-30,-0.1363636363636363,37.21031746031746,903369.7142857144
2011-03-31,AIZ,USD,1267238,2011-05-04,2011-05-04 16:38:12,2011,Q1,2036671000.0,0.0,2036671000.0,1.0,0,557801000.0,30745000.0,588546000.0,0.0,557801000.0,1822245000.0,0.0,15131000.0,0.0,0.0,0.0,120551000.0,0.0591902178,93875000.0,214426000.0,0.1052825911,73675000.0,140751000.0,0.0691083636,1.4,1.39,101194814,101974815,https://www.sec.gov/Archives/edgar/data/1267238/000119312511126198/0001193125-11-126198-index.htm,https://www.sec.gov/Archives/edgar/data/1267238/000119312511126198/d10q.htm,20.126238880186097,1.3908914344167873,1.814579154224247,1.7531827273282996,13.59798931988748,46.91340210378765,40.77265263810851,46.91340210378765,9.75665610690287,3897012287.14,3928770287.14,6.921819893180155,1.9134225837850096,21.22255174724712,21.965765119467004,0.8208741697053519,0.8208741697053519,1.92901567663113,0.0,21.395501111716204,22.144771167501816,0.0361176690318563,0.0455253889204959,0.2047843942980916,0.0364152655457699,0.0,0.0722910668319191,7.967153525874034,1.2955037709625303,0.0041370154395463,0.1145427030713813,0.2738787953478986,0.0,0.0232761460630492,0.0338350778212235,0.0030505663408572,0.0,0.0,38.3165448047439,-0.010174296641512,0.0053977297022549,-199.040535812438,-19461478000.0,4125981000.0,-20433460000.0,-18580606000.0,559507500.0,1456874500.0,0.0,25.45718969828706,0.0,0.0,3.535347030314813,0.0,0.0,0.0296480615782177,0.0613964268959474,2011-04-27,1.22,amc,1657597080.0,2025-04-22,2011-03-31,0.1229508196721312,39.2208064516129,1045632.3548387096
2010-12-31,AIZ,USD,1267238,2011-02-25,2011-02-25 17:41:05,2010,Q4,2105601000.0,0.0,2105601000.0,1.0,0,634668000.0,0.0,634668000.0,-3935633000.0,634668000.0,2227711000.0,0.0,15162000.0,0.0,-205539000.0,-0.0976153602,-205539000.0,-0.0976153602,-122110000.0,-122110000.0,-0.0579929436,62281000.0,-184391000.0,-0.0875716719,-1.74,-1.71,106117530,107519487,https://www.sec.gov/Archives/edgar/data/1267238/000119312511047709/0001193125-11-047709-index.htm,https://www.sec.gov/Archives/edgar/data/1267238/000119312511047709/d10ka.htm,19.84215991457773,-1.7376111185399812,0.7094115364351206,0.6235539029225425,14.222136531070785,45.04945601353519,38.43427188702941,45.04945601353519,9.30408010815932,4087647255.6,3909295255.6,-5.542091609134936,1.9413209129364968,54.29852493457845,61.77493207798096,0.8550602695052878,0.8550602695052878,1.8566173057478603,-19.01972499428333,51.92937468418327,59.07957164273841,-0.0451093229112144,0.0161877960260265,0.2033587440072109,0.0368285538919585,0.8677282656819387,0.0820506322980764,-13.55619311436486,-0.4082682994289309,0.0041383218615122,-0.0917398354583466,0.3014189297972408,0.0,0.0265934205143929,0.1210265538449276,0.0043270306197612,0.2307224796778849,0.0164280887024654,,0.0422182998778171,-0.0071761345608028,-185.6438587479373,-18945557000.0,4078550000.0,-19923038000.0,-17976401000.0,271463500.0,1747791000.0,0.0,23.206405202125183,0.0,0.0,3.878239616007309,0.0,0.0,-0.038571189805664,0.0858576335125779,2011-02-02,0.98,amc,1732603703.0,2025-04-22,2010-12-31,0.1020408163265307,38.5184375,1314923.4375
2010-09-30,AIZ,USD,1267238,2010-11-03,2010-11-03 16:45:37,2010,Q3,2113971000.0,0.0,2113971000.0,1.0,0,581974000.0,0.0,581974000.0,0.0,581974000.0,1887239000.0,0.0,15162000.0,0.0,0.0,0.0,127488000.0,0.0603073552,99244000.0,226732000.0,0.107254073,85062000.0,141670000.0,0.0670160565,1.31,1.3,107806207,108584282,https://www.sec.gov/Archives/edgar/data/1267238/000119312510246237/0001193125-10-246237-index.htm,https://www.sec.gov/Archives/edgar/data/1267238/000119312510246237/d10q.htm,19.60899153051549,1.3141172845455922,1.3651996865078464,1.2328510917743354,151.2767442045336,49.77951779715245,41.18822212157042,49.77951779715245,9.15809049844412,4387712624.900001,4191849624.9000006,7.742840094762476,2.075578437405244,29.812488533534456,33.01290826731072,0.8176053485662366,0.8176053485662366,1.9829267406695743,0.0,28.481689563586706,31.539245836625064,0.0322878939691791,0.030291181616077,0.1811477821561411,0.0362125127592005,0.0,0.0835881750329284,8.408389394538979,1.038872026540552,0.003928698498205,0.1216771370085409,0.2752989515939433,0.0,0.0345011539062989,0.0969444954034937,0.0067493830331636,0.0,0.0,38.364864224386565,-0.0111198966660422,0.005465845142464,-47.95847237256015,-18785526000.0,4440346000.0,-19765319000.0,-17586581000.0,261828500.0,1833200000.0,0.0,0.0,0.0,0.0,0.0,0.0,0.0,0.0263987548031404,0.132348594733511,2010-10-27,1.2,amc,1824944881.0,2025-04-22,2010-09-30,0.0583333333333333,37.59671875,1308173.765625
2010-06-30,AIZ,USD,1267238,2010-08-05,2010-08-04 17:48:45,2010,Q2,2140294000.0,0.0,2140294000.0,1.0,0,604244000.0,0.0,604244000.0,0.0,604244000.0,1886838000.0,0.0,15161000.0,0.0,0.0,0.0,163429000.0,0.0763582013,90027000.0,253456000.0,0.1184211141,88781000.0,164675000.0,0.0769403643,1.47,1.46,111893858,112715117,https://www.sec.gov/Archives/edgar/data/1267238/000119312510177476/0001193125-10-177476-index.htm,https://www.sec.gov/Archives/edgar/data/1267238/000119312510177476/d10q.htm,19.127895295200208,1.471707231687373,1.7551544250087436,1.624351892487253,12.695406391296295,45.02631413423961,36.76468104263596,45.02631413423961,8.823281435161526,3882716872.6,3851103872.6,5.894514760285411,1.814104451351076,19.77034015102525,21.362366221561995,0.7706604608262368,0.7706604608262368,1.799334050649117,0.0,19.60937045282116,21.188434280212377,0.0424123121523738,0.0468112937316211,0.192949103721829,0.0372237302764315,0.0,0.0760003980693635,10.779565991689202,1.192597540610293,0.0046039926645564,0.1085532108698952,0.2823182235711542,0.0,0.0353978295506891,0.074524800016294,0.0068383128672976,0.0,0.0,38.61314443127788,-0.0145285762083677,0.0065370817974614,-172.1620971367347,-18569620000.0,4113742000.0,-19549782000.0,-17372272000.0,518738500.0,1527826500.0,0.0,22.019932775590643,0.0,0.0,4.087205938238198,0.0,0.0,0.0326854920280546,0.1308025325214901,2010-07-28,1.17,amc,1685666666.0,2025-04-22,2010-06-30,0.153846153846154,35.40031746031746,1653261.650793651
2010-03-31,AIZ,USD,1267238,2010-05-05,2010-05-05 08:48:57,2010,Q1,2167856000.0,0.0,2167856000.0,1.0,0,571149000.0,0.0,571149000.0,0.0,571149000.0,1919490000.0,0.0,15161000.0,0.0,0.0,0.0,171721000.0,0.0792123647,76645000.0,248366000.0,0.1145675728,91143000.0,157223000.0,0.0725246511,1.35,1.34,116817005,117194873,https://www.sec.gov/Archives/edgar/data/1267238/000119312510107842/0001193125-10-107842-index.htm,https://www.sec.gov/Archives/edgar/data/1267238/000119312510107842/d10q.htm,18.55770912805032,1.3458913794271647,1.0434525350140589,0.9304895293283714,11.71866202185204,42.57586470394443,34.65891802310802,42.57586470394443,8.451209650512784,4016168631.9,4055711631.9,6.38610227495341,1.8525993571067447,32.94831230587483,36.94829325464365,0.8074997475462871,0.8074997475462871,1.8708399598036032,0.0,33.27271977800202,37.31208434363414,0.0391475095819419,0.0270648496023377,0.1954493589634036,0.0370475586282215,0.0,0.0713019965491742,11.326495613745797,0.7752873307340529,0.0043792981849169,0.1118665844055895,0.263462610062661,0.0,0.0352467912612208,0.1082588827906442,0.0060871201777239,0.0,0.0,35.90690753498082,-0.0148702192840426,0.0062109158654624,-167.021274000305,-18838639000.0,4048751000.0,-19818868000.0,-17640535000.0,510876500.0,1462600000.0,0.0,21.33158290956595,0.0,0.0,4.219096181542175,0.0,0.0,0.0316116041044839,0.1129630056856876,2010-04-28,1.04,amc,1567406060.0,2025-04-22,2010-03-31,0.2692307692307693,31.688032786885245,1443663.245901639
2009-12-31,AIZ,USD,1267238,2010-02-25,2010-02-25 17:27:16,2009,Q4,2182142000.0,0.0,2182142000.0,1.0,0,620523000.0,0.0,620523000.0,-4113159000.0,620523000.0,2120987000.0,0.0,15160000.0,0.0,-32517000.0,-0.0149014134,-32517000.0,-0.0149014134,93672000.0,61155000.0,0.0280252156,49214000.0,11941000.0,0.0054721462,0.11,0.09,117584454,119198168,https://www.sec.gov/Archives/edgar/data/1267238/000119312510040943/0001193125-10-040943-index.htm,https://www.sec.gov/Archives/edgar/data/1267238/000119312510040943/d10k.htm,18.55808251658846,0.1015525402703319,0.483788443666201,0.3347976595613566,15.07019797021807,41.27458039648677,33.39600488343468,41.27458039648677,8.395820760455289,3466389703.92,3119895703.92,72.57327074616867,1.5885261838688776,60.93572590654994,88.05318423857545,0.7142410587052096,0.7142410587052096,1.429740000384943,-95.94660343574132,54.844701752979645,79.25154835064902,0.0034447944460763,0.0113567727123933,0.2002901561407626,0.0376157291853863,10.65578005351047,0.0912011284765566,-2.144920844327177,4.7639226195461015,0.0050874256809779,1.4768444853864835,0.2843641706176775,0.0,0.035848824129716,0.3079668108146117,0.0080283501257021,0.4703971216067449,0.0138799399855738,9.711313813112197,0.0003735111459527,0.0004792618604768,-160.18764053622257,-18200515000.0,3926851000.0,-19162062000.0,-16998697000.0,511782000.0,1430350500.0,0.0,20.949127050393603,0.0,0.0,4.296121732590716,0.0,0.0,0.0024604136321874,0.1489907841048443,2010-02-03,1.01,amc,2365866279.0,2025-04-22,2009-12-31,-0.1485148514851485,30.670625,1251937.984375
2009-09-30,AIZ,USD,1267238,2009-11-04,2009-11-04 16:55:26,2009,Q3,2156873000.0,0.0,2156873000.0,1.0,0,601120000.0,0.0,601120000.0,0.0,601120000.0,1947807000.0,0.0,15160000.0,0.0,0.0,0.0,119737000.0,0.0555141633,89329000.0,209066000.0,0.0969301391,64336000.0,144730000.0,0.0671017719,1.22,1.22,118184367,118291841,https://www.sec.gov/Archives/edgar/data/1267238/000119312509223907/0001193125-09-223907-index.htm,https://www.sec.gov/Archives/edgar/data/1267238/000119312509223907/d10q.htm,18.25007024829265,1.224612050424571,3.2728186461412445,3.1856328341632527,14.228066221313348,41.489827499774144,32.951566259182144,41.489827499774144,8.352982928782788,3788990806.020001,3525171806.0200005,6.544929879810682,1.7567055668182598,9.795837614711632,10.063934442219225,0.7727195298696897,0.7727195298696897,1.6343900665546838,0.0,9.113775235576377,9.363205077451846,0.0381975062515461,0.0993647172228088,0.1982343448458421,0.0378729830280853,0.0,0.0885391770296228,7.898218997361478,2.672535065293996,0.0046716925181967,0.1223035998065363,0.2786997658183862,0.0,0.0393168234902015,0.0266393654536241,0.0047772863770838,0.0,0.0,33.81125864768796,-0.0049496231226186,0.0058698543819438,-158.1754949874208,-18030518000.0,3894360000.0,-19010647000.0,-16746783000.0,548910000.0,1330022000.0,0.0,21.515773065915333,0.0,0.0,4.182977749592247,0.0,0.0,0.0295159590728893,0.0871858119779919,2009-10-28,0.94,amc,1725734579.0,2025-04-22,2009-09-30,0.1382978723404256,27.53875,1150005.34375
2009-06-30,AIZ,USD,1267238,2009-08-06,2009-08-05 17:55:57,2009,Q2,2273609000.0,0.0,2273609000.0,1.0,0,589036000.0,0.0,589036000.0,0.0,589036000.0,1992091000.0,0.0,15160000.0,0.0,59315000.0,0.0260884787,59315000.0,0.0260884787,222203000.0,281518000.0,0.1238198828,88196000.0,193322000.0,0.0850286923,1.63,1.63,118482958,118728304,https://www.sec.gov/Archives/edgar/data/1267238/000119312509165642/0001193125-09-165642-index.htm,https://www.sec.gov/Archives/edgar/data/1267238/000119312509165642/d10q.htm,19.18933354111568,1.6316439365060416,0.7664562189610424,0.6417463007633554,11.232273589928434,36.83717113139596,28.31785310424137,36.83717113139596,8.331721427819181,2854254458.22,3017079458.22,3.691062654819421,1.2553849224822735,31.430366672025727,37.53819846151823,0.6539590109694479,0.6539590109694479,1.327000138643012,50.86537061822473,33.22335658525305,39.67961831527171,0.067731172125614,0.0266395309573829,0.2227035976224042,0.0391583449739941,2.745089774930456,0.071432949994866,3.912598944591029,0.469744778142167,0.0062261442559268,0.0919243541862798,0.2590753291353087,0.0,0.0406645203858406,0.1627097740386733,0.006498918679509,0.0,0.0,36.7745265853688,-0.002424329183456,0.0081183114490019,-157.74776867066402,-18086629000.0,3355183000.0,-19066526000.0,-16801500000.0,510861500.0,1258326500.0,0.0,23.045743573323293,0.0,0.0,3.905276465202881,0.0,0.0,0.0442934103350679,0.1247099181976871,2009-07-29,1.21,amc,3037244047.0,2025-04-22,2009-06-30,-0.3057851239669421,24.49952380952381,1861414.0634920637
2009-03-31,AIZ,USD,1267238,2009-05-06,2009-05-06 11:48:46,2009,Q1,2087877000.0,0.0,2087877000.0,1.0,0,566685000.0,0.0,566685000.0,0.0,566685000.0,1930010000.0,0.0,15189000.0,0.0,0.0,0.0,74161000.0,0.0355198127,83706000.0,157867000.0,0.0756112549,77286000.0,80581000.0,0.0385947065,0.68,0.68,117891543,117967747,https://www.sec.gov/Archives/edgar/data/1267238/000119312509101109/0001193125-09-101109-index.htm,https://www.sec.gov/Archives/edgar/data/1267238/000119312509101109/d10q.htm,17.710150761195823,0.6835180705031573,-2.2441728496165325,-2.356869652643362,11.2697736087821,31.13303894919757,22.608025411967,31.13303894919757,8.37355229119361,2567677806.54,2875320806.54,7.966139060510543,1.2298031955618074,-9.705134791075295,-9.241071085782153,0.6995783494036764,0.6995783494036764,1.3771504770348062,0.0,-10.867942980999285,-10.34827808223714,0.0313828315198878,-0.1082125644005216,0.2648219965441724,0.0408041864863099,0.0,0.0575833594157537,4.882546579761669,-3.28326776783609,0.0064217558597117,0.2046264007644481,0.2714168507052858,0.0,0.0421914285776656,-0.050217523594979,0.0063634016754818,0.0,0.0,21.88149631555715,-0.0022554139780857,0.0035318352337348,-156.85654822585536,-18066127000.0,2665295000.0,-19046449000.0,-16783812000.0,498435500.0,1377225500.0,0.0,18.946547138552702,0.0,0.0,4.750205899884878,0.0,0.0,0.0219547494742968,0.1126968030268295,2009-04-29,1.43,bmo,2401788888.0,2025-04-22,2009-03-31,-0.1818181818181818,24.26967213114754,2133381.573770492
2008-12-31,AIZ,USD,1267238,2009-02-27,2009-02-27 12:28:10,2008,Q4,2220608000.0,0.0,2220608000.0,1.0,0,604539000.0,2377000.0,606916000.0,-4326369000.0,604539000.0,2029152000.0,0.0,15188000.0,0.0,0.0,0.0,113745000.0,0.051222458,77711000.0,191456000.0,0.0862178286,9015000.0,182441000.0,0.0821581297,1.54,1.54,117626689,118072963,https://www.sec.gov/Archives/edgar/data/1267238/000119312509040498/0001193125-09-040498-index.htm,https://www.sec.gov/Archives/edgar/data/1267238/000119312509040498/d10k.htm,18.878436678601062,1.5510170485203405,1.570765967917366,1.4119584714315982,14.827298250314604,31.53625279718619,23.01863652729356,31.53625279718619,8.392185552379189,3528800670.0,3460073670.0,4.835536789975937,1.5891146343704066,19.098962297850232,21.247083825052385,0.9512861338642218,0.9512861338642218,1.558165002557858,0.0,18.726990485159448,20.833275149924138,0.0517005682840113,0.0470652823810532,0.2620179781399405,0.0396481099048541,0.0,0.0783909292705075,7.489136160126416,1.0127328835075449,0.0046670247316632,0.0902702791587417,0.2722403053578119,0.0,0.0408695051998838,0.1011019462665887,0.0084121105571086,0.5234105746868783,0.0108659430210104,33.174515505653865,-0.0063804802419582,0.0077592577998422,-158.49287613629932,-18268135000.0,2707606000.0,-19251216000.0,-16987615000.0,547887000.0,1429650000.0,0.0,22.588556827679625,0.0,0.0,3.984318284987359,0.0,0.0,0.0491820337214803,0.1588074964857677,2009-02-04,1.54,bmo,2456123664.0,2025-04-22,2008-12-31,-0.1493506493506493,28.45875,2470335.359375
2008-09-30,AIZ,USD,1267238,2008-11-04,2008-11-04 17:04:00,2008,Q3,1954535000.0,0.0,1954535000.0,1.0,0,585050000.0,0.0,585050000.0,0.0,585050000.0,2118055000.0,0.0,15190000.0,0.0,-233431000.0,-0.1194304528,-233431000.0,-0.1194304528,-163520000.0,-163520000.0,-0.0836618428,-52091000.0,-111429000.0,-0.057010491,-0.95,-0.95,117750167,117750167,https://www.sec.gov/Archives/edgar/data/1267238/000119312508224398/0001193125-08-224398-index.htm,https://www.sec.gov/Archives/edgar/data/1267238/000119312508224398/d10q.htm,16.59899981288349,-0.9463171292147722,3.233209851838257,3.1602587875735244,14.217500005753708,31.692617472041466,24.55470827485111,31.692617472041466,8.383198301536167,6476259185.0,6394513185.0,-14.530012799630258,3.3134526549793173,17.01095892947669,17.403638023653595,1.735419930162594,1.735419930162594,3.2716288963871203,-27.39359033290351,16.796239627959267,17.18396216553218,-0.0172057659857231,0.0574592506831549,0.2604453976902903,0.0383340271665789,0.350193419040316,0.0759801356589147,-15.367412771560238,-3.4166240386254927,0.0025420539125627,-0.1477443035475504,0.2993295080415546,0.0,0.0331497814080167,0.0225630465103451,0.0043949072285735,1.1641143786420924,0.0798865203232482,,0.0088543908310482,-0.0045455574558437,-165.98331660964865,-19071770000.0,2891321000.0,-20054274000.0,-17964999000.0,562576000.0,1322604500.0,0.0,24.793278196604305,0.0,0.0,3.63001613930692,0.0,0.0,-0.0298592292053375,0.0729510642647326,2008-10-30,0.9,bmo,2650371428.0,2025-04-22,2008-09-30,-0.2222222222222223,59.668125,1739964.375
2008-06-30,AIZ,USD,1267238,2008-08-04,2008-08-04 16:19:58,2008,Q2,2248760000.0,0.0,2248760000.0,1.0,0,560763000.0,0.0,560763000.0,0.0,560763000.0,1999346000.0,0.0,15287000.0,0.0,0.0,0.0,170134000.0,0.0756568064,79280000.0,249414000.0,0.1109117914,59460000.0,189954000.0,0.0844705527,1.61,1.59,118309388,119640883,https://www.sec.gov/Archives/edgar/data/1267238/000119312508164954/0001193125-08-164954-index.htm,https://www.sec.gov/Archives/edgar/data/1267238/000119312508164954/d10q.htm,19.007451885390537,1.6055699654198194,-0.1397353183840322,-0.2525158865668377,12.076962142683048,35.90146202091756,28.896582577200043,35.90146202091756,8.344189896409572,7803687232.48,7818993232.48,10.270496057571831,3.470217912307227,-472.0352790031453,-261.2112881164853,1.837251083578969,1.837251083578969,3.4770243300663477,0.0,-472.96111979675777,-261.7236228445188,0.0243415701246182,-0.0038283184743304,0.2288201474756797,0.0370787354448522,0.0,0.0707727576017538,11.129325570746383,-0.0870315971235141,0.00212297078374,0.0872158522589679,0.2493654280581298,0.0,0.0316168925781869,-0.8071013791434793,0.005933492235721,0.0,0.0,36.01321917778978,-0.0070427819538598,0.0074834273840557,-169.8571693228605,-19497046000.0,3418737000.0,-20479598000.0,-18398164000.0,603932500.0,1358343500.0,0.0,23.481540938117003,0.0,0.0,3.832797866084897,0.0,0.0,0.0447215760874683,0.1127805681828055,2008-07-31,1.63,bmo,2189563225.0,2025-04-22,2008-06-30,-0.0490797546012269,66.1675,940948.25
2008-03-31,AIZ,USD,1267238,2008-05-12,2008-05-12 17:04:51,2008,Q1,2177325000.0,0.0,2177325000.0,1.0,0,535818000.0,-2376000.0,533442000.0,0.0,535818000.0,1891397000.0,0.0,15288000.0,0.0,0.0,0.0,212030000.0,0.0973809606,73898000.0,285928000.0,0.131320772,99098000.0,186830000.0,0.0858071257,1.58,1.56,118103519,119387321,https://www.sec.gov/Archives/edgar/data/1267238/000119312508111729/0001193125-08-111729-index.htm,https://www.sec.gov/Archives/edgar/data/1267238/000119312508111729/d10q.htm,18.43573348563814,1.5819173008722969,3.8118423888792,3.680982613227638,14.16468378050615,35.717606348376464,28.698010259965244,35.623112974305194,12.772870891340672,7187780166.34,7660419166.34,9.618075478161964,3.301197646809732,15.96603264016242,16.53362876023895,1.7084413718671378,1.7084413718671378,3.518270890353989,0.0,17.01589358838007,17.62081250581386,0.025992725942693,0.060482790227204,0.35492196144005,0.0564625867059864,0.0,0.0772367331576966,13.86904761904762,2.409634427019215,0.0019718187913385,0.0758604078574104,0.2460900416795839,0.0,0.0313478783419227,0.0343297970643636,0.0070981594387608,0.0,0.0,35.608122968110656,-0.0074836447067311,0.0072930966856246,-170.0988985772727,-19614256000.0,3389336000.0,-20586296000.0,-18512884000.0,613770500.0,1423143000.0,0.0,25.6753125968792,0.0,0.0,3.5053127263945907,0.0,0.0,0.0444070483681009,0.1308597756515621,2008-05-01,1.51,bmo,1696820555.0,2025-04-22,2008-03-31,0.1920529801324503,63.21311475409836,1390093.0983606558
2007-12-31,AIZ,USD,1267238,2008-03-03,2008-03-03 06:20:58,2007,Q4,2183333000.0,0.0,2183333000.0,1.0,0,593018000.0,0.0,593018000.0,-3810167000.0,593018000.0,1986430000.0,0.0,15297000.0,0.0,0.0,0.0,115914000.0,0.0530903898,80989000.0,196903000.0,0.0901845939,76085000.0,120818000.0,0.055336497,1.03,1.01,117736811,119560739,https://www.sec.gov/Archives/edgar/data/1267238/000119312508044379/0001193125-08-044379-index.htm,https://www.sec.gov/Archives/edgar/data/1267238/000119312508044379/d10k.htm,18.544183263125756,1.026170141469179,3.1147607692550805,2.954037883699772,10.326778767602258,34.90890372425664,27.836723044927723,34.72918083368166,12.984978844042242,7876592655.900001,8585141655.900001,16.298466817651345,3.607600240503854,21.47837505221939,22.64696751830799,1.926333947246976,1.926333947246976,3.93212654959184,0.0,23.410489842169277,24.6842045431413,0.0153388660907201,0.044156022177874,0.3701513584450401,0.0565792568581245,0.0,0.0639349732324164,7.577564228280055,3.0353258620404246,0.001797858619665,0.117209356221755,0.2716113391773037,0.0,0.0311269593974142,0.0516003948495045,0.0086670242239731,0.5633689600762154,0.0089432074722454,28.317063569642524,-0.0037093469000676,0.0046616091113163,-178.10587506060446,-20282657000.0,3277407000.0,-21254910000.0,-19174222000.0,595539500.0,1362750500.0,0.0,24.99627404523268,0.0,0.0,3.60053661746299,0.0,0.0,0.0295477784628297,0.1607228855553086,2008-02-07,1.29,bmo,2037100000.0,2025-04-22,2007-12-31,0.0,62.48921875,1329713.015625
2007-09-30,AIZ,USD,1267238,2007-11-09,2007-11-09 17:05:39,2007,Q3,2148192000.0,0.0,2148192000.0,1.0,0,552717000.0,741000.0,553458000.0,0.0,552717000.0,1864047000.0,0.0,15288000.0,0.0,0.0,0.0,218612000.0,0.1017655778,65533000.0,284145000.0,0.1322716964,96954000.0,187191000.0,0.0871388591,1.58,1.56,118447175,119741434,https://www.sec.gov/Archives/edgar/data/1267238/000119312507242632/0001193125-07-242632-index.htm,https://www.sec.gov/Archives/edgar/data/1267238/000119312507242632/d10q.htm,18.136287336527865,1.5803753867494097,2.7073841144797246,2.624748120839522,9.57913939272929,33.12079836433414,26.352304307806413,33.12079836433414,8.333833204548778,6488536246.5,6645220246.5,8.665662674086894,3.020463834936542,20.23355301045896,20.870574042921383,1.6539456385504705,1.6539456385504705,3.093401449451445,0.0,20.722149189851628,21.37455289101752,0.0288494959245967,0.0479143505082059,0.2477223803327245,0.0365784816386998,0.0,0.0646515333456493,14.299581371009944,1.7131272336811063,0.0021801527282259,0.0755698724831856,0.2572940407561335,0.0,0.0301753061345855,0.0305224490305037,0.0045563897454231,0.0,0.0,34.31798547119113,-0.0075113437286426,0.007264850007205,-177.9035844459777,-20252165000.0,3121356000.0,-21245480000.0,-19173496000.0,572616000.0,1270241000.0,0.0,24.49591098002413,0.0,0.0,3.674082587636483,0.0,0.0,0.0477154979588663,0.0826359936402029,2007-11-01,1.27,bmo,1532726380.0,2025-04-22,2007-09-30,0.2834645669291337,52.49809523809524,1601231.825396825
2007-06-30,AIZ,USD,1267238,2007-08-09,2007-08-09 17:19:21,2007,Q2,2064727000.0,0.0,2064727000.0,1.0,0,538831000.0,1028000.0,539859000.0,0.0,538831000.0,1812253000.0,0.0,15296000.0,0.0,0.0,0.0,181896000.0,0.0880968767,70578000.0,252474000.0,0.122279604,86194000.0,166280000.0,0.0805336492,1.38,1.36,120657052,122492504,https://www.sec.gov/Archives/edgar/data/1267238/000119312507177659/0001193125-07-177659-index.htm,https://www.sec.gov/Archives/edgar/data/1267238/000119312507177659/d10q.htm,17.11236074290958,1.378120857784591,2.8527052028421847,2.738215417363256,10.558984981665224,31.61350237531081,25.05611524471856,31.61350237531081,8.181154633216133,7109113503.84,7070860503.84,10.688467500360838,3.443125170465636,20.65407948262488,21.51766425182741,1.86376059509353,1.86376059509353,3.424598265940243,0.0,20.54294319228121,21.40188115029435,0.0233896954817479,0.0464734456443186,0.2547766459241735,0.0377068908086015,0.0,0.0749160505604579,11.89173640167364,2.069996391628578,0.0020393541321528,0.0871902814529708,0.2609696100259259,0.0,0.03069865290961,0.0401337598307955,0.0066904728809183,0.0,0.0,31.309145752453343,-0.0065379176508078,0.0066560562586463,-167.94823563234414,-19394385000.0,3023197000.0,-20387948000.0,-18323442000.0,530332000.0,1233596500.0,0.0,24.433719324637103,0.0,0.0,3.683434306673518,0.0,0.0,0.043592792770119,0.1144897854789291,2007-08-02,1.26,bmo,1726751824.0,2025-04-22,2007-06-30,0.0873015873015873,58.509682539682544,1005813.5238095238
2007-03-31,AIZ,USD,1267238,2007-05-09,2007-05-09 16:47:05,2007,Q1,2057263000.0,0.0,2057263000.0,1.0,0,554285000.0,927000.0,555212000.0,0.0,554285000.0,1779745000.0,0.0,15297000.0,0.0,0.0,0.0,202230000.0,0.098300509,75288000.0,277518000.0,0.134896705,98061000.0,179457000.0,0.0872309471,1.47,1.45,122149873,124111534,https://www.sec.gov/Archives/edgar/data/1267238/000119312507108295/0001193125-07-108295-index.htm,https://www.sec.gov/Archives/edgar/data/1267238/000119312507108295/d10q.htm,16.842121481370675,1.469154208617147,1.407762413310082,1.2755395988008926,9.747083404663057,32.10204729398286,25.630120794313065,32.10204729398286,8.080998987203204,6550897688.990001,6762858688.990001,9.125999109800675,3.184278183678995,38.095916962223335,42.04495105476648,1.6706099616908952,1.6706099616908952,3.2873087636291523,0.0,39.32854934920155,43.405358481903896,0.027394260835673,0.0237840685959517,0.2478274208220263,0.0381679482255424,0.0,0.0613236153022486,13.22023926260051,0.9582128309288576,0.0018673776604021,0.0681667474659667,0.2694283618574776,0.0,0.0310491920423231,0.0939240977447981,0.0078507220515801,0.0,0.0,32.57551691779558,-0.007178630790936,0.0072741521616258,-163.52119334581707,-19286045000.0,3130716000.0,-20279833000.0,-18216847000.0,556065500.0,1296741000.0,0.0,21.87897220724817,0.0,0.0,4.113538750699832,0.0,0.0,0.0457651250452341,0.132222814509189,2007-05-02,1.21,bmo,1563456338.0,2025-04-22,2007-03-31,0.1735537190082644,54.70180327868852,715757.2950819673
2006-12-31,AIZ,USD,1267238,2007-03-01,2007-03-01 16:22:33,2006,Q4,2207633000.0,0.0,2207633000.0,1.0,0,598821000.0,0.0,598821000.0,-3566282000.0,598821000.0,1817451000.0,0.0,15306000.0,0.0,0.0,0.0,250443000.0,0.1134441277,139739000.0,390182000.0,0.1767422393,137675000.0,252507000.0,0.1143790657,2.03,1.99,123153882,125618413,https://www.sec.gov/Archives/edgar/data/1267238/000119312507044409/0001193125-07-044409-index.htm,https://www.sec.gov/Archives/edgar/data/1267238/000119312507044409/d10k.htm,17.92580927331223,2.050337317016121,2.544426492378048,2.21409991769484,10.57040167032656,31.30032880327719,24.881375643522144,31.120391316613144,8.015013282325928,6804251980.5,6788353980.5,6.736696389110005,3.082148156192628,21.714127000919085,24.95370672228844,1.7753632799117676,1.7753632799117676,3.074946778065013,0.0,21.6633923732113,24.895402880718805,0.0371101776835497,0.0400742066551102,0.2535549654711935,0.0386158666740207,0.0,0.048560499532917,16.362406899255195,1.2409794579952238,0.0018106325332023,0.0487907265937181,0.2712502485693954,0.0,0.0314132466059806,0.1298235872298599,0.0184274288344122,1.35089991366142,0.0079582974162825,37.89016022430386,-0.0088635088730011,0.0103594192141345,-158.74121410155792,-19351328000.0,3064238000.0,-20322719000.0,-18285608000.0,574175000.0,1254282500.0,0.0,24.9502476181503,0.0,0.0,3.6071786291422874,0.0,0.0,0.0658840467703752,0.3303265746832081,2007-02-07,1.12,bmo,1978562962.0,2025-04-22,2006-12-31,-0.0357142857142857,54.782222222222224,510534.9206349207
2006-09-30,AIZ,USD,1267238,2006-11-14,2006-11-14 17:02:06,2006,Q3,1984079000.0,0.0,1984079000.0,1.0,0,551042000.0,0.0,551042000.0,0.0,551042000.0,1753038000.0,0.0,15307000.0,0.0,0.0,0.0,142599000.0,0.0718716341,88442000.0,231041000.0,0.1164474802,79738000.0,151303000.0,0.0762585562,1.2,1.18,125793731,127766049,https://www.sec.gov/Archives/edgar/data/1267238/000119312506235029/0001193125-06-235029-index.htm,https://www.sec.gov/Archives/edgar/data/1267238/000119312506235029/d10q.htm,15.772479154783952,1.2027864886208042,3.494037393644044,3.418644129412141,7.299982222484521,29.885757979465605,23.484914363498767,29.885757979465605,7.8466549338615295,6718643172.71,7043259172.71,11.101305282628235,3.386278052794269,15.286041327765238,15.623152916236478,1.787138878548699,1.787138878548699,3.5498884735486844,0.0,16.02459723319106,16.377996606649553,0.022519874342273,0.0640075665495626,0.2584833755869556,0.0388336939950326,0.0,0.0582921703093393,9.315933886457175,2.904952314230385,0.0018706157890701,0.083065107763891,0.2777318846678988,0.0,0.0321772577322471,0.0215776924337016,0.0047800516007679,0.8101828122330429,0.0,28.43921909524915,-0.0051849781096727,0.0062474750461057,-158.54099080660865,-19087476000.0,2954255000.0,-20082485000.0,-18010594000.0,268169500.0,1144196000.0,0.0,24.328925410732133,0.0,0.0,3.6993002559948094,0.0,0.0,0.0402461429771075,0.0753932642319035,2006-11-01,1.01,bmo,1520134166.0,2025-04-22,2006-09-30,0.188118811881188,50.394603174603176,531622.2222222222
2006-06-30,AIZ,USD,1267238,2006-08-09,2006-08-09 17:00:40,2006,Q2,1949090000.0,0.0,1949090000.0,1.0,0,542627000.0,0.0,542627000.0,0.0,542627000.0,1716927000.0,0.0,15315000.0,0.0,0.0,0.0,151105000.0,0.0775259224,81058000.0,232163000.0,0.119113535,81027000.0,151136000.0,0.0775418272,1.18,1.16,128488126,130327634,https://www.sec.gov/Archives/edgar/data/1267238/000119312506167916/0001193125-06-167916-index.htm,https://www.sec.gov/Archives/edgar/data/1267238/000119312506167916/d10q.htm,15.16941728918982,1.1762643343401242,2.083320913249213,1.9928767581216027,11.243568141074764,27.78742371882675,21.52027651177666,27.78742371882675,7.682001681618424,6218825298.4,6527055298.4,10.28680343928647,3.190630139398386,23.23213850165495,24.286499304462605,1.7417951548781996,1.7417951548781996,3.348770604948976,0.0,24.38361674823111,25.49023591409859,0.0243029821144653,0.0411751396306116,0.2721665694774243,0.0396100816160952,0.0,0.0332298793008463,9.866470780280771,1.7711332839297056,0.0020679146595915,0.085088926529748,0.2784001764926196,0.0,0.032824080596057,0.0434134532766491,0.005962269571954,0.0,0.0,27.118637464522187,-0.0053978420665743,0.006369746200578,-151.90039428234792,-19303499000.0,2765100000.0,-20298561000.0,-18223575000.0,257073000.0,1125094500.0,0.0,0.0,0.0,0.0,0.0,0.0,0.0,0.0423308164960673,0.0904441551276107,2006-08-03,1.03,bmo,1582080000.0,2025-04-22,2006-06-30,0.1165048543689319,48.523968253968256,769285.7142857143
2006-03-31,AIZ,USD,1267238,2006-05-10,2006-05-10 16:47:34,2006,Q1,1929782000.0,0.0,1929782000.0,1.0,0,497049000.0,0.0,497049000.0,0.0,497049000.0,1687426000.0,0.0,15315000.0,0.0,0.0,0.0,174884000.0,0.0906237078,242356000.0,242356000.0,0.1255872425,81431000.0,162472000.0,0.0841918932,1.25,1.23,129998426,132000306,https://www.sec.gov/Archives/edgar/data/1267238/000119312506107725/0001193125-06-107725-index.htm,https://www.sec.gov/Archives/edgar/data/1267238/000119312506107725/d10q.htm,14.844656657612148,1.2497997475754052,-0.7505398565364169,-0.849925675253945,11.29742909348764,28.104717206345253,21.91318839506565,28.104717206345253,7.592599621167721,6402422480.5,6723428480.5,9.851578241943228,3.3176920919046813,-65.6194332267421,-57.94624334096607,1.752374864276547,1.752374864276547,3.484035233254326,0.0,-68.90947412087856,-60.85156423263855,0.0253766446208204,-0.0172573741168313,0.2659621318223359,0.0393713156410089,0.0,0.0581495107827476,11.41913157035586,-0.6005280909941405,0.0016257908677071,0.0640664237530159,0.2575674350781591,0.0,0.0326121026467499,-0.1324191085283235,0.0066950567473424,0.0,0.0,28.11260465660893,-0.0065259808383565,0.0068048833557165,-147.4853049374613,-18867149000.0,2848680000.0,-19862264000.0,-17794018000.0,486401500.0,1221679500.0,0.0,23.97842865152644,0.0,0.0,3.753373555371432,0.0,0.0,0.0444693941732043,0.0993858187175281,2006-05-04,0.94,bmo,1320320967.0,2025-04-22,2006-03-31,0.3191489361702128,45.27,708709.6774193548
2005-12-31,AIZ,USD,1267238,2006-03-10,2006-03-10 17:39:10,2005,Q4,1881577000.0,0.0,1881577000.0,1.0,0,629017000.0,0.0,629017000.0,-3592625000.0,629017000.0,1732165000.0,0.0,15315000.0,0.0,0.0,0.0,74875000.0,0.0397937475,74537000.0,149412000.0,0.0794078584,12366000.0,137046000.0,0.0728357117,1.04,1.03,131005996,131643350,https://www.sec.gov/Archives/edgar/data/1267238/000119312506051258/0001193125-06-051258-index.htm,https://www.sec.gov/Archives/edgar/data/1267238/000119312506051258/d10k.htm,14.362525819047244,1.0461047905013448,2.979649878010164,2.8355114372016987,13.990214615825677,28.424034881579008,22.280316085685115,28.239615841705444,7.53404447228507,5697450766.04,5813571766.04,10.393318239934036,3.028018925635252,14.595674586117145,15.337621082889823,1.5400351139257409,1.5400351139257409,3.089733646850488,0.0,14.893152247304997,15.65022051918195,0.0240539156243123,0.0651991592826327,0.2626502239861562,0.0383076146915255,0.0,0.0633941944847605,4.888997714658832,2.848328298527502,0.001838366039498,0.0764268931599608,0.3343030872507476,0.0,0.0317307165773857,0.0483742878222732,0.0100357306663506,0.7138590654770905,0.0,25.781503870281284,-0.0037555528511046,0.0055799150419397,-148.58052184115297,-19359642000.0,2918855000.0,-20331376000.0,-18287058000.0,470200500.0,1242236500.0,0.0,21.93858130706317,0.0,0.0,4.102361895708558,0.0,0.0,0.037043874688848,0.1441384408084649,2006-02-09,0.86,bmo,1512295532.0,2025-04-22,2005-12-31,0.244186046511628,41.10111111111111,593625.3968253968
2005-09-30,AIZ,USD,1267238,2005-11-14,2005-11-14 17:00:08,2005,Q3,1879441000.0,0.0,1879441000.0,1.0,0,508080000.0,8301000.0,516381000.0,0.0,508080000.0,1738067000.0,0.0,15315000.0,0.0,0.0,0.0,70259000.0,0.037382924,71115000.0,141374000.0,0.0752213025,41087000.0,100287000.0,0.053360015,0.74,0.74,134706785,136177498,https://www.sec.gov/Archives/edgar/data/1267238/000095012305013636/0000950123-05-013636-index.htm,https://www.sec.gov/Archives/edgar/data/1267238/000095012305013636/y14646e10vq.htm,13.952088604890983,0.7444836575974997,3.2306464741178407,3.1230572387278044,11.712966054382488,27.39254745037527,21.32137590545272,27.213194940403337,7.326913785374656,5126940237.1,5457342237.1,12.780670069650103,2.727906987822444,11.780923819710932,12.186776319060987,1.3985862403643188,1.3985862403643188,2.903705004360339,0.0,12.5401370369264,12.972144410585292,0.0195607897424461,0.0820561544594798,0.2650634158637046,0.0382359917841825,0.0,0.0541184521227892,4.587593862226576,4.339445790581032,0.0021018384263623,0.1074516138681982,0.2703357008812727,0.0,0.0321821860187867,0.0333026953744341,0.0077113354449541,0.0,0.0043028751634129,21.35052751908646,-0.0026889591837157,0.0040775997478472,-146.86237222571972,-19627988000.0,2872134000.0,-20599470000.0,-18535011000.0,240872000.0,1121206000.0,0.0,23.069072133682305,0.0,0.0,3.901327260951875,0.0,0.0,0.0273574513844446,0.1075892353900362,2005-11-03,0.67,bmo,1232435869.0,2025-04-22,2005-09-30,0.3731343283582089,37.24484375,537973.4375
2005-06-30,AIZ,USD,1267238,2005-08-22,2005-08-22 15:42:11,2005,Q2,1874303000.0,0.0,1874303000.0,1.0,0,510088000.0,9696000.0,519784000.0,0.0,510088000.0,1686204000.0,0.0,15314000.0,0.0,0.0,0.0,118132000.0,0.0630271626,69967000.0,188099000.0,0.1003567726,60475000.0,127624000.0,0.0680914452,0.93,0.92,137700163,139019388,https://www.sec.gov/Archives/edgar/data/1267238/000095012305010188/0000950123-05-010188-index.htm,https://www.sec.gov/Archives/edgar/data/1267238/000095012305010188/y11871e10vq.htm,13.611479893455174,0.9268253371639074,0.8112844427061426,0.7516911944396173,9.529516678930872,28.08698200306415,22.12837612980893,27.911528325496608,7.167486068988894,4970975884.3,5441855884.3,9.73754130159688,2.652173039417853,44.49734038974524,48.0250404248947,1.2933723864566524,1.2933723864566524,2.903402429756555,0.0,48.71238953309344,52.574254012250265,0.0256738320544018,0.0208224707601002,0.252808564867454,0.0397292969637887,0.0,0.0473448029770097,7.713987201253755,0.8753369272237197,0.0022138510135922,0.0862298627217451,0.2721480998536522,0.0,0.033549043264638,0.0734554308323039,0.0043781608416568,0.0,0.0,24.125816300145427,-0.0045556097552793,0.0053995001409275,-139.99231794663888,-18688237000.0,3047081000.0,-19660418000.0,-17594094000.0,0.0,1159068500.0,0.0,0.0,0.0,0.0,0.0,0.0,0.0,0.033205825433689,0.0595932482665252,2005-08-04,0.79,bmo,1486253333.0,2025-04-22,2005-06-30,0.1392405063291139,34.2690625,879295.3125
2005-03-31,AIZ,USD,1267238,2005-05-16,2005-05-16 16:59:34,2005,Q1,1862354000.0,0.0,1862354000.0,1.0,0,499207000.0,12141000.0,511348000.0,0.0,499207000.0,1685631000.0,0.0,15314000.0,0.0,0.0,0.0,110955000.0,0.0595778246,65768000.0,176723000.0,0.0948922707,62325000.0,114398000.0,0.0614265601,0.82,0.82,139736533,139833013,https://www.sec.gov/Archives/edgar/data/1267238/000095012305006387/0000950123-05-006387-index.htm,https://www.sec.gov/Archives/edgar/data/1267238/000095012305006387/y08634ae10vq.htm,13.32760989568848,0.818669230901843,0.593230690788643,0.4957758612774513,10.404687799145554,26.190266220502263,20.317664529432687,26.01736941619984,7.06289886267609,4709121162.1,5205718162.1,10.291091544651133,2.5285854150714635,56.80758012569967,67.97426545367938,1.2952885228672093,1.2952885228672093,2.7952355793259502,0.0,62.79818280857943,75.14244294148214,0.0242928555163751,0.0147114498895386,0.2672563392275834,0.0399486900199794,0.0,0.0474867953275774,7.245331069609508,0.7246280529379884,0.002080005942262,0.0856221262609486,0.2680516163951644,0.0,0.0337397367499858,0.1642781316348195,0.0073122510543108,0.0,0.0,21.89158390172152,-0.0040680647716154,0.0048677189151247,-137.46098881671838,-18754985000.0,2839120000.0,-19727222000.0,-17655677000.0,217728500.0,1268742500.0,0.0,0.0,0.0,0.0,0.0,0.0,0.0,0.0314662569380321,0.0974548295111916,2005-05-04,0.73,bmo,1511367073.0,2025-04-22,2005-03-31,0.1232876712328766,32.91508196721311,1246059.0163934426
2004-12-31,AIZ,USD,1267238,2005-03-31,2005-03-31 17:16:29,2004,Q4,1867463000.0,0.0,1867463000.0,1.0,0,2105053434000.0,-2104477051000.0,576383000.0,1564566000.0,2106618000000.0,1727594000.0,0.0,15314000.0,0.0,0.0,0.0,76142000.0,0.0407729631,63727000.0,139869000.0,0.0748978695,53741000.0,86128000.0,0.0461203247,0.61,0.61,139979877,140213270,https://www.sec.gov/Archives/edgar/data/1267238/000095012305003934/0000950123-05-003934-index.htm,https://www.sec.gov/Archives/edgar/data/1267238/000095012305003934/y06975e10vk.htm,13.340938997967545,0.6152884389232604,1.6195613602375147,1.45669509339546,7.909529739049564,26.143693496744536,20.26389121630676,25.971097259929724,10.874820242912486,4276385242.35,4976245242.35,12.412877468273964,2.289943759180235,18.86313217272591,20.972130776379544,1.1763076351469743,1.1763076351469743,2.664708881702074,0.0,21.950214120270303,24.404364921189952,0.0201403744328399,0.0476823271160543,0.4145153628276812,0.0614980572885226,0.0,62.38585128282372,4.972051717382787,2.632198588147873,0.0022890828223466,0.1136564183540776,1127.22631398855,0.0,0.0335886995276179,0.1005619613067144,0.0122080062630424,0.0009556505700871,0.0,18.961635149142392,0.0102218211843074,0.0036370328386127,-138.66662598939132,1222622000000.0,2836537000.0,1221694695000.0,1223722142000.0,217728500.0,1318605500.0,0.0,20.986295310804017,0.0,0.0,4.288512987505081,0.0,0.0,0.0236912762200685,0.1628662668420547,2005-02-15,0.68,bmo,2081762032.0,2025-04-22,2004-12-31,-0.1029411764705883,28.4459375,476187.5
2004-09-30,AIZ,USD,1267238,2004-11-12,2004-11-12 06:04:46,2004,Q3,1833547000.0,0.0,1833547000.0,1.0,0,510473000.0,7982000.0,518455000.0,0.0,510473000.0,1724293000.0,0.0,15107000.0,0.0,0.0,0.0,41790000.0,0.0227918892,67464000.0,109254000.0,0.0595861464,34410000.0,74844000.0,0.0408192427,0.53,0.53,141694172,141787153,https://www.sec.gov/Archives/edgar/data/1267238/000095012304013448/0000950123-04-013448-index.htm,https://www.sec.gov/Archives/edgar/data/1267238/000095012304013448/y68466e10vq.htm,12.940172302922946,0.5282080338491268,2.0755970118516944,2.0020089464230044,6.480322987454982,25.089606367155312,19.222420806411147,25.089606367155312,6.963589158769353,3684048472.0,3963268472.0,12.305757549035327,2.0092468161437917,12.526516395783746,12.98695495165208,1.0362856881659364,1.0362856881659364,2.161530886309432,0.0,13.475921360081603,13.971257299778266,0.0203156936095818,0.0770003440931924,0.2732993141307959,0.0411025008826779,0.0,0.0615567139938177,2.766267293307738,3.929506707284485,0.0026948613937781,0.1326492437603548,0.2784073710682082,0.0,0.0351694585066079,0.0354539272356341,0.0056867917757221,0.0,0.0,17.267946088286873,-0.0017030582186509,0.0032816315449134,-135.256226346416,-17912067000.0,2723705000.0,-18908310000.0,-16809799000.0,0.0,1311623000.0,0.0,0.0,0.0,0.0,0.0,0.0,0.0,0.0210528625327737,0.0735880654286896,2004-11-04,0.42,bmo,1324188679.0,2025-04-22,2004-09-30,0.261904761904762,25.8340625,376306.25
2004-06-30,AIZ,USD,1267238,2004-08-10,2004-08-10 14:21:51,2004,Q2,1839163000.0,0.0,1839163000.0,1.0,0,479951000.0,16166000.0,496117000.0,0.0,479951000.0,1695119000.0,0.0,15834000.0,0.0,0.0,0.0,83704000.0,0.0455120074,60340000.0,144044000.0,0.0783204099,48834000.0,95210000.0,0.0517681141,0.67,0.67,142196828,142220994,https://www.sec.gov/Archives/edgar/data/1267238/000095012304009517/0000950123-04-009517-index.htm,https://www.sec.gov/Archives/edgar/data/1267238/000095012304009517/y99973e10vq.htm,12.933924236340912,0.6695648653991072,0.9565473570198064,0.8730855796586405,6.495545737490009,23.75836400513801,17.894738130164196,23.588458668009107,6.944233664621549,3751152322.64,4113896322.64,9.84968050267829,2.0395975357485985,27.57835229631372,30.21467839420056,1.118343524317543,1.118343524317543,2.236830733676134,0.0,30.245234620711965,33.13649877277487,0.0253815339423467,0.0330964965753844,0.2896705149716594,0.0416123374948354,0.0,0.057421022159061,5.286345838069976,1.4286104400798236,0.0026549175142509,0.104600357105346,0.2609616439652167,0.0,0.0357095608621133,0.0872531576703083,0.0064529353841937,0.0,0.0,18.851129168909303,-0.0032928412150456,0.0042286627743367,-133.94933816667134,-17908058000.0,2544575000.0,-18879875000.0,-16802071000.0,2412592500.0,1355339500.0,0.0,0.0,0.0,0.0,0.0,0.0,0.0,0.0283852741216694,0.0834617773611658,2004-08-05,0.63,bmo,8650746.27,2025-04-22,2004-06-30,0.0634920634920635,25.225483870967743,636075.8064516129
2004-03-31,AIZ,USD,1267238,2004-05-13,2004-05-13 14:28:43,2004,Q1,1859908000.0,0.0,1859908000.0,1.0,0,574142000000.0,-573603406000.0,538594000.0,0.0,574142000000.0,1717147000.0,0.0,10163000.0,0.0,0.0,0.0,76139000.0,0.0409369711,66622000.0,142761000.0,0.0767570224,48383000.0,94378000.0,0.0507433701,0.73,0.73,129521599,129521599,https://www.sec.gov/Archives/edgar/data/1267238/000095012304006336/0000950123-04-006336-index.htm,https://www.sec.gov/Archives/edgar/data/1267238/000095012304006336/y97456e10vq.htm,14.35982889618279,0.7286661122829405,1.3692002057510115,1.2663910982136657,7.557272358875063,27.59089624889513,21.19470436741597,27.404363653663665,7.579731933358852,3257468214.85,3655183214.85,8.62878058141198,1.7514136262922682,18.36838754067023,19.859583690595944,0.9177370552312648,0.9177370552312648,1.9652494719362463,0.0,20.611044343101707,22.28430553177869,0.0289728076454449,0.0503535227917958,0.2737252486788824,0.0409873711820023,0.0,54.63374915183465,7.491783922070255,1.8790502023776727,0.0,0.0,308.6937633474344,0.0,0.0349491781588613,0.0750869793223225,0.0071594939104514,0.0,0.0,21.19656104819407,0.0110740887992416,0.0041256641507071,-119.92549018793385,1027569000000.0,2745172000.0,1026597340000.0,1028681739000.0,4888601500.0,1380371000.0,0.0,233.48824242919545,0.0,0.0,0.3854583813884856,0.0,0.0,0.0265894191703125,0.1028091075373459,2004-05-13,,amc,,2025-04-22,2004-03-31,,24.709230769230768,1870961.5384615385
2003-12-31,AIZ,USD,1267238,2004-03-30,2004-03-30 13:52:47,2003,Q4,1836295000.0,0.0,1836295000.0,1.0,0,1918503281000.0,-1917990461000.0,512820000.0,1485719000.0,1919989000000.0,1970687000.0,0.0,1175000000.0,0.0,-209653000.0,-0.1141717426,-209653000.0,-0.1141717426,27852000.0,-134392000.0,-0.0731864978,-56759000.0,-77633000.0,-0.0422769762,-0.71,-0.71,109222276,109222276,https://www.sec.gov/Archives/edgar/data/1267238/000095012304003991/0000950123-04-003991-index.htm,https://www.sec.gov/Archives/edgar/data/1267238/000095012304003991/y95546e10vk.htm,16.812458659989836,-0.7107799145295233,1.0036871965568634,0.9941012399338758,11.298748251684485,26.11634828045517,18.530688739721924,24.09859138991024,26.780251310639237,2697790217.2,3489593217.2,-8.68763997655636,1.4691485938806128,24.609260818244017,24.84656391902595,1.024956172763756,1.024956172763756,1.9003445618487225,-16.64461380089958,31.8320932013683,32.13904490044023,-0.0287765147582802,0.040247013762505,0.6648675982664812,0.073751537140073,-3.776731074680544,16.573610507547738,-0.1784280851063829,-1.4120927955895044,67.09410236792372,-2331.557623690956,1044.7685589733676,0.0,0.0349170541748026,0.0095507411630558,0.0005701698256543,6.213649851632047e-05,0.0,,-0.0054153887394894,-0.0033901175364182,-145.828708971419,21251453000.0,2023964000.0,1740202000.0,22363738000.0,,,,242.70698335507092,0.0,0.0,0.3708175131835143,0.0,0.0,-0.0294946664321267,0.0095859566229877,2004-05-12,0.57,bmo,1555456451.0,2025-04-22,2003-12-31,0.0877192982456141,,
2003-09-30,AIZ,USD,1267238,2003-09-30,2003-09-29 20:00:00,2003,Q3,1775577000.0,0.0,1775577000.0,1.0,0,0.0,0.0,488350000.0,-2189197000.0,-1700847000.0,1629801000.0,0.0,0.0,0.0,74730000.0,0.042087727,74730000.0,0.042087727,71046000.0,145776000.0,0.0821006355,46378000.0,99398000.0,0.0559806756,0.91,0.91,109222276,109222276,,,16.256546420988332,0.9100524512051004,2.322493261356319,2.322493261356319,,,,,,2697790217.2,,6.785323188595344,1.519387904438951,10.635122353627576,10.635122353627576,0.0,0.0,,,,,0.0368442287937287,0.0940280672613894,0.0,0.0,,0.0,0.0,2.5520433006700336,0.0078037943298091,0.211805066500332,0.0,0.0,0.0,0.0,0.0,0.0,0.0,,0.0,0.0,,,,,,,,,,0.0,0.0,0.0,0.0,0.0,0.0,0.0,2003-09-29,,amc,,2025-04-22,2003-09-30,,,
2003-06-30,AIZ,USD,1267238,2003-06-30,2003-06-29 20:00:00,2003,Q2,1722601000.0,0.0,1722601000.0,1.0,0,0.0,0.0,433549000.0,-2090263000.0,-1656714000.0,1584995000.0,0.0,0.0,0.0,65887000.0,0.0382485555,65887000.0,0.0382485555,71719000.0,137606000.0,0.079882689,46956000.0,90650000.0,0.05262391,0.83,0.83,109222276,109222276,,,15.771517158276394,0.8299588995929731,0.973610914315684,0.973610914315684,,,,,,2697790217.2,,7.4401274605626035,1.5661143916670195,25.36947731051345,25.36947731051345,0.0,0.0,,,,,0.0336015748823066,0.0394174459237119,0.0,0.0,,0.0,0.0,1.1730832873690016,0.0516389299330283,1.5368008825151682,0.0,0.0,0.0,0.0,0.0,0.0,0.0,,0.0,0.0,,,,,,,,,,0.0,0.0,0.0,0.0,0.0,0.0,0.0,2003-06-29,,amc,,2025-04-22,2003-06-30,,,
2003-03-31,AIZ,USD,1267238,2003-03-31,2003-03-30 19:00:00,2003,Q1,1731740000.0,0.0,1731740000.0,1.0,0,0.0,0.0,563820000.0,-2267427000.0,-1703607000.0,1621373000.0,0.0,0.0,0.0,28133000.0,0.0162455103,28133000.0,0.0162455103,82234000.0,110367000.0,0.0637318535,37130000.0,73237000.0,0.0422909906,0.67,0.67,109222276,109222276,,,15.855190565704747,0.6705317146110378,2.486626446055748,2.33513720223153,,,,,,2697790217.2,,9.209109525239974,1.557849456153926,9.93313653491412,10.577536932903088,0.0,0.0,,,,,0.0271470329802039,0.0945399677016813,0.0,0.0,,0.0,0.0,3.708439723090787,0.0077185393687178,0.284323497685596,0.0,0.0,0.0,0.0609215928128279,0.0095545520690172,0.0,0.0,,0.0,0.0,,,,,,,,,,0.0,0.0,0.0,0.0,0.0,0.0,0.1514892438242177,2003-03-30,,amc,,2025-04-22,2003-03-31,,,
