date,symbol,reportedCurrency,cik,fillingDate,acceptedDate,calendarYear,period,revenue,costOfRevenue,grossProfit,grossProfitRatio,researchAndDevelopmentExpenses,generalAndAdministrativeExpenses,sellingAndMarketingExpenses,sellingGeneralAndAdministrativeExpenses,otherExpenses,operatingExpenses,costAndExpenses,interestIncome,interestExpense,depreciationAndAmortization,ebitda,ebitdaratio,operatingIncome,operatingIncomeRatio,totalOtherIncomeExpensesNet,incomeBeforeTax,incomeBeforeTaxRatio,incomeTaxExpense,netIncome,netIncomeRatio,eps,epsdiluted,weightedAverageShsOut,weightedAverageShsOutDil,link,finalLink,revenuePerShare,netIncomePerShare,operatingCashFlowPerShare,freeCashFlowPerShare,cashPerShare,bookValuePerShare,tangibleBookValuePerShare,shareholdersEquityPerShare,interestDebtPerShare,marketCap,enterpriseValue,peRatio,priceToSalesRatio,pocfratio,pfcfRatio,pbRatio,ptbRatio,evToSales,enterpriseValueOverEBITDA,evToOperatingCashFlow,evToFreeCashFlow,earningsYield,freeCashFlowYield,debtToEquity,debtToAssets,netDebtToEBITDA,currentRatio,interestCoverage,incomeQuality,dividendYield,payoutRatio,salesGeneralAndAdministrativeToRevenue,researchAndDdevelopementToRevenue,intangiblesToTotalAssets,capexToOperatingCashFlow,capexToRevenue,capexToDepreciation,stockBasedCompensationToRevenue,grahamNumber,roic,returnOnTangibleAssets,grahamNetNet,workingCapital,tangibleAssetValue,netCurrentAssetValue,investedCapital,averageReceivables,averagePayables,averageInventory,daysSalesOutstanding,daysPayablesOutstanding,daysOfInventoryOnHand,receivablesTurnover,payablesTurnover,inventoryTurnover,roe,capexPerShare,report_date,epsEstimated,time,revenueEstimated,updatedFromDate,fiscalDateEnding,surprise(%),QuarterAvgPrice,QuarterAvgVolume
2025-03-31,AJG,USD,354190,2025-05-02,2025-05-02 16:40:02,2025,Q1,3727400000.0,490400000.0,3237000000.0,0.8684337608,0,1897700000.0,0.0,1897700000.0,0.0,1897700000.0,2388100000.0,0.0,0.0,0.0,1339300000.0,0.359312121,1339300000.0,0.359312121,-466600000.0,872700000.0,0.2341310297,163800000.0,704400000.0,0.1889789129,2.76,2.72,226425000,231059000,https://www.sec.gov/Archives/edgar/data/354190/000095017025062859/0000950170-25-062859-index.htm,https://www.sec.gov/Archives/edgar/data/354190/000095017025062859/ajg-20250331.htm,16.461963122446726,3.1109638953295797,3.85028155018218,3.7257369990062936,73.71889146516507,98.72452246880866,22.55404659379485,98.57612896102462,3.7155791100806006,78170967000.0,62320467000.0,27.743812819420786,20.97198234694425,89.66616999311769,92.6635455192034,3.502267776578062,3.502267776578062,16.719554381069916,46.53211901739715,71.48482105987611,73.87442745376956,0.0090110181187857,0.0107917303875747,0.0376924834566153,0.0113542351310534,-11.834913760919884,1.4428961010908306,0.0,1.229792636479052,0.0021235505504236,0.2356615559341283,0.5091216397488866,0.0,0.2327651942015528,0.032346868547832,0.0075655953211353,0.1112865035516969,0.0075655953211353,83.06625372634637,0.0289535851436236,0.0123907628657069,-139.82577012255717,16403100000.0,5106800000.0,1697100000.0,34674600000.0,4208050000.0,0.0,0.0,109.14256586360466,0.0,0.0,0.8246095305517455,0.0,0.0,0.0315589983915842,0.124544551175886,2025-05-01,3.57,amc,3710647756.0,2025-05-11,2025-03-31,0.0280112044817927,315.87,1669069.4166666667
2024-12-31,AJG,USD,354190,2025-02-18,2025-02-18 06:04:58,2024,Q4,2716000000.0,1590400000.0,1125600000.0,0.4144329897,0,0.0,0.0,0.0,651900000.0,651900000.0,3190000000.0,0.0,0.0,213000000.0,686700000.0,0.2528350515,473700000.0,0.1744108984,-140500000.0,333200000.0,0.1226804124,75000000.0,258300000.0,0.0951030928,1.14,1.12,226425000,231059000,https://www.sec.gov/Archives/edgar/data/354190/000095017025021775/0000950170-25-021775-index.htm,https://www.sec.gov/Archives/edgar/data/354190/000095017025021775/ajg-20241231.htm,11.99514187920945,1.1407750910897647,3.265098818593353,3.072540576349785,66.19101247653748,89.12266754996135,14.924588715910346,89.00739759302198,59.55702771337087,64270736250.00001,62768636250.00001,62.205513211382126,23.66374677835052,86.93458169890438,92.38283203967228,3.1890607710819463,3.1890607710819463,23.110690813696618,91.40619812145044,84.90279487352902,90.22371172919362,0.004018936378685,0.0108245220234271,0.6691244696950902,0.20986939578431,-2.187418086500655,1.5075903597987752,0.0,2.8632842757552286,0.0020507000182373,0.5102593883081687,0.0,0.0,0.261462107346954,0.0589747058027864,0.0160530191458026,0.2046948356807511,0.0036082474226804,47.79740575783331,0.0103636080006543,0.0054430627817148,-115.56310036435906,14852500000.0,3379300000.0,37700000.0,32680900000.0,3942350000.0,0.0,0.0,129.0983063328424,0.0,0.0,0.6971431504915424,0.0,0.0,0.0128166323467387,0.1925582422435685,2025-01-30,2.03,amc,2703988965.0,2025-04-30,2024-12-31,0.0492610837438424,291.00875,1594846.15625
2024-09-30,AJG,USD,354190,2024-10-29,2024-10-29 16:46:46,2024,Q3,2806800000.0,1662200000.0,1144600000.0,0.4077953541,0,0.0,0.0,0.0,663700000.0,663700000.0,2325900000.0,0.0,0.0,210000000.0,690900000.0,0.2461522018,480900000.0,0.1713339034,-77600000.0,403300000.0,0.1436867607,89200000.0,312600000.0,0.1113723814,1.43,1.4,219300000,223900000,https://www.sec.gov/Archives/edgar/data/354190/000095017024118320/0000950170-24-118320-index.htm,https://www.sec.gov/Archives/edgar/data/354190/000095017024118320/ajg-20240930.htm,12.79890560875513,1.4254445964432283,4.26265389876881,4.0948472412220704,9.31372549019608,55.67533059735522,-19.7765617875057,55.55859553123575,39.11536707706338,61704441000.0,68260041000.0,49.347761516314776,21.9839108593416,66.00817394094993,68.7131859688196,5.064382879185818,5.064382879185818,24.319524369388628,98.79872774641773,73.02101091142491,76.01340868596881,0.0050660859240261,0.0145532474720903,0.7040380827314511,0.1498531690503767,9.488493269648284,1.0591826588445858,0.0,2.976122254059217,0.0021327476250858,0.4209852847088932,0.0,0.0,0.2890604391476992,0.0393667094565682,0.013111016103748,0.1752380952380952,0.0039190537266638,42.2125958119663,0.0166437866973642,0.007681325729001,-182.3939808481532,2083200000.0,-4337000000.0,-7750400000.0,19664600000.0,4083550000.0,0.0,0.5,127.90081231295424,0.0,0.0,0.70367027677497,0.0,0.0,0.0256565988181221,0.1678066575467396,2024-10-24,2.26,amc,2780102800.0,2025-04-24,2024-09-30,0.0,282.02171875,768236.375
2024-06-30,AJG,USD,354190,2024-07-26,2024-07-26 16:43:49,2024,Q2,2775400000.0,1659500000.0,1115900000.0,0.4020681704,0,0.0,0.0,0.0,637200000.0,637200000.0,2296700000.0,0.0,94300000.0,211600000.0,671500000.0,0.2419471067,478700000.0,0.1724796426,-113100000.0,365600000.0,0.1317287598,80200000.0,283400000.0,0.1021114074,1.3,1.27,218800000,222900000,https://www.sec.gov/Archives/edgar/data/354190/000095017024086937/0000950170-24-086937-index.htm,https://www.sec.gov/Archives/edgar/data/354190/000095017024086937/ajg-20240630.htm,12.684643510054844,1.2952468007312614,0.5461608775137111,0.4008226691042048,6.490859232175502,53.01325411334552,-21.50639853747715,52.89076782449726,39.79981718464351,56717336000.00001,63915936000.00001,50.03293577981652,20.435733948259717,474.62205857740594,646.7199087799316,4.901044372434652,4.901044372434652,23.02945016934496,95.18382129560686,534.861389121339,728.8020068415052,0.0049967085901213,0.0015462644437319,0.7443421905379132,0.1367118622009691,10.720178704393147,1.040949684688149,5.076352067868505,0.4216654904728299,0.0023149888422121,0.463302752293578,0.0,0.0,0.2587763082924785,0.2661087866108786,0.0114578078835483,0.1502835538752363,0.0036030842401095,39.26064761042856,0.0170744529692953,0.0060681586542991,-214.1429387545704,1703900000.0,-4705600000.0,-8094900000.0,19046399999.0,4163500000.0,0.0,0.5,135.492901924047,0.0,5.4233202771919255e-08,0.6642414379053682,0.0,1659500000.0,0.0244890905163102,0.1453382084095064,2024-07-25,2.24,amc,2766997350.0,2025-04-24,2024-06-30,0.0089285714285712,248.07968253968252,846758.873015873
2024-03-31,AJG,USD,354190,2024-05-01,2024-05-01 10:24:31,2024,Q1,3256700000.0,1764500000.0,1492200000.0,0.4581938772,0,0.0,0.0,0.0,643400000.0,643400000.0,2407900000.0,0.0,92200000.0,207700000.0,1072600000.0,0.3293517978,848800000.0,0.260631928,-76100000.0,772700000.0,0.2372647158,160000000.0,608400000.0,0.186814874,2.8,2.74,217500000,222000000,https://www.sec.gov/Archives/edgar/data/354190/000095017024050950/0000950170-24-050950-index.htm,https://www.sec.gov/Archives/edgar/data/354190/000095017024050950/ajg-20240331.htm,14.973333333333333,2.797241379310345,3.628965517241379,3.492413793103448,8.118620689655172,52.15724137931034,-22.11310344827586,51.95770114942529,40.05655172413793,53761650000.0,60619150000.0,22.091407790927025,16.508014247551202,68.11307487647282,70.77626382306477,4.757331339374203,4.757331339374203,18.613673350323943,56.5160824165579,76.80115292030914,79.80404160084255,0.0113166169565108,0.0141290306380105,0.7627867053659918,0.1413689670837166,6.393343278016036,1.0464975464533952,9.206073752711497,1.297337278106509,0.002431100961373,0.2148257708744247,0.0,0.0,0.2649210589757593,0.0376282782212086,0.0091196610065403,0.1429947038998555,0.0034083581539595,57.18487747344393,0.0311134143267185,0.0135736612073062,-205.76724137931035,1843000000.0,-4809600000.0,-8152200000.0,19087500000.0,3967650000.0,0.0,13538500000.0,114.65072005404244,0.0,0.0,0.784992889338829,0.0,0.0,0.0538368965029024,0.136551724137931,2024-04-25,3.41,amc,3177669622.0,2025-04-24,2024-03-31,0.0234604105571847,240.38573770491809,889700.5409836066
2023-12-31,AJG,USD,354190,2024-02-09,2024-02-09 17:08:03,2023,Q4,2437800000.0,1467000000.0,970800000.0,0.3982279104,0,0.0,0.0,0.0,640300000.0,640300000.0,2107300000.0,0.0,78200000.0,189700000.0,185700000.0,0.07617524,330500000.0,0.1355730577,-412700000.0,-82200000.0,-0.0337189269,-42600000.0,-32200000.0,-0.0132086307,-0.15,-0.15,216326000,216326000,https://www.sec.gov/Archives/edgar/data/354190/000095017024013370/0000950170-24-013370-index.htm,https://www.sec.gov/Archives/edgar/data/354190/000095017024013370/ajg-20231231.htm,11.269103112894427,-0.1488494217061287,3.206272015384189,2.993629984375433,4.508935587955215,49.99537734715199,-24.47047511625972,49.810471233231326,38.809019720237046,48647390880.0,55993090880.0,-377.6971341614907,19.95544789564361,70.13753010380623,75.11950413835702,4.514713361112916,4.514713361112916,22.968697546968578,301.52445277329025,80.72821637831603,86.46246275478691,-0.0006619060018949,0.0133121219511536,0.7718764210741232,0.1611367062023644,39.55681206246634,1.0338454902188017,4.226342710997442,-17.515151515151516,0.0024482299635305,-3.698757763975155,0.0,0.0,0.3120924213128538,0.0663206459054209,0.0188694724751825,0.2424881391671059,0.0042661416030847,,0.0074020566200152,-0.0009068659894274,-108.38572339894418,1051400000.0,-5293600000.0,-8684400000.0,18287000000.0,3777950000.0,0.0,28890850000.0,139.79571745015997,0.0,1661.1656441717791,0.6437965457138329,0.0,0.0541788233556154,-0.0029883158705558,0.2126420310087553,2024-01-25,1.83,amc,2362860000.0,2025-04-24,2023-12-31,0.0109289617486338,236.8622222222222,894805.2698412698
2023-09-30,AJG,USD,354190,2023-10-27,2023-10-27 16:25:09,2023,Q3,2492000000.0,1462900000.0,1029100000.0,0.4129614767,0,0.0,0.0,0.0,594700000.0,594700000.0,2057600000.0,0.0,72800000.0,171700000.0,606100000.0,0.2432182986,434400000.0,0.174317817,-70300000.0,364100000.0,0.1461075441,80900000.0,280700000.0,0.1126404494,1.3,1.27,215700000,220200000,https://www.sec.gov/Archives/edgar/data/354190/000095017023056014/0000950170-23-056014-index.htm,https://www.sec.gov/Archives/edgar/data/354190/000095017023056014/ajg-20230930.htm,11.553082985628189,1.3013444598980064,4.159480760315253,3.8868799258229023,5.173852573018081,48.72508113120074,-16.430227167362077,48.50950394065832,33.01854427445526,49164501000.0,55186301000.0,43.78740737442109,19.72893298555377,54.79770508247882,58.64086474236641,4.698666889664071,4.698666889664071,22.14538563402889,91.05147830391024,61.50947503343736,65.82335520038168,0.0057094040271048,0.0170529545291225,0.6737038275911502,0.1324959260505339,9.935324203926744,1.0424611082587116,5.967032967032967,3.1680790960451977,0.0024123096459374,0.4225151407196295,0.0,0.0,0.2641535676895866,0.0655372269282211,0.0235955056179775,0.3424577751892836,0.0036516853932584,37.68780200045453,0.0173860205360733,0.0071698778285512,-108.47739916550763,1463800000.0,-3544000000.0,-6756200000.0,16533800000.0,3742800000.0,0.0,31231900000.0,136.1304173354735,0.0,1889.0033495112448,0.6611307139256626,0.0,0.0476441717391799,0.0268265876618722,0.2726008344923505,2023-10-26,1.94,amc,2389960000.0,2025-04-24,2023-09-30,0.0309278350515464,223.82349206349204,714340.2857142857
2023-06-30,AJG,USD,354190,2023-08-04,2023-08-04 13:44:41,2023,Q2,2441900000.0,1448000000.0,993900000.0,0.4070191245,0,0.0,0.0,0.0,609300000.0,609300000.0,2057300000.0,0.0,77800000.0,175700000.0,550900000.0,0.225603014,384600000.0,0.1575003071,-87200000.0,297400000.0,0.1217904091,61600000.0,234500000.0,0.0960317785,1.09,1.07,214900000,219000000,https://www.sec.gov/Archives/edgar/data/354190/000095017023038474/0000950170-23-038474-index.htm,https://www.sec.gov/Archives/edgar/data/354190/000095017023038474/ajg-20230630.htm,11.362959516053978,1.0912052117263844,0.0577012563983248,-0.2173103769194974,4.699860400186133,48.58073522568637,-17.65518845974872,48.37459283387622,35.1042345276873,47185593000.0,53699393000.0,50.30447014925373,19.3233109463942,3805.289758064516,-1010.3981370449678,4.53895293246246,4.53895293246246,21.990823948564643,97.47575422036668,4330.596209677419,-1149.8799357601713,0.0049697372670509,-0.0009897088715193,0.7181911751974374,0.1373323375983165,11.82392448720276,1.035317290833071,4.943444730077121,0.0525869380831212,0.0025113597703434,0.5053304904051172,0.0,0.0,0.2618237401867371,4.766129032258065,0.024202465293419,0.3363688104723961,0.0033170891518899,34.463004451846906,0.0153330919498584,0.0058433484255353,-112.83585388552817,1256900000.0,-3794100000.0,-7079500000.0,16508500000.0,3621400000.0,0.0,27581250000.0,136.9699823907613,0.0,1973.9772099447512,0.657078276780669,0.0,0.0455932315462339,0.022557403541849,0.2750116333178222,2023-07-27,1.86,amc,2360790000.0,2025-04-24,2023-06-30,0.0215053763440859,208.09629032258064,921323.7096774194
2023-03-31,AJG,USD,354190,2023-05-08,2023-05-08 16:22:13,2023,Q1,2706100000.0,1448700000.0,1257400000.0,0.46465393,0,0.0,0.0,0.0,541900000.0,541900000.0,1990600000.0,0.0,67900000.0,159400000.0,833100000.0,0.30786002,715500000.0,0.2644026459,-109700000.0,605800000.0,0.2238646022,119200000.0,486500000.0,0.1797790178,2.29,2.24,212800000,217000000,https://www.sec.gov/Archives/edgar/data/354190/000095017023018841/0000950170-23-018841-index.htm,https://www.sec.gov/Archives/edgar/data/354190/000095017023018841/ajg-20230331.htm,12.716635338345863,2.286184210526316,2.0136278195488724,1.87406015037594,7.283364661654136,46.3265977443609,-15.267857142857142,46.13627819548872,34.0046992481203,40710768000.0,46329168000.0,20.92023021582734,15.04407375928458,95.00762660443408,102.08316950852556,4.146628368881012,4.146628368881012,17.120271978123498,55.61057256031689,108.11941190198368,116.17143430290872,0.0119501553004355,0.0097959340880034,0.7301330236916621,0.1589620884189611,6.743968311127116,1.062087342272021,10.537555228276878,0.8806000822030415,0.0028837579286148,0.2413155190133607,0.0,0.0,0.2906635857223957,0.0693115519253208,0.0109752041683603,0.1863237139272271,0.0014042348767599,48.71561034942451,0.0305155665392327,0.0152092562314182,-90.88169642857144,1682300000.0,-3249000000.0,-6458100000.0,15726000000.0,1763250000.0,9349100000.0,14012650000.0,117.28502272643289,0.0,1453.9283495547734,0.7673614064936907,0.0,0.0619012622097643,0.0495528529813196,0.1395676691729323,2023-04-27,3.0,amc,2671810000.0,2025-04-24,2023-03-31,0.0099999999999999,189.7358064516129,900844.1129032258
2022-12-31,AJG,USD,354190,2023-02-10,2023-02-10 15:16:33,2022,Q4,2018200000.0,1208000000.0,810200000.0,0.4014468338,0,0.0,0.0,0.0,522200000.0,522200000.0,1730200000.0,0.0,64000000.0,154000000.0,340000000.0,0.1684669507,288000000.0,0.1427014171,-166000000.0,122000000.0,0.0604499059,-13500000.0,135500000.0,0.0671390348,0.64,0.63,211411000,215831000,https://www.sec.gov/Archives/edgar/data/354190/000095017023002456/0000950170-23-002456-index.htm,https://www.sec.gov/Archives/edgar/data/354190/000095017023002456/ajg-20221231.htm,9.546333918291856,0.6409316449948205,0.9479166173945536,0.7473594089238498,1.886372989106527,43.47077493602509,-17.36569998722867,43.250351211620966,30.64693890100326,39859429940.0,45932229940.0,73.54138365313653,19.749990060449907,198.899350998004,252.2748730379747,4.359270958922087,4.359270958922087,22.75900799722525,135.09479394117648,229.20274421157688,290.7103160759494,0.0033994465099969,0.0039639302478192,0.7015945579421672,0.1648795357229141,17.861176470588234,1.0432474415204678,4.5,1.4789667896678966,0.0027095219415473,0.7970479704797048,0.0,0.0,0.33056353738839,0.2115768463073852,0.0210088197403627,0.2753246753246753,0.0036666336339312,24.97422014488198,0.0182036372382305,0.0052022744113367,-127.7504481791392,946600000.0,-3671300000.0,-6883000000.0,14731000000.0,8866200000.0,18985800000.0,4672500000.0,0.0,1393.0778145695365,344.34685430463577,0.0,0.0646051491587425,0.2613643739587615,0.0148191084474386,0.200557208470704,2023-01-26,1.5,amc,1955165725.0,2025-04-24,2022-12-31,0.0266666666666666,187.0320634920635,867591.8888888889
2022-09-30,AJG,USD,354190,2022-11-02,2022-11-02 16:51:10,2022,Q3,2045300000.0,1213800000.0,831500000.0,0.4065418276,0,0.0,0.0,0.0,467000000.0,467000000.0,1680800000.0,0.0,64400000.0,145500000.0,524900000.0,0.2566371681,364500000.0,0.178213465,-49500000.0,315000000.0,0.1540116364,58700000.0,255800000.0,0.1250672273,1.21,1.19,210700000,215000000,https://www.sec.gov/Archives/edgar/data/354190/000095017022021298/0000950170-22-021298-index.htm,https://www.sec.gov/Archives/edgar/data/354190/000095017022021298/ajg-20220930.htm,9.70716658756526,1.214048410061699,5.489795918367347,5.256288561936403,2.627906976744186,40.95443758898909,-15.474608448030375,40.691979117228286,31.39012814428097,36076054000.0,42071854000.0,35.258066849100864,17.638514643328605,31.188773234200745,32.5743151241535,4.20770883388929,4.20770883388929,20.57001613455239,80.15213183463517,36.37231261346936,37.988130022573365,0.0070905759260699,0.030699033769048,0.7638969884998483,0.1693786561428372,11.42274718994094,1.0596706536163087,5.659937888198757,4.513070620366758,0.0029798159188917,0.4202501954652072,0.0,0.0,0.3074806428087452,0.0425347972680902,0.0240551508336185,0.3381443298969072,0.0036669437246369,33.33985201473657,0.0175523900835502,0.0095525464743709,-65.61058376839108,1340000000.0,-3260500000.0,-6242100000.0,14138800000.0,18474850000.0,19827300000.0,4494600000.0,780.2845548330318,1429.0706870983688,350.20514087988136,0.1153425368252464,0.0629779903909014,0.2569922296796595,0.0298350789614873,0.2335073564309444,2022-10-27,1.67,amc,2033980222.0,2025-04-24,2022-09-30,0.029940119760479,177.50859375,873115.90625
2022-06-30,AJG,USD,354190,2022-08-03,2022-08-03 16:28:10,2022,Q2,2040200000.0,1195700000.0,844500000.0,0.4139300069,0,0.0,0.0,0.0,464200000.0,464200000.0,1659900000.0,0.0,64600000.0,140300000.0,557200000.0,0.2731104794,380300000.0,0.1864032938,-28000000.0,352300000.0,0.1726791491,67200000.0,284200000.0,0.1393000686,1.35,1.33,210200000,214300000,https://www.sec.gov/Archives/edgar/data/354190/000095017022014287/0000950170-22-014287-index.htm,https://www.sec.gov/Archives/edgar/data/354190/000095017022014287/ajg-20220630.htm,9.705994291151285,1.3520456707897242,1.587535680304472,1.3334919124643196,2.490960989533777,42.15889628924833,-16.01094196003806,41.90627973358706,32.476688867745004,34271008000.0,40509408000.0,30.14691062631949,16.79786687579649,102.70005394066526,122.26545843738852,3.890586352129144,3.890586352129144,19.85560631310656,72.70173725771716,121.39468984117472,144.5216125579736,0.0082927236922824,0.0081789248801786,0.7676501640423672,0.1690905817396175,11.195979899497488,1.0527426429607696,5.886996904024768,1.17046650298141,0.0031309262919841,0.3775510204081632,0.0,0.0,0.3057558814115387,0.160023973629008,0.0261739045191647,0.3806129722024234,0.0034800509753945,35.70479088421804,0.0177148948857245,0.0102366090242083,-66.88380114176974,1239700000.0,-3365500000.0,-6384200000.0,14399800000.0,20694850000.0,21778300000.0,4188100000.0,847.738947162043,1534.0871456050847,321.1081374926821,0.1061647577963605,0.0586668105901517,0.2802794121094207,0.0322635576191719,0.2540437678401522,2022-07-28,1.68,amc,2022808625.0,2025-04-24,2022-06-30,0.0119047619047619,165.95967741935485,955927.1935483871
2022-03-31,AJG,USD,354190,2022-05-06,2022-05-06 08:35:56,2022,Q1,2433900000.0,1335700000.0,1098200000.0,0.4512099922,0,0.0,0.0,0.0,477100000.0,477100000.0,1812800000.0,0.0,63900000.0,159800000.0,761400000.0,0.3128312585,621100000.0,0.2551871482,-83400000.0,537700000.0,0.2209211553,98600000.0,438700000.0,0.1802456962,2.1,2.05,209000000,213500000,https://www.sec.gov/Archives/edgar/data/354190/000156459022018462/0001564590-22-018462-index.htm,https://www.sec.gov/Archives/edgar/data/354190/000156459022018462/ajg-10q_20220331.htm,11.645454545454545,2.099043062200957,2.0794258373205743,1.8990430622009569,2.529186602870813,43.26842105263158,-17.04401913875598,43.01148325358851,31.49043062200957,36491400000.0,42480400000.0,20.79519033508092,14.992974238875878,83.96548550391164,91.94104308390024,4.059381048790798,4.059381048790798,17.453634085213032,55.792487522983976,97.74597330878969,107.03048626858153,0.0120220106655266,0.0108765352932471,0.7250317040069415,0.1510049465380026,7.865773574993433,1.052572595697806,9.719874804381847,0.98975176497381,0.0029239766081871,0.2432186004103031,0.0,0.0,0.2920496275616,0.0867464335020708,0.0154895435309585,0.2359198998748435,0.0009860717367188,45.07068336695591,0.0290827827472316,0.0143571517400723,-71.31794258373206,1374500000.0,-3562200000.0,-6599100000.0,14867100000.0,17282700000.0,18510500000.0,4086900000.0,819.8841365709355,1561.5677173017891,276.9401811784083,0.1097716079450127,0.0576343881874746,0.3249799274956814,0.0488019222639998,0.1803827751196172,2022-04-28,2.77,amc,2410370639.0,2025-04-24,2022-03-31,0.0144404332129964,159.42838709677417,1013357.5161290322
2021-12-31,AJG,USD,354190,2022-02-18,2022-02-18 16:59:42,2021,Q4,1962800000.0,1274800000.0,688000000.0,0.3505196658,0,0.0,0.0,0.0,466800000.0,466800000.0,1741600000.0,0.0,61500000.0,146500000.0,321000000.0,0.1635418789,221200000.0,0.1126961484,-108200000.0,113000000.0,0.0575708172,-7900000.0,109400000.0,0.0557367027,0.53,0.51,207797000,212864000,https://www.sec.gov/Archives/edgar/data/354190/000156459022005714/0001564590-22-005714-index.htm,https://www.sec.gov/Archives/edgar/data/354190/000156459022005714/ajg-10k_20211231.htm,9.44575715722556,0.5264753581620524,2.708893776137288,2.5866590951746176,1.937467817148467,41.19453120112417,-19.53878063687156,40.945730689085984,32.023561456613905,35256916990.0,41447216990.0,80.56882310329067,17.962562151008765,62.63442350328654,65.59426416744186,4.143777559823233,4.143777559823233,21.11637303342164,129.1190560436137,73.6315810801208,77.11110137674419,0.0031029372202631,0.0152452354286239,0.7748695406892012,0.1977177987704303,19.284423676012462,1.0558948311921124,3.5967479674796747,4.655913978494624,0.0028306502247007,0.9122486288848264,0.0,0.0,0.3784735342630079,0.0451234677562622,0.0129406969635215,0.1733788395904436,0.0021907479111473,22.02341163782824,0.0138534732417879,0.0052786999150775,-62.82910725371397,935400000.0,-4060100000.0,-7114500000.0,14415000000.0,10402100000.0,11503650000.0,3670450000.0,568.2545343386998,977.4898023219328,286.8944148101663,0.1583797304930202,0.0920725717917605,0.3137042596648374,0.0128578816228668,0.1222346809626703,2022-01-27,0.93,amc,1902166667.0,2025-04-24,2021-12-31,0.0537634408602149,163.41,891064.4375
2021-09-30,AJG,USD,354190,2021-10-29,2021-10-29 06:05:53,2021,Q3,2133900000.0,1399200000.0,734700000.0,0.3442991705,0,0.0,0.0,0.0,396900000.0,396900000.0,1796100000.0,0.0,60300000.0,131300000.0,423000000.0,0.1982285955,337800000.0,0.1583017011,-106400000.0,231400000.0,0.1084399456,-7200000.0,225100000.0,0.1054876049,1.09,1.06,207000000,211500000,https://www.sec.gov/Archives/edgar/data/354190/000156459021052810/0001564590-21-052810-index.htm,https://www.sec.gov/Archives/edgar/data/354190/000156459021052810/ajg-10q_20210930.htm,10.308695652173911,1.08743961352657,2.18792270531401,1.97536231884058,13.21304347826087,40.91835748792271,-2.3980676328502417,40.67729468599034,28.25217391304348,30770550000.0,33823350000.0,34.17431141714793,14.419865035849853,67.94115698829764,75.25201760821717,3.654372817747797,3.654372817747797,15.850485027414592,79.96063829787234,74.68171781850297,82.71790168745414,0.0073154363506664,0.0132886802478343,0.6873827225006532,0.2150372643577378,7.217021276595744,1.2983327329799823,5.601990049751244,1.89815590947192,0.0029183748746772,0.3989338071968014,0.0,0.0,0.3331314692485455,0.0971516891145948,0.0206195229392192,0.3351104341203351,0.0004217629692113,31.547857079117023,0.0221993888466033,0.0125408790314942,-37.50531400966184,3478500000.0,-496400000.0,-3307400000.0,13229800000.0,8659700000.0,9439200000.0,1638600000.5,354.7532686630114,589.3031732418525,210.79759862778727,0.2536974510176907,0.1527227479616228,0.4269498352251922,0.0267333317498396,0.2125603864734299,2021-10-28,1.21,amc,1821250000.0,2025-04-24,2021-09-30,0.0991735537190083,143.08359375,1037145.734375
2021-06-30,AJG,USD,354190,2021-07-30,2021-07-30 16:22:30,2021,Q2,1932900000.0,1242600000.0,690300000.0,0.3571317709,0,0.0,0.0,0.0,398600000.0,398600000.0,1641200000.0,0.0,56200000.0,145200000.0,423700000.0,0.2192043044,291700000.0,0.1509131357,-69400000.0,222300000.0,0.1150085364,20500000.0,190200000.0,0.0984013658,0.94,0.92,201300000,205800000,https://www.sec.gov/Archives/edgar/data/354190/000156459021039508/0001564590-21-039508-index.htm,https://www.sec.gov/Archives/edgar/data/354190/000156459021039508/ajg-10q_20210630.htm,9.602086438152012,0.9448584202682564,1.9970193740685545,1.8380526577247889,15.917039244908098,41.50024838549429,-3.5946348733233977,41.29508196721312,31.97764530551416,28198104000.000004,31374904000.000004,37.06375394321767,14.58849604221636,70.14453731343283,76.2110918918919,3.3921714966256453,3.3921714966256453,16.232036835842518,74.04980882700025,78.0470248756219,84.79703783783785,0.0067451343537139,0.0131214495839862,0.7676085988908538,0.2293868541765526,7.497757847533633,1.3259214893563924,5.190391459074733,1.99207135777998,0.0037236546116717,0.5520504731861199,0.0,0.0,0.3263304717944293,0.0796019900497512,0.0165554348388431,0.2203856749311294,0.0023281080242123,29.629463934211763,0.016384116444036,0.0101496296612521,-47.58047689766518,3918000000.0,-723600000.0,-3523900000.0,13808800000.0,8827800000.0,9460850000.0,1417300000.5,414.7850380257644,703.7687107677451,7.24287783679382e-08,0.2169798612514312,0.1278829232146716,1242600000.0,0.022880652495579,0.1589667163437655,2021-07-29,1.14,amc,1569730000.0,2025-04-24,2021-06-30,0.0263157894736842,141.31761904761905,1145292.7142857143
2021-03-31,AJG,USD,354190,2021-04-30,2021-04-29 18:05:49,2021,Q1,2160900000.0,1317100000.0,843800000.0,0.3904854459,0,0.0,0.0,0.0,376400000.0,376400000.0,1693500000.0,0.0,48100000.0,143300000.0,599800000.0,0.2775695312,467400000.0,0.2162987644,-59000000.0,408400000.0,0.188995326,14700000.0,382100000.0,0.1768244713,1.96,1.92,194600000,199100000,https://www.sec.gov/Archives/edgar/data/354190/000156459021022079/0001564590-21-022079-index.htm,https://www.sec.gov/Archives/edgar/data/354190/000156459021022079/ajg-10q_20210331.htm,11.10431654676259,1.9635149023638232,1.4712230215827338,1.3314491264131552,2.704522096608428,34.83812949640288,-11.357656731757451,34.589414182939365,25.080678314491266,24280242000.0,28586542000.0,15.88605208060717,11.236171039844509,84.80699266503667,93.70992666923968,3.607172973213887,3.607172973213887,13.228998102642418,47.66012337445815,99.84820817324484,110.33015052103435,0.0157370754377159,0.0106712280709558,0.7179510035506826,0.1979397489196993,7.179559853284428,1.0999913164293158,9.717255717255718,0.7272034544069088,0.0040114921424588,0.2549070923841926,0.0,0.0,0.3682115136496754,0.0950052392595179,0.0125873478643157,0.1898115840893231,0.0017122495256606,39.09128649424717,0.0345274522765791,0.0247717960686686,-46.92112024665982,1151500000.0,-2210200000.0,-4967500000.0,10960600000.0,7820250000.0,8494800000.0,2872150000.0,364.323198667222,628.9955204616202,193.6937210538304,0.2470334042115371,0.1430852797392721,0.4646510971565653,0.0567663531963572,0.1397738951695786,2021-04-29,1.84,amc,1699150000.0,2025-04-24,2021-03-31,0.0978260869565217,120.6890163934426,900192.0983606557
2020-12-31,AJG,USD,354190,2021-02-08,2021-02-05 17:42:30,2020,Q4,1714000000.0,1137500000.0,576500000.0,0.3363477246,0,0.0,0.0,0.0,364300000.0,364300000.0,1501800000.0,0.0,47800000.0,133500000.0,315000000.0,0.1837806301,212200000.0,0.1238039673,-78500000.0,133700000.0,0.0780046674,-19400000.0,142200000.0,0.0829638273,0.74,0.72,192874000,197420000,https://www.sec.gov/Archives/edgar/data/354190/000156459021004555/0001564590-21-004555-index.htm,https://www.sec.gov/Archives/edgar/data/354190/000156459021004555/ajg-10k_20201231.htm,8.886630650061699,0.7372688905710464,1.891908707238923,1.7892510136151063,3.445772887999419,32.31487914389705,-11.894812157159596,32.07378910584112,25.47414374151,23860442540.0,28061342540.0,41.94873864275668,13.9209116336056,65.38899024390243,69.14066224282817,3.8570435065144992,3.8570435065144992,16.37184512252042,89.08362711111111,76.90145941353795,81.3136555780933,0.0059596547617092,0.0144632690454701,0.7865086806116841,0.2178770699553095,13.336190476190476,1.0976023680315738,4.439330543933054,2.3834095362508165,0.0036587753916822,0.6139240506329114,0.0,0.0,0.3818345468712217,0.0542614414908194,0.0115519253208868,0.148314606741573,0.0020420070011668,23.066374996640608,0.0194781904871822,0.0103009888079973,-45.674507709696485,989200000.0,-2294200000.0,-4974500000.0,10340700000.0,7016400000.0,7868750000.0,2877300000.0,361.9480746791132,615.9243956043956,230.218021978022,0.2486544515530022,0.146121830280297,0.3909337732412276,0.0229866476997187,0.1026576936238165,2021-01-28,0.78,amc,1451700000.0,2025-04-24,2020-12-31,0.1282051282051281,113.8796875,827143.140625
2020-09-30,AJG,USD,354190,2020-10-30,2020-10-30 17:11:38,2020,Q3,1845700000.0,1234300000.0,611400000.0,0.3312564339,0,0.0,0.0,0.0,337100000.0,337100000.0,1571400000.0,0.0,48100000.0,133900000.0,391500000.0,0.2121146449,274300000.0,0.1486157014,-64800000.0,209500000.0,0.1135070705,21700000.0,176600000.0,0.0956818551,0.92,0.9,191900000,196300000,https://www.sec.gov/Archives/edgar/data/354190/000156459020049355/0001564590-20-049355-index.htm,https://www.sec.gov/Archives/edgar/data/354190/000156459020049355/ajg-10q_20200930.htm,9.61803022407504,0.9202709744658676,3.050547159979156,2.942678478374153,3.2824387701928086,30.31891610213653,-11.511203751954143,30.076602397081817,25.6607608129234,20260802000.0,24507102000.0,28.68176953567384,10.977299669502086,34.61018448923813,35.87887727997167,3.5103699083458944,3.5103699083458944,13.277944411334452,62.59796168582376,41.86385719166382,43.398445192137416,0.0087163380798055,0.0278715521725151,0.844846405738344,0.2235261220541923,10.846232439335887,1.1070553117463329,5.702702702702703,3.1171458998935035,0.0042742631806973,0.4903737259343148,0.0,0.0,0.3679686819559108,0.0353604373078237,0.0112152570840331,0.1545929798356982,0.0018421195210489,24.955340999937487,0.0204638946622401,0.0128085177368234,-44.76068264721209,1083100000.0,-2209000000.0,-4796400000.0,9915400000.0,7195300000.0,7951700000.0,2748950000.0,348.1459608820502,579.892246617516,207.43822409462857,0.2585122624199896,0.1552012473437362,0.4338641077015009,0.0305975709063187,0.1078686816050026,2020-10-29,0.92,amc,4514814814.0,2025-04-24,2020-09-30,0.1739130434782609,103.72296875,841463.0
2020-06-30,AJG,USD,354190,2020-07-31,2020-07-31 14:55:52,2020,Q2,1583000000.0,1009200000.0,573800000.0,0.3624763108,0,0.0,0.0,0.0,337400000.0,337400000.0,1346600000.0,0.0,50000000.0,122600000.0,344300000.0,0.2174984207,236400000.0,0.1493367025,-64700000.0,171700000.0,0.10846494,9900000.0,153700000.0,0.0970941251,0.81,0.79,190500000,194100000,https://www.sec.gov/Archives/edgar/data/354190/000156459020035149/0001564590-20-035149-index.htm,https://www.sec.gov/Archives/edgar/data/354190/000156459020035149/ajg-10q_20200630.htm,8.30971128608924,0.8068241469816273,3.640944881889763,3.4871391076115485,1.8356955380577429,29.05249343832021,-12.8498687664042,28.811548556430445,26.256692913385827,18571845000.0,23174045000.0,30.20794567338972,11.732056222362605,26.77601643598616,27.95701490290531,3.3837126043071093,3.3837126043071093,14.639320909665193,67.30771129828638,33.41125288350634,34.88490892668975,0.0082759682734806,0.035769197944523,0.902215501220712,0.2324159164937905,13.366831251815276,1.090875912408759,4.728,4.286773794808405,0.0046360498916505,0.5601821730644112,0.0,0.0,0.3746515098891402,0.0422433679354094,0.0185091598231206,0.2389885807504078,0.0021478205938092,22.869886192619955,0.0189256024785101,0.0115357480598628,-45.445275590551184,896400000.0,-2447900000.0,-5011300000.0,9702400000.0,7355000000.0,7864600000.0,2466700000.0,412.2432090966519,709.0219976218787,236.59334126040423,0.2183177260753837,0.1269354128671152,0.3803995476818695,0.0280034981598221,0.1538057742782152,2020-07-30,0.72,amc,1230127659.0,2025-04-24,2020-06-30,0.3055555555555555,88.54857142857144,1362398.365079365
2020-03-31,AJG,USD,354190,2020-05-05,2020-05-05 16:31:26,2020,Q1,1866700000.0,1119300000.0,747400000.0,0.4003857074,0,0.0,0.0,0.0,430100000.0,430100000.0,1549400000.0,0.0,50500000.0,172400000.0,578900000.0,0.3101194622,317300000.0,0.1699791075,38700000.0,356000000.0,0.1907108802,600000.0,346300000.0,0.1855145444,1.83,1.79,188700000,193200000,https://www.sec.gov/Archives/edgar/data/354190/000156459020021299/0001564590-20-021299-index.htm,https://www.sec.gov/Archives/edgar/data/354190/000156459020021299/ajg-10q_20200331.htm,9.892421833598304,1.8351881293057764,0.575516693163752,0.419183889772125,1.869634340222576,26.86857445680975,-14.477477477477477,26.65341812400636,27.88871224165342,15380937000.000002,20240237000.0,11.103766243141786,8.239640542133177,141.62925414364642,194.4492667509482,3.058144348344766,3.058144348344766,10.84279048588418,34.96326999481776,186.3741896869245,255.88163084702907,0.0225148831959977,0.0051427296009339,1.036305795804752,0.2501427782976987,8.394023147348419,1.0700766431519242,6.283168316831683,0.3055711873944851,0.005682358623535,0.2523823274617384,0.0,0.0,0.3744390852590406,0.2716390423572744,0.015803289226978,0.1711136890951276,0.0017678255745433,33.17477689900112,0.0273632529149297,0.0265679542751927,-45.99403815580286,689400000.0,-2731900000.0,-5239200000.0,9320500000.0,6675400000.0,7063600000.0,2149750000.0,359.6287566293459,625.465022782096,183.36102921468776,0.250258074030379,0.1438929384087315,0.4908349412383792,0.068853762799483,0.1563328033916269,2020-04-30,1.73,amc,1764883606.0,2025-04-24,2020-03-31,0.0578034682080925,95.76129032258063,1088104.9516129033
2019-12-31,AJG,USD,354190,2020-02-07,2020-02-07 16:20:36,2019,Q4,1708400000.0,1176100000.0,532300000.0,0.3115780848,0,0.0,0.0,0.0,409900000.0,409900000.0,1586000000.0,0.0,48100000.0,129600000.0,261700000.0,0.153184266,122400000.0,0.0716459845,-38400000.0,84000000.0,0.0491688129,-21600000.0,98500000.0,0.0576562866,0.53,0.51,187355000,191755000,https://www.sec.gov/Archives/edgar/data/354190/000119312520028191/0001193125-20-028191-index.htm,https://www.sec.gov/Archives/edgar/data/354190/000119312520028191/d879025d10k.htm,9.11851832083478,0.5257399055269408,1.868645085532812,1.702650049371514,3.228096394545115,27.83752768807878,-14.52696752155,27.517280029889783,26.66435376691308,17841816650.0,22184616650.0,45.28379860406091,10.443582679700304,50.962058411882325,55.93045971786834,3.460734487440597,3.460734487440597,12.985610307890424,84.77117558272832,63.36651428163382,69.54425282131662,0.0055207382707858,0.0178793452627482,0.959674134419552,0.2519811762788518,16.594573939625526,1.0220266786234726,2.544698544698545,3.315340909090909,0.0045567108773085,0.8253807106598985,0.0,0.0,0.4042414488561126,0.0888317623536132,0.0182041676422383,0.2399691358024691,0.0020487005385155,18.0417841294489,0.0133752551818683,0.0084205307071536,-44.760881748552215,196500000.0,-2721700000.0,-5301800000.0,8994600000.0,6045600000.0,6461200000.0,1009550000.0,310.37988761414186,485.8132811835728,154.50982059348695,0.2899672420523788,0.1852563597700244,0.5824872467931257,0.0191058093298419,0.165995036161298,2020-01-30,0.52,amc,1543324137.0,2025-04-24,2019-12-31,0.1153846153846152,91.58765625,766861.625
2019-09-30,AJG,USD,354190,2019-10-25,2019-10-25 13:28:40,2019,Q3,1821900000.0,1270800000.0,551100000.0,0.3024864153,0,0.0,0.0,0.0,387300000.0,387300000.0,1658100000.0,0.0,46600000.0,119300000.0,280700000.0,0.154069927,163800000.0,0.0899061419,-49000000.0,114800000.0,0.0630111422,-22300000.0,126100000.0,0.0692134585,0.68,0.66,186300000,190700000,https://www.sec.gov/Archives/edgar/data/354190/000119312519274533/0001193125-19-274533-index.htm,https://www.sec.gov/Archives/edgar/data/354190/000119312519274533/d814529d10q.htm,9.77938808373591,0.6768652710681696,1.8760064412238324,1.7020933977455717,3.1073537305421364,26.366076221148685,-13.29200214707461,25.99731615673645,26.075147611379496,16686890999.999998,20919191000.0,33.08265463917525,9.159059772764696,47.74503862660944,52.62343424787133,3.445355645943881,3.445355645943881,11.48207420824414,74.52508371927324,59.85462374821173,65.9703279722485,0.0075568300889602,0.0190029406915883,0.9933722874899346,0.250925742419343,15.077662985393658,1.0468751753470469,3.515021459227468,2.549234135667396,0.0048001751794267,0.6352101506740682,0.0,0.0,0.385333110807456,0.0927038626609442,0.0177836324715955,0.2715842414082146,0.0018661836544266,19.89787199848698,0.0179088430543739,0.0106995884773662,-48.48778851315083,417700000.0,-2476300000.0,-4933200000.0,8649300000.0,6346500000.0,6723850000.0,1017150000.0,306.2489708546024,465.5736543909349,0.0,0.2938785385918219,0.1933099073609273,0.0,0.0260359672124378,0.1739130434782608,2019-10-24,0.79,amc,1802385000.0,2025-04-24,2019-09-30,0.0126582278481012,89.90046875,953837.96875
2019-06-30,AJG,USD,354190,2019-07-26,2019-07-26 13:44:22,2019,Q2,1655900000.0,1131300000.0,524600000.0,0.3168065704,0,0.0,0.0,0.0,372700000.0,372700000.0,1504000000.0,0.0,44900000.0,115000000.0,265400000.0,0.1602753789,151900000.0,0.0917325925,-46400000.0,105500000.0,0.0637115768,-15900000.0,110100000.0,0.0664895223,0.59,0.58,185769000,189768000,https://www.sec.gov/Archives/edgar/data/354190/000119312519203706/0001193125-19-203706-index.htm,https://www.sec.gov/Archives/edgar/data/354190/000119312519203706/d754599d10q.htm,8.913758485000189,0.5926715436913587,2.7765665961489807,2.582777535541452,2.75772599303436,26.63415316872029,-12.396578546474386,26.265953953565987,25.570466547163413,16615179360.0,20808179360.0,37.727473569482285,10.033926783018298,32.21244544397053,34.62938591079617,3.405168537115219,3.405168537115219,12.5660845220122,78.40308726450641,40.34156525785188,43.36844385160484,0.0066264707478908,0.0288772085816351,0.964319383530762,0.2450638792102207,15.79879427279578,1.0688385110551355,3.3830734966592426,4.248764415156508,0.0048208928874301,0.7275204359673024,0.0,0.0,0.3776347244574303,0.0697944939899185,0.021740443263482,0.3130434782608696,0.0021136542061718,18.715217824385245,0.016139554185279,0.0092136975296244,-42.27252663253826,614900000.0,-2302900000.0,-4705100000.0,8692000000.0,6583500000.0,6807600000.0,1851800000.0,352.92892082855246,546.8416865552904,161.83770883054893,0.255008855008855,0.1645814542174634,0.5561126677481197,0.0225642497028323,0.1937890606075287,2019-07-25,0.61,amc,1555781538.0,2025-04-24,2019-06-30,0.0655737704918033,83.43825396825396,901887.4761904762
2019-03-31,AJG,USD,354190,2019-04-29,2019-04-29 09:58:14,2019,Q1,1933500000.0,1252700000.0,680800000.0,0.3521075769,0,0.0,0.0,0.0,373000000.0,373000000.0,1625700000.0,0.0,40200000.0,110500000.0,472500000.0,0.2443754849,307800000.0,0.159193173,14000000.0,321800000.0,0.1664339281,-29900000.0,334100000.0,0.1727954487,1.81,1.77,184521000,188362000,https://www.sec.gov/Archives/edgar/data/354190/000119312519124014/0001193125-19-124014-index.htm,https://www.sec.gov/Archives/edgar/data/354190/000119312519124014/d716608d10q.htm,10.478482123985888,1.810634019976046,-0.5213498734561378,-0.7343337614688843,4.723039654023119,26.87065428867175,-9.12687444789482,26.448480118794063,24.686621035004144,14582694630.0,18226194630.0,10.91192354833882,7.542122901474011,-151.58726226611225,-107.62136258302584,2.988073403274389,2.988073403274389,9.426529418153608,38.57395688888889,-189.46148264033263,-134.51066147601475,0.0229107177018353,-0.0092918355240906,0.925148044177612,0.2423328359650912,7.711111111111111,1.1194271755866587,7.656716417910448,-0.2735285754904748,0.0054585247802038,0.2382520203531876,0.0,0.0,0.3565110512360853,-0.4085239085239085,0.0203258339798293,0.3556561085972851,0.0018619084561675,32.82516797054273,0.0320737576198953,0.0278669791727485,-37.72971640084327,1031600000.0,-1684100000.0,-4003700000.0,8492900000.0,6019700000.0,6240800000.0,1649450000.0,310.6361520558573,484.3346371836833,119.93055001197416,0.2897280287705102,0.1858219360963598,0.750434313784221,0.0684589062147818,0.2129838880127465,2019-04-25,1.61,amc,1966175460.0,2025-04-24,2019-03-31,0.012422360248447,77.03311475409835,1166173.7049180327
2018-12-31,AJG,USD,354190,2019-02-08,2019-02-08 16:36:10,2018,Q4,1657400000.0,1228400000.0,429000000.0,0.2588391456,0,0.0,0.0,0.0,346900000.0,346900000.0,1575300000.0,0.0,36500000.0,109800000.0,189500000.0,0.1143357065,82100000.0,0.0495354169,-38900000.0,43200000.0,0.026064921,-84600000.0,117300000.0,0.0707735007,0.64,0.63,183834000,187513000,https://www.sec.gov/Archives/edgar/data/354190/000119312519032304/0001193125-19-032304-index.htm,https://www.sec.gov/Archives/edgar/data/354190/000119312519032304/d618065d10k.htm,9.015742463309287,0.6380756552106792,1.4170392854423013,1.234265696225943,3.302979862267045,24.857752102440244,-9.948649324934452,24.47262203944863,19.838006027176693,13548565800.0,16551765800.0,28.875886189258317,8.174590201520454,52.00984952015355,59.71161657117673,3.011528551423681,3.011528551423681,9.986584891999517,87.3444105540897,63.53844836852208,72.94740326134861,0.0086577429472276,0.0167471600573397,0.8025072795572251,0.2210358760866903,15.84802110817942,1.055253717375481,2.249315068493151,2.038341158059468,0.0055799264007707,0.6445012787723785,0.0,0.0,0.3917350312232154,0.1289827255278311,0.0202727163026426,0.3060109289617486,0.0021720767467117,18.74422971762913,0.0265169297843381,0.0118062684944743,-34.36728243959224,425100000.0,-1828900000.0,-3645600000.0,7260600000.0,5349350000.0,5716900000.0,1642550000.0,291.3786653795101,420.5617062845979,119.39433409312927,0.3088764233399802,0.213999512212118,0.7538046146293569,0.0260730400764631,0.1827735892163582,2019-01-31,0.52,amc,1626128301.0,2025-04-24,2018-12-31,0.0192307692307692,74.65634920634922,1114163.1904761903
2018-09-30,AJG,USD,354190,2018-10-26,2018-10-26 15:33:39,2018,Q3,1777900000.0,1311800000.0,466100000.0,0.2621632263,0,0.0,0.0,0.0,333900000.0,333900000.0,1645700000.0,0.0,36700000.0,106200000.0,233200000.0,0.1311659823,132200000.0,0.0743573879,-41900000.0,90300000.0,0.0507902582,-48100000.0,127600000.0,0.0717700658,0.7,0.68,183288000,186766000,https://www.sec.gov/Archives/edgar/data/354190/000119312518309015/0001193125-18-309015-index.htm,https://www.sec.gov/Archives/edgar/data/354190/000119312518309015/d605566d10q.htm,9.70003491772511,0.6961721443847934,1.043712627122343,0.8904019903103313,3.300816201824451,25.16640478372834,-9.060604076644406,24.794312775522677,19.46226703330278,13777758960.0,16703258960.0,26.99404184952978,7.74945663985601,72.02174051228438,84.42254264705882,3.0317436373638467,3.0317436373638467,9.394937263063165,71.62632487135507,87.31447443805541,102.34840049019608,0.0092613029717279,0.0118451774685423,0.7768731433601056,0.2190856795348346,12.545025728987993,1.0891062430954113,3.6021798365122617,1.3822254335260116,0.0054653300452281,0.5901253918495298,0.0,0.0,0.3892967290734547,0.1468897020386827,0.0158051633950165,0.2645951035781544,0.0020811069238989,19.707231479925465,0.0223114086082658,0.0129657667178116,-33.11537034612195,661400000.0,-1660700000.0,-3418000000.0,7364100000.0,5449950000.0,5838150000.0,1674000000.0,269.95444063220657,390.6266199115719,113.58057630736393,0.3333895889588958,0.2303990445412392,0.7923890063424948,0.0280778963582352,0.1533106368120117,2018-10-25,0.77,amc,1755698717.0,2025-04-24,2018-09-30,0.0129870129870129,71.69460317460317,742736.0158730159
2018-06-30,AJG,USD,354190,2018-07-27,2018-07-27 15:45:37,2018,Q2,1654300000.0,1201900000.0,452400000.0,0.273469141,0,0.0,0.0,0.0,327000000.0,327000000.0,1528900000.0,0.0,33900000.0,104200000.0,241700000.0,0.1461040924,125400000.0,0.0758024542,-21800000.0,103600000.0,0.0626246751,-20100000.0,114900000.0,0.0694553588,0.63,0.62,182612000,182612000,https://www.sec.gov/Archives/edgar/data/354190/000119312518229526/0001193125-18-229526-index.htm,https://www.sec.gov/Archives/edgar/data/354190/000119312518229526/d575587d10q.htm,9.059097978227062,0.6292029001379975,2.907256916303419,2.7342124285370075,3.5715068013055,24.71414802970232,-8.881125008214138,24.333559678443915,19.281317766630888,11920911360.0,14755811360.0,25.93757911227154,7.206015450643777,22.45415588623093,23.87524806729421,2.6827147718066437,2.6827147718066437,8.919670773136675,61.0501090608192,27.79395622527783,29.552996915681955,0.0096385248182904,0.0418843815645987,0.7847466018543523,0.2148485875358122,11.729002896152254,1.1052242158391248,3.699115044247787,4.291835084882781,0.0062746880453274,0.6510008703220191,0.0,0.0,0.3779858907612211,0.0595215671501224,0.0191017348727558,0.3032629558541266,0.0009671764492534,18.56049008534133,0.0166218402175329,0.0113811957684535,-33.0954427967494,796400000.0,-1621800000.0,-3352400000.0,7358900000.0,5923900000.0,6027000000.0,1551650000.0,302.8707005984404,447.9931774690074,126.73683334720027,0.297156508774766,0.2008959165594129,0.7101329394387002,0.0258574129084526,0.1730444877664118,2018-07-26,0.63,amc,1687180645.0,2025-04-24,2018-06-30,-0.0158730158730158,67.7190625,955984.859375
2018-03-31,AJG,USD,354190,2018-05-07,2018-05-07 16:20:21,2018,Q1,1834800000.0,1241800000.0,593000000.0,0.3231959887,0,0.0,0.0,0.0,314900000.0,314900000.0,1556700000.0,0.0,31300000.0,98800000.0,372400000.0,0.2029649008,278100000.0,0.1515696534,-35800000.0,242300000.0,0.13205799,-43700000.0,273700000.0,0.1491715718,1.51,1.48,182100000,182100000,https://www.sec.gov/Archives/edgar/data/354190/000119312518154466/0001193125-18-154466-index.htm,https://www.sec.gov/Archives/edgar/data/354190/000119312518154466/d549427d10q.htm,10.075782537067544,1.5030203185063151,-1.1949478308621635,-1.3657331136738056,3.832509610104338,25.17572762218561,-7.091707852828116,24.791872597473915,18.14607358594179,12515733000.0,15090933000.0,11.43198118377786,6.82130640941792,-57.51715533088235,-50.32462002412545,2.7722794931998407,2.7722794931998407,8.224838129496403,40.52345059076262,-69.35171415441177,-60.67926417370326,0.0218684754620444,-0.0198709895776779,0.7250033225534931,0.2029514803906371,6.91514500537057,1.1021517875594131,8.884984025559106,-0.7608391608391608,0.0060803470320116,0.278041651443186,0.0,0.0,0.3643404123391722,-0.142922794117647,0.0169500763025942,0.3147773279352227,0.0026160889470241,28.95531877869803,0.037023799253574,0.0266982714893284,-29.81425041186161,790900000.0,-1291400000.0,-3009700000.0,7091000000.0,5382400000.0,5528650000.0,1517300000.0,308.07880967952906,440.0201320663553,102.24834917055888,0.2921330424952633,0.2045360960585047,0.8802098100368585,0.0606255260709697,0.1707852828116419,2018-05-01,1.45,amc,1753069078.0,2025-04-24,2018-03-31,0.0482758620689655,67.46590163934427,1172492.0983606558
2017-12-31,AJG,USD,354190,2018-02-12,2018-02-09 17:42:22,2017,Q4,1599000000.0,1159400000.0,439600000.0,0.2749218261,0,0.0,0.0,0.0,322900000.0,322900000.0,1482300000.0,0.0,31200000.0,96600000.0,209900000.0,0.1312695435,116700000.0,0.0729831144,-34600000.0,82100000.0,0.0513445904,-31100000.0,105100000.0,0.0657285804,0.58,0.57,181038000,183575000,https://www.sec.gov/Archives/edgar/data/354190/000119312518038261/0001193125-18-038261-index.htm,https://www.sec.gov/Archives/edgar/data/354190/000119312518038261/d486069d10k.htm,8.832399827660492,0.5805411018681161,2.182414741656448,1.986875683558148,3.7627459428407297,23.005667318463527,-9.266562821065191,22.67590229675538,17.47809852075255,11456084640.0,13907884640.0,27.25043920076118,7.164530731707317,28.99540531511009,31.848998165137616,2.790627652733119,2.790627652733119,8.697864065040651,66.25957427346356,35.20092290559352,38.66523391715318,0.0091741640623912,0.031398161876709,0.7631784078729417,0.2429171771054631,11.680800381133873,1.0525822934267044,3.740384615384616,3.490282685512367,0.0062063088947289,0.6764985727878211,0.0,0.0,0.4529982787228434,0.0895975702353834,0.0221388367729831,0.3664596273291925,0.0027517198248905,17.210363138739186,0.019095998094916,0.0148974471643822,-21.411664954318983,258300000.0,-1677600000.0,-3561900000.0,6513000000.0,3651000000.0,4247250000.0,1619700000.0,252.38836772983112,387.0450232879075,126.0496808694152,0.3565932963136415,0.2325310870437224,0.7140041877078458,0.0256016759232193,0.1955390580982998,2018-01-25,0.75,amc,1389695121.0,2025-04-24,2017-12-31,0.0933333333333332,63.87285714285714,1034279.5238095238
2017-09-30,AJG,USD,354190,2017-10-30,2017-10-30 13:23:17,2017,Q3,1593700000.0,1165700000.0,428000000.0,0.2685574449,0,0.0,0.0,0.0,309100000.0,309100000.0,1474800000.0,0.0,31400000.0,100100000.0,208400000.0,0.1307648867,118900000.0,0.0746062622,-42000000.0,76900000.0,0.0482524942,-41200000.0,111000000.0,0.0696492439,0.72,0.71,180511000,182517000,https://www.sec.gov/Archives/edgar/data/354190/000119312517324571/0001193125-17-324571-index.htm,https://www.sec.gov/Archives/edgar/data/354190/000119312517324571/d431119d10q.htm,8.82882483615957,0.6149209743450538,1.4054545152372986,1.2492313487820688,3.1294491748425304,23.11327287533724,-9.192791575028668,22.7686955365601,16.921406451684383,11110452050.0,13568652050.0,25.02354065315315,6.971482744556692,43.793662002365,49.27029733924612,2.70327300486618,2.70327300486618,8.513931135094435,65.10869505758157,53.48305892786756,60.17140598669623,0.0099905925969951,0.0202962038794812,0.7355474452554744,0.2359879472928245,11.795585412667949,1.0812292782453456,3.786624203821656,1.8410740203193032,0.0063003737098167,0.6306306306306306,0.0,0.0,0.4552238805970149,0.1111549073709105,0.0176946727740478,0.2817182817182817,0.002760870929284,17.74884052517,0.0217730606664411,0.0159053132343669,-28.541612422511648,382200000.0,-1659400000.0,-3550800000.0,6627200000.0,2888750000.0,3527450000.0,1548350000.0,159.13346301060426,270.8801578450716,124.7353521489234,0.5655630079136946,0.332250249394328,0.7215276058430304,0.0270072992700729,0.1562231664552298,2017-10-26,0.79,amc,1554349382.0,2025-04-24,2017-09-30,0.0253164556962025,58.82936507936508,724771.4761904762
2017-06-30,AJG,USD,354190,2017-07-28,2017-07-28 15:24:18,2017,Q2,1489500000.0,1099200000.0,390300000.0,0.2620342397,0,0.0,0.0,0.0,299500000.0,299500000.0,1398700000.0,0.0,31600000.0,95300000.0,181000000.0,0.1215172877,90800000.0,0.0609600537,-36700000.0,54100000.0,0.0363209131,-24200000.0,70000000.0,0.0469956361,0.96,0.95,179860000,181609000,https://www.sec.gov/Archives/edgar/data/354190/000119312517240374/0001193125-17-240374-index.htm,https://www.sec.gov/Archives/edgar/data/354190/000119312517240374/d422166d10q.htm,8.28144112087179,0.3891915934615812,0.1984877126654064,-0.0033359279439564,3.268097409095964,21.73913043478261,-9.68308684532414,21.37607027688201,17.48248637829423,10296985000.0,12821985000.0,36.77494642857143,6.913048002685465,288.4309523809524,-17161.641666666666,2.678228470361797,2.678228470361797,8.608247734138972,70.83969613259669,359.159243697479,-21369.975,0.0067981064360101,-5.826948373722988e-05,0.8096340416677504,0.2476451120162932,13.950276243093922,1.0512968299711816,2.873417721518988,0.1978935698447893,0.0068175295972558,1.002857142857143,0.0,0.0,0.4496244908350305,1.0168067226890756,0.0243705941591137,0.3809024134312697,0.0029540114132259,13.681600936756094,0.0160663890483054,0.0101185313674472,-28.41960413655065,249200000.0,-1741600000.0,-3552400000.0,6288400000.0,2769450000.0,3287300000.0,1369550000.0,178.82779456193353,290.3711790393013,121.26910480349343,0.5032774699283687,0.3099481163997293,0.7421511039092566,0.0182068822014721,0.2018236406093628,2017-07-27,1.03,amc,1489500000.0,2025-04-24,2017-06-30,0.0,56.5215873015873,926639.873015873
2017-03-31,AJG,USD,354190,2017-04-28,2017-04-28 16:28:15,2017,Q1,1646400000.0,1111800000.0,534600000.0,0.3247084548,0,0.0,0.0,0.0,293300000.0,293300000.0,1405100000.0,0.0,29900000.0,93800000.0,323300000.0,0.1963678328,241300000.0,0.1465621963,-41700000.0,199600000.0,0.121234208,-42400000.0,228800000.0,0.1389698737,0.31,0.31,178890000,180591000,https://www.sec.gov/Archives/edgar/data/354190/000119312517148293/0001193125-17-148293-index.htm,https://www.sec.gov/Archives/edgar/data/354190/000119312517148293/d346336d10q.htm,9.203421096763376,1.2789982670915088,0.9486276482754764,0.784839845715244,3.152775448599698,20.835709094974565,-10.351053720163227,20.473475320029067,16.62474146123316,10114440600.0,12494540600.0,11.051617788461538,6.143367711370263,59.601889216264,72.04017521367521,2.7616220068259385,2.7616220068259385,7.5890066812439265,38.64689328796784,73.62722804949911,88.99245441595441,0.022621122516652,0.013881143362491,0.8038498293515358,0.2499108704140706,7.361892978657593,0.9369866449307168,8.070234113712374,2.5029498525073746,0.0070592139322069,0.3120629370629371,0.0,0.0,0.4735751999049284,0.1726576311137301,0.0177964042759961,0.312366737739872,0.0024902818270165,24.27291984398053,0.0375300650690114,0.0368937048503612,-27.535496673933704,-301500000.0,-1851700000.0,-3570100000.0,5653000000.0,2489700000.0,3012150000.0,1325050000.0,140.9967201166181,245.1322180248246,101.8348623853211,0.6383127205055635,0.36714880126808,0.8837837837837837,0.0624709897610921,0.1637878025602325,2017-04-27,0.39,amc,1605240000.0,2025-04-24,2017-03-31,0.0256410256410256,55.119032258064514,884444.0
2016-12-31,AJG,USD,354190,2017-02-13,2017-02-10 17:54:38,2016,Q4,1385000000.0,988700000.0,396300000.0,0.2861371841,0,0.0,0.0,0.0,288300000.0,288300000.0,1277000000.0,0.0,28300000.0,89300000.0,186400000.0,0.1345848375,108000000.0,0.0779783394,-39200000.0,68800000.0,0.0496750903,-32200000.0,95100000.0,0.0686642599,0.53,0.53,178174000,179089000,https://www.sec.gov/Archives/edgar/data/354190/000119312517038619/0001193125-17-038619-index.htm,https://www.sec.gov/Archives/edgar/data/354190/000119312517038619/d314580d10k.htm,7.773300257052095,0.5337479093470427,1.3116391841682848,0.8682523825024976,3.061613927958064,20.518145183921337,-9.761805875155746,20.18588570723001,16.144330822678953,9257921040.0,11560621040.0,24.33733186119874,6.684419523465704,39.61455301668806,59.84435061409179,2.5740758049268755,2.5740758049268755,8.347018801444044,62.0204991416309,49.4677836542576,74.72928920491273,0.0102722846294657,0.0167100150597093,0.7919145859978869,0.247893747388943,12.353540772532188,0.9575861396014484,3.816254416961131,2.3138613861386137,0.0073342600035828,0.7139852786540484,0.0,0.0,0.4695637794179084,0.3380402225074882,0.0570397111913357,0.8846584546472565,0.0027436823104693,15.569808015111436,0.0209122880205641,0.0156042333251292,-26.89603982623727,-195600000.0,-1739300000.0,-3417700000.0,5577100000.0,2303500000.0,2931500000.0,1394600000.0,155.96317689530687,272.7308587033478,126.72094669768384,0.5770592891962835,0.3299956610260005,0.710221966812729,0.0264416393260301,0.4433868016657873,2017-01-26,0.66,amc,1470700000.0,2025-04-24,2016-12-31,0.0,50.29492063492064,1045453.0634920635
2016-09-30,AJG,USD,354190,2016-10-28,2016-10-28 13:58:25,2016,Q3,1482300000.0,1076300000.0,406000000.0,0.273898671,0,0.0,0.0,0.0,278500000.0,278500000.0,1354800000.0,0.0,28500000.0,88900000.0,212300000.0,0.1432233691,127500000.0,0.0860149767,-32600000.0,94900000.0,0.0640221278,-35500000.0,122800000.0,0.0828442286,0.69,0.69,177611000,178520000,https://www.sec.gov/Archives/edgar/data/354190/000119312516751281/0001193125-16-751281-index.htm,https://www.sec.gov/Archives/edgar/data/354190/000119312516751281/d243698d10q.htm,8.345766872547308,0.6913986183288198,1.3704106164595662,1.1694095523362855,2.994183918788814,21.064010675014497,-9.297284515035669,20.75603425463513,15.84473934609906,9035071570.0,11288971570.0,18.393875346091203,6.095305653376509,37.12026117502054,43.50058531535869,2.450853538586735,2.450853538586735,7.61584805370033,53.17461879415921,46.3803269104355,54.3522945113144,0.0135914806040656,0.0229881964288634,0.7556489895564898,0.248716552235208,10.61658031088083,0.9578985655504784,4.473684210526316,1.866564417177914,0.0075151590636486,0.5529315960912052,0.0,0.0,0.4814603180271957,0.1466721446179129,0.0240841934831005,0.4015748031496063,0.0025635836200499,17.969156953705664,0.0232277019614527,0.0211439787871483,-25.75051657836508,-185200000.0,-1651300000.0,-3245400000.0,5421200000.0,2272600000.0,3041700000.0,1414000000.0,133.99514268366727,239.7296292855152,116.8252346000186,0.6716661380216593,0.3754229306916878,0.7703815045451292,0.0333107283331072,0.2010010641232806,2016-10-27,0.76,amc,1463049350.0,2025-04-24,2016-09-30,0.0131578947368421,49.366875,1069911.640625
2016-06-30,AJG,USD,354190,2016-07-29,2016-07-29 14:08:17,2016,Q2,1427100000.0,956000000.0,471100000.0,0.3301100133,0,0.0,0.0,0.0,293200000.0,293200000.0,1249200000.0,0.0,27200000.0,88600000.0,253300000.0,0.1774928176,177900000.0,0.1246583982,-40400000.0,137500000.0,0.0963492397,-18200000.0,150000000.0,0.1051082615,0.85,0.84,177415000,178272000,https://www.sec.gov/Archives/edgar/data/354190/000119312516664146/0001193125-16-664146-index.htm,https://www.sec.gov/Archives/edgar/data/354190/000119312516664146/d223702d10q.htm,8.043851985457826,0.8454752980300425,0.2006594707324634,-0.0315644111264549,2.3171659668010034,20.6059239635882,-9.69534706760984,20.290843502522332,15.544345179381676,8444954000.0,10764454000.0,14.074923333333334,5.91756288977647,237.2178089887641,-1508.0275,2.345885719047751,2.345885719047751,7.542886973582791,42.49685748124753,302.37230337078654,-1922.2239285714288,0.0177620860930681,-0.0006631178808078,0.758521070029723,0.2398566446773187,9.157125937623372,1.0232452038232542,6.540441176470588,0.2286448298008991,0.0079929387418806,0.45,0.0,0.0,0.4722205142169479,1.1573033707865168,0.0288697358279027,0.4650112866817156,0.0026627426249036,19.64679761552657,0.0272712799736138,0.0249650489314959,-27.32702984527802,101900000.0,-1720100000.0,-3242900000.0,5691700000.0,2135450000.0,2969700000.0,1367200000.0,147.46478873239437,302.80857740585776,134.7081589958159,0.6103151862464183,0.2972174724078967,0.6681109791040604,0.0416678241062251,0.2322238818589183,2016-07-28,0.96,amc,1412387628.0,2025-04-24,2016-06-30,0.0104166666666666,46.38796875,1636913.625
2016-03-31,AJG,USD,354190,2016-05-02,2016-05-02 17:19:55,2016,Q1,1300400000.0,926500000.0,373900000.0,0.2875269148,0,0.0,0.0,0.0,288500000.0,288500000.0,1215000000.0,0.0,25800000.0,84000000.0,165500000.0,0.1272685328,85400000.0,0.0656721009,-29700000.0,55700000.0,0.0428329745,-2200000.0,46500000.0,0.0357582282,0.26,0.26,177038000,177615000,https://www.sec.gov/Archives/edgar/data/354190/000119312516572899/0001193125-16-572899-index.htm,https://www.sec.gov/Archives/edgar/data/354190/000119312516572899/d169870d10q.htm,7.34531569493555,0.2626554750957421,0.6179464295800902,0.2683039799365108,2.4028739592629837,20.630034229939337,-9.681537297077464,20.318236762728905,14.396909138151132,7874650239.999999,9972250240.0,42.33682924731183,6.055560012303906,71.9803495429616,165.78211031578945,2.189166339551305,2.189166339551305,7.6686021531836355,60.255288459214505,91.15402413162704,209.94211031578948,0.0059050241703179,0.0060320139374215,0.7013983486697618,0.2355170546832701,12.674320241691843,0.9793904136833732,3.310077519379845,1.8894645941278063,0.0087495949534388,1.4817204301075269,0.0,0.0,0.5009334802008849,0.5658135283363802,0.0476007382343894,0.736904761904762,0.0025376807136265,10.95790413014745,0.0124307656787119,0.0086976039503956,-25.608626396592825,-82900000.0,-1714000000.0,-3120800000.0,5501600000.0,1977900000.0,2800000000.0,1357800000.0,133.75422946785605,264.5018888289261,126.62169454937938,0.6728759184518266,0.3402622204267509,0.7107786728039892,0.0129270801478969,0.3496424496435793,2016-04-28,0.29,amc,1147411764.0,2025-04-24,2016-03-31,0.1724137931034484,39.91540983606558,1115668.1147540985
2015-12-31,AJG,USD,354190,2016-02-10,2016-02-10 17:02:26,2015,Q4,1334900000.0,950200000.0,384700000.0,0.288186381,0,0.0,0.0,0.0,315800000.0,315800000.0,1266000000.0,0.0,25800000.0,93800000.0,148000000.0,0.1108697281,68900000.0,0.0516143531,-40500000.0,28400000.0,0.0212750019,-39800000.0,62300000.0,0.0466701626,0.35,0.35,176810000,177551000,https://www.sec.gov/Archives/edgar/data/354190/000119312516457703/0001193125-16-457703-index.htm,https://www.sec.gov/Archives/edgar/data/354190/000119312516457703/d118346d10k.htm,7.549912335275154,0.3523556359934393,1.844352694983315,1.6905152423505458,2.717040891352299,20.8596798823596,-9.464962389005146,20.57745602624286,14.042192183700015,7238601400.0,9215201400.0,29.04735714285714,5.422579519065098,22.197489727077585,24.217468718634997,1.9895559464585104,1.9895559464585104,6.903289684620571,62.264874324324325,28.25882060717571,30.83038273670124,0.0086066349778563,0.0412925071409512,0.6753153945524009,0.2251278198244424,13.355405405405405,1.034377460219004,2.6705426356589146,5.234349919743178,0.0089796352096414,1.043338683788122,0.0,0.0,0.4912770987190529,0.083409996933456,0.0203760581316952,0.2899786780383795,0.0022473593527605,12.772552940513156,0.0232903594056278,0.0112209794492174,-25.57406255302302,144100000.0,-1673500000.0,-2889800000.0,5708500000.0,1963300000.0,2792100000.0,1380850000.0,136.4057232751517,272.50999789517994,133.74973689749527,0.6597963621984975,0.3302631121615516,0.6728985199348488,0.0171233817991919,0.1538374526327696,2016-02-02,0.55,amc,1244398305.0,2025-04-24,2015-12-31,0.0545454545454543,42.96203125,1135988.234375
2015-09-30,AJG,USD,354190,2015-10-28,2015-10-28 16:44:42,2015,Q3,1454800000.0,1023800000.0,431000000.0,0.2962606544,0,0.0,0.0,0.0,290000000.0,290000000.0,1313800000.0,0.0,25600000.0,81900000.0,213200000.0,0.1465493539,141000000.0,0.0969205389,-35300000.0,105700000.0,0.0726560352,-35200000.0,133300000.0,0.0916277151,0.76,0.75,175956000,176808000,https://www.sec.gov/Archives/edgar/data/354190/000119312515356371/0001193125-15-356371-index.htm,https://www.sec.gov/Archives/edgar/data/354190/000119312515356371/d56697d10q.htm,8.267976084930323,0.7575757575757576,1.3912569051353747,1.225874650480802,2.101093455181977,21.072881856827845,-9.16990611289186,20.75746209279593,13.74320852940508,7263463680.0,9286363680.0,13.6224,4.9927575474292,29.671011764705884,33.67391599443672,1.9886824225167017,1.9886824225167017,6.383257959857025,43.55705290806754,37.934492156862746,43.05221919332406,0.0183521259102654,0.0296965758352907,0.6550761143357792,0.2276411934845486,9.48827392120075,1.07800600665022,5.5078125,1.8364591147786944,0.009251784404875,0.5041260315078769,0.0,0.0,0.5062985233673314,0.1188725490196078,0.0200027495188342,0.3553113553113553,0.0021308770965081,18.81011367806555,0.0266648982141206,0.0256889574099055,-24.6109822910273,290900000.0,-1613500000.0,-2782400000.0,5813000000.0,1996000000.0,2804100000.0,1396700000.0,117.75226835303822,237.97519046688805,118.64035944520414,0.7643164862876957,0.3781906837575265,0.7585951393005335,0.0364965502135582,0.1653822546545727,2015-10-27,0.69,amc,1303651948.0,2025-04-24,2015-09-30,0.1159420289855073,45.3403125,982824.625
2015-06-30,AJG,USD,354190,2015-07-31,2015-07-31 16:02:09,2015,Q2,1371400000.0,921900000.0,449500000.0,0.3277672452,0,0.0,0.0,0.0,289400000.0,289400000.0,1211300000.0,0.0,26000000.0,82300000.0,236800000.0,0.172670264,160100000.0,0.1167420155,-31600000.0,128500000.0,0.0936998687,-19100000.0,139300000.0,0.1015750328,0.82,0.81,170613000,171731000,https://www.sec.gov/Archives/edgar/data/354190/000119312515272917/0001193125-15-272917-index.htm,https://www.sec.gov/Archives/edgar/data/354190/000119312515272917/d940839d10q.htm,8.038074472636904,0.816467678312907,-0.1852144912755769,-0.3311588214262688,1.8855538558023128,21.75391089776277,-9.49165655606548,21.32604197804388,14.05285646463048,8069994899.999999,10119894900.0,14.483120782483846,5.884493874872392,-255.3795854430379,-142.8317681415929,2.2179455544867386,2.2179455544867386,7.379243765495114,42.736042652027024,-320.24983860759494,-179.11318407079645,0.0172614731144377,-0.0070012435819507,0.6518070633502817,0.2213118578587359,8.656672297297296,1.091155835509807,6.157692307692308,-0.226848528356066,0.0077571300571701,0.4493898061737257,0.0,0.0,0.4974664290180196,-0.7879746835443038,0.0181566282630888,0.3025516403402187,0.0021146273880705,19.79319427434299,0.0260576941578995,0.0258671915620589,-25.75741590617362,356000000.0,-1619400000.0,-2743200000.0,5885100000.0,1927350000.0,2674050000.0,1315200000.0,137.06723056730348,283.2183534005857,140.9502115196876,0.6566120846500048,0.3177760159939333,0.6385233411829894,0.0382850075580596,0.1459443301506919,2015-07-28,0.93,amc,1356810638.0,2025-04-24,2015-06-30,0.0107526881720429,48.15492063492063,1040856.2222222222
2015-03-31,AJG,USD,354190,2015-04-28,2015-04-28 16:29:25,2015,Q1,1231300000.0,884500000.0,346800000.0,0.2816535369,0,0.0,0.0,0.0,279700000.0,279700000.0,1164200000.0,0.0,25600000.0,76200000.0,132700000.0,0.1077722732,67100000.0,0.0544952489,-36200000.0,30900000.0,0.0250954276,-1500000.0,21900000.0,0.0177860798,0.13,0.13,165574000,166777000,https://www.sec.gov/Archives/edgar/data/354190/000119312515152993/0001193125-15-152993-index.htm,https://www.sec.gov/Archives/edgar/data/354190/000119312515152993/d912299d10q.htm,7.436554048340923,0.1322671433920784,0.684286180197374,0.576781378718881,1.671760058946453,19.445081957312137,-11.608102721441773,18.99573604551439,14.261901023107493,7740584500.0,9799584500.0,88.36283675799088,6.286513847153415,68.31936893203884,81.05324083769634,2.4610786277502226,2.4610786277502226,7.95873020384959,73.8476601356443,86.49236098852603,102.6134502617801,0.0028292437089214,0.0123375695982648,0.7426554750095383,0.2400394619202746,15.516201959306708,1.0453950620874168,2.62109375,5.17351598173516,0.0081001634954052,2.863013698630137,0.0,0.0,0.5283786700099683,0.1571050308914386,0.0144562657354016,0.2335958005249344,0.0017867294729148,7.518744192072758,0.0108192036834381,0.0047719695814176,-26.07066930798313,156100000.0,-1922000000.0,-2916500000.0,5488300000.0,1744200000.0,2535150000.0,1277100000.0,129.09039226833428,248.98812888637647,120.73940079140758,0.6971858898137139,0.3614630159378831,0.7454070453396259,0.0069629912247233,0.107504801478493,2015-04-24,0.25,bmo,1140092592.0,2025-04-24,2015-03-31,0.08,46.70540983606558,840353.7704918033
2014-12-31,AJG,USD,354190,2015-02-13,2015-02-12 18:52:49,2014,Q4,1245400000.0,897900000.0,347500000.0,0.2790268187,0,0.0,0.0,0.0,294600000.0,294600000.0,1192500000.0,0.0,25700000.0,73600000.0,125600000.0,0.1008511322,52900000.0,0.0424763128,-26600000.0,26300000.0,0.0211177132,-25200000.0,51500000.0,0.041352176,0.31,0.31,162705000,164007000,https://www.sec.gov/Archives/edgar/data/354190/000119312515047308/0001193125-15-047308-index.htm,https://www.sec.gov/Archives/edgar/data/354190/000119312515047308/d853008d10k.htm,7.654343750960327,0.3165237700132141,1.039304262315233,0.9053194431640084,1.9323315202360096,19.84819151224609,-12.268830091269477,19.84819151224609,14.864939614639992,7660151400.0,9738651400.0,37.18520097087379,6.150755901718323,45.29953518628031,52.0037433808554,2.3720045209636464,2.3720045209636464,7.819697607194476,77.53703343949044,57.59107865168539,66.11440190088256,0.0067231047156587,0.0192293849440103,0.7409735554592184,0.239050949050949,16.548566878980893,1.0462568973563566,2.058365758754864,3.283495145631068,0.007676088490888,1.141747572815534,0.0,0.0,0.522037962037962,0.1289178001182732,0.0175044162518066,0.296195652173913,0.002248273647021,11.889261925010702,0.0156118055954748,0.0107641501546693,-27.60010448357457,168500000.0,-1996200000.0,-2969400000.0,5589500000.0,1695650000.0,2689350000.0,1354850000.0,124.46362614421068,262.9435349148012,137.07985299031074,0.7231028276142368,0.3422788091335341,0.6565516232816613,0.0159472347804545,0.1339848191512246,2015-02-03,0.54,amc,1200921428.0,2025-04-24,2014-12-31,0.037037037037037,46.90640625,717465.140625
2014-09-30,AJG,USD,354190,2014-10-29,2014-10-29 17:09:13,2014,Q3,1286800000.0,890800000.0,396000000.0,0.3077401306,0,0.0,0.0,0.0,270200000.0,270200000.0,1161000000.0,0.0,25900000.0,72900000.0,194200000.0,0.1509170034,125800000.0,0.09776189,-30400000.0,95400000.0,0.0741373951,-5900000.0,93600000.0,0.0727385763,0.58,0.58,160231000,161503000,https://www.sec.gov/Archives/edgar/data/354190/000119312514387410/0001193125-14-387410-index.htm,https://www.sec.gov/Archives/edgar/data/354190/000119312514387410/d799569d10q.htm,8.03090538035711,0.5841566238742815,0.1647621246824896,0.0549207082274965,1.813007470464517,20.320662044173723,-11.30430441050733,20.320662044173723,15.272325579943956,7268078160.0,9398778160.0,19.412601923076924,5.64818010568853,275.3059909090909,825.9179727272727,2.232210737100737,2.232210737100737,7.303992974821262,48.39741585993821,356.01432424242427,1068.0429727272726,0.0128782324487275,0.001210773990906,0.7436117936117936,0.242410893071686,10.971678681771367,1.0537429041328452,4.857142857142857,0.282051282051282,0.0080076188944011,0.6217948717948718,0.0,0.0,0.5073388065678814,0.6666666666666666,0.0136773391358408,0.2414266117969821,0.0020982281628846,16.34273875544832,0.0205053548841708,0.0190216839067612,-28.20115957586235,202600000.0,-1811300000.0,-2759600000.0,5466500000.0,1833300000.0,2787400000.0,1225550000.0,116.73142679515075,278.38572070049395,135.59609339919174,0.7710005991611744,0.3232924439282862,0.6637359362193577,0.0287469287469287,0.1098414164549931,2014-10-28,0.68,amc,1268150724.0,2025-04-24,2014-09-30,0.014705882352941,45.97828125,673983.046875
2014-06-30,AJG,USD,354190,2014-08-01,2014-07-31 21:02:40,2014,Q2,1179300000.0,800500000.0,378800000.0,0.321207496,0,0.0,0.0,0.0,238700000.0,238700000.0,1039200000.0,0.0,21200000.0,59500000.0,192600000.0,0.1633172221,140100000.0,0.1187992877,-28200000.0,111900000.0,0.0948867973,-1800000.0,109000000.0,0.0924277114,0.71,0.7,154252000,155672000,https://www.sec.gov/Archives/edgar/data/354190/000119312514290283/0001193125-14-290283-index.htm,https://www.sec.gov/Archives/edgar/data/354190/000119312514290283/d732524d10q.htm,7.645281746752068,0.7066358945102819,0.8473147836008609,0.702746155641418,6.311101314731737,21.06682571376708,-9.137644892772864,21.06682571376708,16.454891994917407,7188143200.0,8731643200.0,16.486566972477064,6.095262613414738,54.99727008416221,66.31128413284132,2.212008616445101,2.212008616445101,7.40408988382939,45.33563447559709,66.80675745983167,80.55021402214022,0.0151638603972163,0.015080389606039,0.7745568685376661,0.2512151547513299,8.014018691588785,1.145883870967742,6.608490566037736,1.1990825688073394,0.0079019015647879,0.5211009174311927,0.0,0.0,0.4650125258251574,0.17061973986228,0.0189095225981514,0.3747899159663865,0.0022894937674891,18.301583066408497,0.0217789298690312,0.0203350621245475,-24.26872909265358,565300000.0,-1409500000.0,-2329400000.0,5418100000.0,1625500000.0,2397050000.0,1012450000.0,152.44975833121342,316.9843847595253,124.684572142411,0.5903584301161394,0.2839256579414059,0.7218214607754734,0.0335425898572131,0.144568627959443,2014-07-29,0.72,amc,1061369999.0,2025-04-24,2014-06-30,0.1111111111111112,45.58698412698413,1305707.9682539685
2014-03-31,AJG,USD,354190,2014-04-24,2014-04-24 09:46:01,2014,Q1,915000000.0,637300000.0,277700000.0,0.3034972678,0,0.0,0.0,0.0,201700000.0,201700000.0,839000000.0,0.0,16200000.0,52900000.0,123800000.0,0.1353005464,76000000.0,0.0830601093,-21300000.0,54700000.0,0.0597814208,-3100000.0,49300000.0,0.0538797814,0.37,0.36,134200000,135800000,https://www.sec.gov/Archives/edgar/data/354190/000119312514156062/0001193125-14-156062-index.htm,https://www.sec.gov/Archives/edgar/data/354190/000119312514156062/d699206d10q.htm,6.818181818181818,0.3673621460506706,0.5670640834575261,0.4195230998509687,5.508196721311475,15.97764530551416,-8.134128166915053,15.97764530551416,14.222056631892697,6385236000.0,7538436000.0,32.37949290060852,6.9784,83.90586070959263,113.41449378330373,2.9779106426639306,2.9779106426639306,8.23872786885246,60.89205169628433,99.05960578186595,133.89761989342807,0.0077209362347766,0.0088172152133452,0.882566924727171,0.260102259607455,9.31502423263328,1.0541930379746836,4.691358024691358,1.5436105476673427,0.0077209362347766,1.0,0.0,0.0,0.4447468250041234,0.2601839684625492,0.021639344262295,0.3742911153119093,0.0026229508196721,11.491979661314987,0.0170525183248191,0.0122035744343779,-22.311475409836067,164400000.0,-1091600000.0,-1933400000.0,3566100000.0,1333900000.0,2064700000.0,971650000.0,123.28524590163936,278.868664679115,129.344107955437,0.730014360938248,0.3227325669721983,0.6958183207773775,0.0229922581848708,0.1475409836065573,2014-04-06,0.23,amc,678870967.0,2025-04-24,2014-03-31,0.3478260869565217,46.67803278688525,636309.5081967213
2013-12-31,AJG,USD,354190,2014-02-07,2014-02-07 16:39:18,2013,Q4,890200000.0,628800000.0,261400000.0,0.2936418782,0,0.0,0.0,0.0,198000000.0,198000000.0,826800000.0,0.0,13900000.0,50300000.0,113500000.0,0.1274994383,63400000.0,0.0712199506,-14100000.0,49300000.0,0.0553808133,-10700000.0,60000000.0,0.0674005841,0.45,0.45,132334000,133990000,https://www.sec.gov/Archives/edgar/data/354190/000119312514040834/0001193125-14-040834-index.htm,https://www.sec.gov/Archives/edgar/data/354190/000119312514040834/d661245d10k.htm,6.726918252300996,0.4533982196563241,0.5387882176915986,0.3589402572279233,2.252633487992504,15.7593664515544,-8.60323121797875,15.7593664515544,11.10372239938338,6210434620.0,7367834620.0,25.876810916666667,6.976448685688609,87.1028698457223,130.745992,2.977911589546871,2.977911589546871,8.276605953718265,64.91484246696035,103.3356889200561,155.11230778947368,0.0096611595920802,0.0076484180103968,0.6979141692639654,0.2121565483565337,10.197356828193833,0.8754262055528494,4.561151079136691,1.1883333333333332,0.0075035006165156,0.7766666666666666,0.0,0.0,0.4699365935427447,0.3338008415147265,0.0267355650415636,0.4731610337972167,0.0025836890586385,12.679453677940677,0.0183444066872017,0.0164993812732022,-21.932383212175253,-409200000.0,-1138500000.0,-1899400000.0,2975200000.0,1244750000.0,2015300000.0,975800000.0,142.99707930802066,308.4017175572519,147.05152671755724,0.6293834841628959,0.2918271685153386,0.6120303679190189,0.0287700791177175,0.1798479604636752,2014-01-28,0.49,amc,890200000.0,2025-04-24,2013-12-31,0.0,46.44390625,677907.546875
2013-09-30,AJG,USD,354190,2013-10-30,2013-10-30 16:12:04,2013,Q3,835800000.0,559400000.0,276400000.0,0.3307011247,0,0.0,0.0,0.0,178200000.0,178200000.0,737600000.0,0.0,13100000.0,45100000.0,143700000.0,0.171931084,98200000.0,0.117492223,-12700000.0,85500000.0,0.1022972003,10900000.0,74600000.0,0.0892558028,0.57,0.57,129816000,131322000,https://www.sec.gov/Archives/edgar/data/354190/000119312513418540/0001193125-13-418540-index.htm,https://www.sec.gov/Archives/edgar/data/354190/000119312513418540/d609498d10q.htm,6.438343501571455,0.5746595180871387,1.5776175509952548,1.3164787083256302,2.210051149319036,14.884143711098783,-5.833641461761262,14.884143711098783,8.270167005607938,5666468400.0,6440068400.0,18.98950536193029,6.779694185211773,27.668302734375,33.1566319485079,2.932651071317669,2.932651071317669,7.705274467575976,44.81606402226861,31.445646484375,37.68325570509069,0.0131651665082964,0.0301598787703466,0.5488562260635544,0.1776322401259589,5.383437717466945,0.9878971255673222,7.4961832061068705,2.745308310991957,0.008100283414622,0.6152815013404825,0.0,0.0,0.4504874208569227,0.16552734375,0.0405599425699928,0.7516629711751663,0.0026322086623594,13.872619946268053,0.023617877411245,0.0227390495930746,-19.1245686202009,-31200000.0,-757300000.0,-1491300000.0,2806400000.0,1160150000.0,1911750000.0,918850000.0,115.7681263460158,301.8072935287808,148.69145513049696,0.7774160543205283,0.2982035289727597,0.605280242371781,0.0386088396646309,0.2611388426696247,2013-10-29,0.62,amc,863660000.0,2025-04-24,2013-09-30,-0.032258064516129,43.906875,538538.0625
2013-06-30,AJG,USD,354190,2013-07-31,2013-07-31 16:49:07,2013,Q2,779500000.0,492100000.0,287400000.0,0.3686978833,0,0.0,0.0,0.0,180600000.0,180600000.0,672700000.0,0.0,11900000.0,42800000.0,152100000.0,0.1951250802,106800000.0,0.1370109044,-9400000.0,97400000.0,0.1249518922,3900000.0,93500000.0,0.1199486851,0.73,0.73,127260000,128874000,https://www.sec.gov/Archives/edgar/data/354190/000119312513312714/0001193125-13-312714-index.htm,https://www.sec.gov/Archives/edgar/data/354190/000119312513312714/d560699d10q.htm,6.125255382681125,0.7347163287757347,0.1775891874901776,-0.0314317146000314,1.885902876001886,13.374194562313374,-4.626748389124627,13.374194562313374,7.362093352192362,5631255000.0,6316255000.0,15.05683155080214,7.224188582424631,249.1705752212389,-1407.81375,3.308610458284372,3.308610458284372,8.102957023733163,41.526988823142666,279.4803097345133,-1579.06375,0.0166037588423894,-0.000710321233899,0.5434782608695652,0.16630409377753,4.503616042077581,1.110466356615608,8.974789915966387,0.241711229946524,0.0081509361589912,0.4909090909090909,0.0,0.0,0.411858830297909,1.176991150442478,0.0341244387427838,0.6214953271028038,0.0029506093649775,14.869108258600908,0.0318554604657715,0.0285819093326811,-17.51885902876002,258900000.0,-588800000.0,-1257500000.0,2672700000.0,622600000.0,1837950000.0,856300000.0,143.76908274534958,356.1958951432636,167.06970128022758,0.6260038548024414,0.2526699527623742,0.5386973180076629,0.0549353701527614,0.209020902090209,2013-07-30,0.7,amc,757847222.0,2025-04-24,2013-06-30,0.0285714285714286,43.28359375,601355.875
2013-03-31,AJG,USD,354190,2013-05-01,2013-05-01 16:59:45,2013,Q1,674100000.0,442000000.0,232100000.0,0.3443109331,0,0.0,0.0,0.0,174200000.0,174200000.0,616200000.0,0.0,11200000.0,40400000.0,93900000.0,0.1392968402,57900000.0,0.0858923008,-15600000.0,42300000.0,0.0627503338,1800000.0,40500000.0,0.0600801068,0.32,0.32,126165000,127543000,https://www.sec.gov/Archives/edgar/data/354190/000119312513192735/0001193125-13-192735-index.htm,https://www.sec.gov/Archives/edgar/data/354190/000119312513192735/d521719d10q.htm,5.343003210082036,0.3210082035429794,0.4058177783061863,0.3321047834185392,1.7754527800895652,13.194626084888837,-4.536915943407442,13.194626084888837,6.231522212975072,5201782950.0,5752782950.0,32.109771296296294,7.716633956386293,101.5973232421875,124.1475644391408,3.124756983240223,3.124756983240223,8.53402010087524,61.26499414270501,112.3590419921875,137.29792243436754,0.0077857919850346,0.0080549304734062,0.4655493482309125,0.1483225201431551,5.867944621938232,1.0389598663717214,5.169642857142857,1.2641975308641975,0.0084970865614452,1.091358024691358,0.0,0.0,0.4281449158867773,0.181640625,0.0137961726746773,0.2301980198019802,0.0013351134846461,9.762203765464989,0.0181163954943679,0.0135542168674698,-23.277850433955532,86300000.0,-572400000.0,-1259000000.0,2431900000.0,548050000.0,1774000000.0,825350000.0,0.0,351.91628959276017,162.71266968325793,0.0,0.2557426372736214,0.5531222625453636,0.0243287078752928,0.0737129948876471,2013-04-30,0.24,amc,475835294.0,2025-04-24,2013-03-31,0.4166666666666668,37.78083333333333,767987.2666666667
2012-12-31,AJG,USD,354190,2013-02-08,2013-02-08 16:09:24,2012,Q4,673200000.0,448200000.0,225000000.0,0.3342245989,0,0.0,0.0,0.0,166300000.0,166300000.0,614500000.0,0.0,10900000.0,36700000.0,93000000.0,0.1381461676,58700000.0,0.0871954843,-13300000.0,45400000.0,0.0674390969,11900000.0,33500000.0,0.0497623292,0.27,0.27,124941000,126315000,https://www.sec.gov/Archives/edgar/data/354190/000119312513046126/0001193125-13-046126-index.htm,https://www.sec.gov/Archives/edgar/data/354190/000119312513046126/d460219d10k.htm,5.388143203592096,0.2681265557343066,1.3094180453173898,1.1901617563489968,2.417941268278628,13.275065831072268,-4.9919562033279705,13.275065831072268,6.922467404614978,4329205650.0,4881105650.0,32.30750485074626,6.430786764705882,26.462137224938875,29.113689643577672,2.6101565476908237,2.6101565476908237,7.250602569815805,52.48500698924731,29.83560910757946,32.8251893073302,0.0077381401366322,0.0343481026363346,0.5148920776558543,0.1595575733796685,5.934408602150538,1.028185704007787,5.385321100917431,4.883582089552239,0.0195647901364999,2.528358208955224,0.0,0.0,0.4264148123236739,0.0910757946210269,0.0221330956625074,0.4059945504087193,0.0029708853238265,8.94910318214684,0.0138897757349866,0.0109120521172638,-17.157898528105267,66600000.0,-623700000.0,-1264200000.0,2454300000.0,548050000.0,1761650000.0,828550000.0,146.5374331550802,365.4016064257028,171.00401606425703,0.6141775385457531,0.2463043358795406,0.526303428839831,0.0201977571445797,0.119256288968393,2013-01-29,0.38,amc,730902857.0,2025-04-24,2012-12-31,-0.0789473684210527,35.883709677419354,542844.1935483871
2012-09-30,AJG,USD,354190,2012-10-31,2012-10-31 16:53:53,2012,Q3,650400000.0,401600000.0,248800000.0,0.3825338253,0,0.0,0.0,121600000.0,36500000.0,158100000.0,559700000.0,0.0,10700000.0,36500000.0,123500000.0,0.1898831488,90700000.0,0.1394526445,-14400000.0,76300000.0,0.1173124231,14600000.0,61700000.0,0.0948646986,0.5,0.5,123052000,124489000,https://www.sec.gov/Archives/edgar/data/354190/000119312512444000/0001193125-12-444000-index.htm,https://www.sec.gov/Archives/edgar/data/354190/000119312512444000/d423819d10q.htm,5.285570327991418,0.5014140363423594,0.9459415531645158,0.8687384195299548,2.480252251080844,13.296817605565128,-3.7415076553001994,13.296817605565128,5.978773201573318,4394186920.0,4813986920.0,17.8046471636953,6.756129950799508,37.75074673539519,41.10558391019645,2.6856050116122723,2.6856050116122723,7.401578905289053,38.97965117408907,41.35727594501718,45.03261852198316,0.0140412779709425,0.0243275950582457,0.4430998655421098,0.1447308007106781,3.39919028340081,1.112232693871693,8.476635514018692,1.886547811993517,0.0093532662010654,0.6661264181523501,0.0,0.0,0.4185415127862176,0.081615120274914,0.0146063960639606,0.2602739726027397,0.0033825338253382,12.247948693049686,0.0251266053249892,0.0211830947231091,-21.658729642752657,234600000.0,-460400000.0,-1048200000.0,2432200000.0,0.0,1870900000.0,814850000.0,0.0,381.7828685258965,180.515438247012,0.0,0.2357360882836346,0.4985723153320918,0.0377093264882043,0.077203133634561,2012-10-30,0.55,amc,687923076.0,2025-04-24,2012-09-30,-0.0545454545454545,35.87428571428571,456980.79365079367
2012-06-30,AJG,USD,354190,2012-08-01,2012-08-01 15:02:03,2012,Q2,649900000.0,393100000.0,256800000.0,0.3951377135,0,0.0,0.0,123700000.0,36400000.0,160100000.0,553200000.0,0.0,10800000.0,36400000.0,138300000.0,0.2128019695,96700000.0,0.1487921219,-5600000.0,91100000.0,0.1401754116,19400000.0,71700000.0,0.1103246653,0.59,0.59,119704000,121187000,https://www.sec.gov/Archives/edgar/data/354190/000119312512328459/0001193125-12-328459-index.htm,https://www.sec.gov/Archives/edgar/data/354190/000119312512328459/d372397d10q.htm,5.42922542270935,0.5989774777785204,0.923945732807592,0.8136737285303749,2.356646394439618,12.304517810599478,-3.825268996858919,12.304517810599478,6.130120965047116,4198019280.0,4638919280.0,14.637445188284518,6.459484966917987,37.9567746835443,43.100813963039016,2.850172639011474,2.850172639011474,7.137897030312356,33.542438756326824,41.9432122965642,47.62750800821355,0.0170794832557319,0.0232014179791951,0.4908683549460249,0.1408368396446938,3.187997107736804,1.0777231777231775,8.953703703703704,1.5425383542538351,0.0094806615561803,0.5550906555090656,0.0,0.0,0.3761103319308088,0.1193490054249547,0.0203108170487767,0.3626373626373626,0.0035390060009232,12.877418354552264,0.0277805023817045,0.0223866616710378,-24.78196217336096,189800000.0,-457900000.0,-1028900000.0,2221500000.0,0.0,1838150000.0,751000000.0,0.0,466.6446196896464,188.7000763164589,0.0,0.1928662545383181,0.4769473428779422,0.0486794758639418,0.1102720042772171,2012-07-31,0.56,amc,627489655.0,2025-04-24,2012-06-30,0.0357142857142855,35.3531746031746,775699.5238095238
2012-03-31,AJG,USD,354190,2012-05-02,2012-05-02 16:27:24,2012,Q1,546800000.0,362100000.0,184700000.0,0.3377834674,0,0.0,0.0,108300000.0,30800000.0,139100000.0,501200000.0,0.0,10600000.0,30800000.0,73900000.0,0.1351499634,45600000.0,0.0833942941,-13100000.0,32500000.0,0.0594367228,4400000.0,28100000.0,0.0513899049,0.24,0.24,116376000,117849000,https://www.sec.gov/Archives/edgar/data/354190/000119312512204653/0001193125-12-204653-index.htm,https://www.sec.gov/Archives/edgar/data/354190/000119312512204653/d327124d10q.htm,4.69856327765175,0.2414587200109988,-0.4090190417268165,-0.5241630576751221,2.5933182099401937,11.65704268921427,-3.758506908640957,11.65704268921427,6.681790059806145,4159278240.0,4624478240.0,37.00425480427047,7.6065805413313825,-87.3797949579832,-68.18488918032787,3.065957717823972,3.065957717823972,8.457348646671544,62.57751339648173,-97.15290420168068,-75.81111868852459,0.0067559798548125,-0.0146660060905182,0.5653840483561846,0.1666413192256718,6.294993234100136,1.088445357597104,4.30188679245283,-1.6939501779359432,0.009328541578887,1.3807829181494662,0.0,0.0,0.3897712212397071,-0.2815126050420168,0.0245062179956108,0.435064935064935,0.0018288222384784,7.958054325911147,0.0148751033912324,0.0100046284758073,-22.38777754863546,180800000.0,-437400000.0,-1021100000.0,2070500000.0,0.0,1630000000.0,685150000.0,0.0,407.1499585749793,168.4672742336371,0.0,0.2210487760209999,0.5342283859545589,0.0207135485773256,0.1151440159483054,2012-05-01,0.26,amc,526548148.0,2025-04-24,2012-03-31,0.0384615384615384,34.45451612903226,573851.6612903225
2011-12-31,AJG,USD,354190,2012-02-14,2012-02-14 17:08:58,2011,Q4,578400000.0,384000000.0,194400000.0,0.3360995851,0,0.0,0.0,102900000.0,33900000.0,136800000.0,520800000.0,0.0,10400000.0,33900000.0,91700000.0,0.1585408022,57600000.0,0.0995850622,-10200000.0,47400000.0,0.0819502075,6900000.0,40500000.0,0.0700207469,0.35,0.34,116376000,117849000,https://www.sec.gov/Archives/edgar/data/354190/000119312512061292/0001193125-12-061292-index.htm,https://www.sec.gov/Archives/edgar/data/354190/000119312512061292/d287012d10k.htm,4.970096927201485,0.3480098989482367,0.8687358218189317,0.775933182099402,2.5022341376228776,10.686052106963636,-4.066130473637176,10.686052106963636,0.1752938750257785,3891613439.999999,3610413439.999999,24.022305185185186,6.728239004149377,38.49271454005935,43.09649435215946,3.129312833708588,3.129312833708588,6.242070262793914,39.37201134133042,35.711309990108795,39.982430121816165,0.0104069945857726,0.0232037434838337,0.0080411707944676,0.002230400356864,-3.0665212649945475,1.060667438271605,5.538461538461538,2.4962962962962965,0.0095590172491541,0.9185185185185184,0.0,0.0,0.3829151332664213,0.1068249258160237,0.0186721991701244,0.3185840707964602,0.0050138312586445,9.147358529255872,0.0203376957202436,0.0146383778508692,-22.362428679452808,125800000.0,-473200000.0,-1040500000.0,1933900000.0,491000000.0,1611150000.0,705450000.0,0.0,380.1328125,162.3046875,0.0,0.2367593563105,0.5545126353790614,0.032566741717594,0.0928026397195298,2012-01-31,0.33,amc,489415384.0,2025-04-24,2011-12-31,0.1818181818181818,30.55777777777778,841620.0952380953
2011-09-30,AJG,USD,354190,2011-10-28,2011-10-28 14:33:50,2011,Q3,562800000.0,345900000.0,216900000.0,0.3853944563,0,0.0,0.0,110500000.0,29400000.0,139900000.0,485800000.0,0.0,10300000.0,29400000.0,110700000.0,0.1966950959,77000000.0,0.1368159204,-6000000.0,71000000.0,0.1261549396,24300000.0,46700000.0,0.0829779673,0.41,0.41,112632000,113120000,https://www.sec.gov/Archives/edgar/data/354190/000119312511285927/0001193125-11-285927-index.htm,https://www.sec.gov/Archives/edgar/data/354190/000119312511285927/d236758d10q.htm,4.996803750266354,0.4146246182257262,0.751118687406776,0.6436891824703459,2.143263015839193,10.825520278428865,-3.814191348817387,10.825520278428865,6.08441650685418,2962221600.0,3395821600.0,15.857717344753748,5.26336460554371,35.01443971631206,40.85822896551724,2.429444435331748,2.429444435331748,6.03379815209666,30.675895212285457,40.13973522458629,46.83891862068965,0.0157651946093432,0.024474873858188,0.5535963257606824,0.1589282350725183,3.916892502258356,1.0746552788639638,7.475728155339806,1.811563169164882,0.0124906252793511,0.7922912205567452,0.0,0.0,0.3882322471275193,0.1430260047281324,0.0214996446339729,0.4115646258503401,0.0046197583511016,10.049470746368415,0.0219857956560337,0.0179732902282261,-15.0117195823567,145100000.0,-429600000.0,-939200000.0,1884500000.0,491000000.0,1764100000.0,725650000.0,157.03624733475482,416.4093668690373,186.9210754553339,0.5731160896130346,0.2161334666333416,0.4814866369710467,0.0383006643155909,0.1074295049364301,2011-10-25,0.44,amc,575888372.0,2025-04-24,2011-09-30,-0.0227272727272727,27.40375,771975.25
2011-06-30,AJG,USD,354190,2011-08-03,2011-08-02 19:50:32,2011,Q2,546100000.0,336500000.0,209600000.0,0.3838124886,0,0.0,0.0,108200000.0,27400000.0,135600000.0,472100000.0,0.0,10600000.0,27400000.0,103900000.0,0.1902581945,74000000.0,0.1355063175,-8100000.0,65900000.0,0.1206738693,24200000.0,41700000.0,0.0763596411,0.38,0.37,110158000,111093000,https://www.sec.gov/Archives/edgar/data/354190/000119312511206741/0001193125-11-206741-index.htm,https://www.sec.gov/Archives/edgar/data/354190/000119312511206741/d10q.htm,4.95742478984731,0.3785471776902268,0.9504529857114328,0.8705677299878356,2.389295375733038,10.918861998220738,-3.9261787614154215,10.918861998220738,6.541513099366365,3143909320.0,3590709320.0,18.84837721822542,5.757021278154184,30.027787201528177,32.78320458811262,2.613825507149983,2.613825507149983,6.575186449368248,34.559281231953804,34.295217956064945,37.4422244004171,0.013263741334626,0.0305034243163222,0.5902893249085467,0.1549575503612038,4.300288739172281,1.0563595820034104,6.981132075471698,2.5107913669064748,0.011736979742151,0.8848920863309353,0.0,0.0,0.3569043409939108,0.0840496657115568,0.0161142647866691,0.3211678832116788,0.0146493316242446,9.643617000008318,0.0200985033786041,0.0141519038892282,-24.959149585141343,128900000.0,-432500000.0,-963100000.0,1851900000.0,0.0,1570600000.0,656500000.0,0.0,515.6077265973254,196.02080237741453,0.0,0.1745513020022824,0.459134943375631,0.034669105420685,0.079885255723597,2011-07-26,0.42,amc,546100000.0,2025-04-24,2011-06-30,0.0,29.094920634920637,612813.2063492064
2011-03-31,AJG,USD,354190,2011-04-29,2011-04-29 15:32:02,2011,Q1,447400000.0,295100000.0,152300000.0,0.3404112651,0,0.0,0.0,94000000.0,24500000.0,118500000.0,413600000.0,0.0,9500000.0,24500000.0,57500000.0,0.1285203397,33800000.0,0.0755476084,-10300000.0,23500000.0,0.0525257041,8300000.0,15200000.0,0.0339740724,0.14,0.14,109265000,110315000,https://www.sec.gov/Archives/edgar/data/354190/000119312511118334/0001193125-11-118334-index.htm,https://www.sec.gov/Archives/edgar/data/354190/000119312511118334/d10q.htm,4.094632315929163,0.13911133482817,-0.066810048963529,-0.1427721594289113,3.049466892417517,10.498329748775912,-2.4554981009472385,10.498329748775912,6.264586098018579,3322748650.0,3664548650.0,54.65047121710527,7.426796267322307,-455.1710479452055,-212.99670833333337,2.896651250980734,2.896651250980734,8.190765869468038,63.73128086956522,-501.99296575342464,-234.90696474358973,0.0045745259726461,-0.0046949082350842,0.588440414959463,0.1828723144861965,5.944347826086957,1.1780785026593954,3.557894736842105,-0.4802631578947368,0.0104431612665014,2.2828947368421053,0.0,0.0,0.3834629243315001,-1.1369863013698631,0.0185516316495306,0.3387755102040816,0.0017881090746535,5.732348991331245,0.0099112012238527,0.0066792635233115,-17.57882212968471,264500000.0,-268300000.0,-794200000.0,1759300000.0,0.0,1231850000.0,589900000.0,0.0,370.0643849542528,176.91968824127414,0.0,0.2432009230262073,0.5087053956214446,0.0132508063813093,0.0759621104653823,2011-04-26,0.23,amc,643137500.0,2025-04-24,2011-03-31,-0.3043478260869565,30.106290322580644,419630.3548387097
2010-12-31,AJG,USD,354190,2011-02-07,2011-02-07 13:16:12,2010,Q4,459100000.0,864100000.0,-405000000.0,-0.8821607493,0,0.0,0.0,-463900000.0,24100000.0,-439800000.0,424300000.0,0.0,8700000.0,24100000.0,58600000.0,0.1276410368,34800000.0,0.0758004792,-9000000.0,25800000.0,0.056196907,-20200000.0,54700000.0,0.1191461555,0.5,0.5,109265000,110315000,https://www.sec.gov/Archives/edgar/data/354190/000119312511025625/0001193125-11-025625-index.htm,https://www.sec.gov/Archives/edgar/data/354190/000119312511025625/d10k.htm,4.201711435500847,0.500617764151375,0.1775499931359538,0.1107399441724248,2.2861849631629525,10.12858646410104,-2.3841120212327827,10.12858646410104,5.1132567610854345,3177426200.0,3477626200.0,14.522057586837295,6.920989326944021,163.78485567010307,262.59720661157024,2.871081774645342,2.871081774645342,7.574877368764975,59.34515699658703,179.2590824742268,287.4071239669421,0.0172151913394558,0.0038081136235359,0.4969729827414837,0.1529477196885428,5.122866894197952,1.094275026944779,4.0,0.4217391304347826,0.0106375405351664,0.6179159049360147,0.0,0.0,0.3802002224694104,0.3762886597938144,0.0159006752341537,0.3029045643153527,0.0050098017861032,10.681169503739898,0.0307358753791583,0.0245423546302943,-17.75179609206974,148700000.0,-260500000.0,-763300000.0,1591700000.0,0.0,1251500000.0,582550000.0,0.0,130.22451105196157,62.46152065733132,0.0,0.691114132608174,1.4408871102217775,0.0494262221017439,0.066810048963529,2011-02-01,0.26,amc,393325094.0,2025-04-24,2010-12-31,0.6538461538461537,28.17453125,394830.453125
2010-09-30,AJG,USD,354190,2010-10-29,2010-10-29 14:22:47,2010,Q3,463200000.0,280500000.0,182700000.0,0.3944300518,0,280500000.0,-195700000.0,84800000.0,22800000.0,107600000.0,388100000.0,0.0,8600000.0,22800000.0,101800000.0,0.219775475,75100000.0,0.1621329879,-4700000.0,70400000.0,0.1519861831,24200000.0,46200000.0,0.0997409326,0.44,0.44,105499000,105736000,https://www.sec.gov/Archives/edgar/data/354190/000119312510241058/0001193125-10-241058-index.htm,https://www.sec.gov/Archives/edgar/data/354190/000119312510241058/d10q.htm,4.390562943724585,0.4379188428326335,1.1639920757542723,1.115650385311709,2.808557427084617,9.58682072815856,-2.356420440004171,9.58682072815856,5.294836917885478,2782008630.0,3035708630.0,15.054159253246754,6.00606353626943,22.65479340390879,23.636436958368733,2.750651206248764,2.750651206248764,6.553775107944732,29.820320530451863,24.720754315960917,25.791916992353443,0.0166067062128416,0.0423075610660488,0.5438006723353767,0.1589273846331667,2.492141453831042,1.1028519219473991,8.732558139534884,2.658008658008658,0.0121494950215161,0.7316017316017316,0.6055699481865285,0.0,0.3640881902505273,0.0415309446254071,0.0110103626943005,0.2236842105263158,0.0060449050086355,9.719084956603671,0.0255571328562538,0.0209933203071749,-17.728130124456158,157600000.0,-248600000.0,-759400000.0,1493400000.0,458000000.0,626350000.0,565700000.0,0.0,401.93582887700535,181.41176470588235,0.0,0.2239163407040791,0.4961089494163424,0.0456792564761716,0.0483416904425634,2010-10-26,0.42,amc,442145454.0,2025-04-24,2010-09-30,0.0476190476190476,25.4534375,424731.546875
2010-06-30,AJG,USD,354190,2010-07-30,2010-07-30 16:52:41,2010,Q2,459500000.0,275800000.0,183700000.0,0.3997823721,0,275800000.0,-188400000.0,87400000.0,24600000.0,112000000.0,387800000.0,0.0,8700000.0,24600000.0,97200000.0,0.2115342764,71700000.0,0.156039173,-7800000.0,63900000.0,0.1390642002,22000000.0,44000000.0,0.0957562568,0.42,0.42,102700000,104761905,https://www.sec.gov/Archives/edgar/data/354190/000119312510172299/0001193125-10-172299-index.htm,https://www.sec.gov/Archives/edgar/data/354190/000119312510172299/d10q.htm,4.474196689386563,0.4284323271665043,0.8383641674780915,0.7702044790652386,2.239532619279455,9.400194741966894,-2.3953261927945477,9.400194741966894,5.440116845180136,2503826000.0,2823826000.0,14.226284090909092,5.449022850924918,29.08044134727061,31.65393173198483,2.5935632898280505,2.5935632898280505,6.145431991294886,29.05170781893004,32.79704994192799,35.69944374209861,0.0175731061183964,0.0315916521355717,0.5697120364615703,0.1546768659654648,3.292181069958848,1.0791171075211552,8.241379310344827,2.054892601431981,0.0132197684663391,0.7522727272727273,0.6002176278563656,0.0,0.3406828280555711,0.08130081300813,0.015233949945593,0.2845528455284553,0.0063112078346028,9.51920765900095,0.0251967168608233,0.0187681283057498,-13.538461538461538,133700000.0,-246000000.0,-766800000.0,1424100000.0,790750000.0,0.0,536000000.0,179.41240478781282,0.0,184.69905728788976,0.5016375545851528,0.0,0.4872791519434629,0.0455769629169256,0.0681596884128529,2010-07-27,0.46,amc,528424999.0,2025-04-24,2010-06-30,-0.1304347826086956,25.20555555555556,628323.8888888889
2010-03-31,AJG,USD,354190,2010-04-26,2010-04-26 16:43:39,2010,Q1,482400000.0,326200000.0,156200000.0,0.3237976783,0,262200000.0,0.0,262200000.0,-159400000.0,102800000.0,429000000.0,0.0,8600000.0,21600000.0,73100000.0,0.1515339967,53400000.0,0.1106965174,-10500000.0,42900000.0,0.0889303483,13700000.0,29200000.0,0.0605306799,0.28,0.28,102737000,102936000,https://www.sec.gov/Archives/edgar/data/354190/000119312510093395/0001193125-10-093395-index.htm,https://www.sec.gov/Archives/edgar/data/354190/000119312510093395/d10q.htm,4.695484586857704,0.2842208746605409,0.034067570592873,-0.0243339789949093,2.210498651897564,8.922783417853354,-2.595948879176928,8.922783417853354,5.777859972551272,2522193350.0,2880093350.0,21.59412114726028,5.2284273424543946,720.6266714285715,-1008.87734,2.751383604232573,2.751383604232573,5.970342765339967,39.39936183310534,822.8838142857143,-1152.03734,0.0115772250370892,-0.0009912007737233,0.638158612414094,0.1809968750966863,4.8960328317373465,1.0713833157338966,6.209302325581396,0.1198630136986301,0.0130045541512509,1.1232876712328768,0.5435323383084577,0.0,0.3661396615203737,1.7142857142857142,0.0124378109452736,0.2777777777777778,0.0020729684908789,7.553868506742036,0.0196831220333873,0.0142529408893444,-13.00578175340919,101400000.0,-266700000.0,-793500000.0,1364300000.0,332750000.0,0.0,514300000.0,124.16044776119404,0.0,139.60760269773144,0.7248685199098422,0.0,0.6446640316205534,0.0318533871495581,0.0584015495877823,2010-04-22,0.24,amc,413485714.0,2025-04-24,2010-03-31,0.1666666666666668,23.586721311475408,535890.7868852459
2009-12-31,AJG,USD,354190,2010-02-05,2010-02-05 16:18:49,2009,Q4,435100000.0,87800000.0,347300000.0,0.7982073087,0,285600000.0,0.0,285600000.0,22400000.0,308000000.0,395800000.0,0.0,7400000.0,22400000.0,60200000.0,0.1383589979,39300000.0,0.0903240634,-8900000.0,30400000.0,0.0698689956,11000000.0,16800000.0,0.0386118134,0.16,0.16,102737000,102936000,https://www.sec.gov/Archives/edgar/data/354190/000119312510023360/0001193125-10-023360-index.htm,https://www.sec.gov/Archives/edgar/data/354190/000119312510023360/d10k.htm,4.23508570427402,0.1635243388457907,0.1547641064076233,0.0973359159796373,2.005119869180529,8.691123937821818,-2.8013276618939624,8.691123937821818,5.4255039567049845,2312609870.0,2656709870.0,34.41383735119048,5.315122661457136,145.44716163522014,231.260987,2.589998734460746,2.589998734460746,6.105975339002528,44.13139318936877,167.0886710691824,265.670987,0.0072645197177161,0.0043241188795929,0.6159704334191959,0.1692151493708273,5.71594684385382,1.0444926749864352,5.3108108108108105,0.8195876288659794,0.014096627547473,1.9404761904761905,0.6564008273960009,0.0,0.3632587761129742,0.3710691823899371,0.0135601011261778,0.2633928571428571,0.0080441277867156,5.654841434963548,0.014122194528497,0.0081175106300734,-18.39746147931125,65600000.0,-287800000.0,-817400000.0,1327000000.0,332400000.0,0.0,537200000.0,0.0,0.0,535.6947608200455,0.0,0.0,0.1680061232300038,0.0188150968753499,0.057428190427986,2010-02-02,0.23,amc,526700000.0,2025-04-24,2009-12-31,-0.1739130434782609,23.07953125,469656.390625
2009-09-30,AJG,USD,354190,2009-10-29,2009-10-29 15:55:15,2009,Q3,439500000.0,83700000.0,355800000.0,0.809556314,0,263200000.0,0.0,263200000.0,21500000.0,284700000.0,368400000.0,0.0,6800000.0,21500000.0,91400000.0,0.207963595,71100000.0,0.161774744,-8000000.0,63100000.0,0.1435722412,21500000.0,41600000.0,0.0946530148,0.41,0.41,101352000,101550000,https://www.sec.gov/Archives/edgar/data/354190/000119312509217406/0001193125-09-217406-index.htm,https://www.sec.gov/Archives/edgar/data/354190/000119312509217406/d10q.htm,4.336372247217618,0.410450706448812,1.164259215407688,1.1238061409740312,2.3502249585602653,8.575065119583234,-2.8780882469018865,8.575065119583234,5.3062593732733445,2469948240.0,2763248240.0,14.843438942307694,5.619904982935154,20.931764745762717,21.68523476733977,2.841960925094926,2.841960925094926,6.287254243458476,30.232475273522976,23.417357966101697,24.260300614574188,0.0168424582047112,0.0461143266710722,0.6109768726268554,0.1638332664836012,3.2089715536105032,0.960196258816314,10.455882352941176,2.8365384615384617,0.0131176837940539,0.7788461538461539,0.5988623435722412,0.0,0.3581500107988029,0.0347457627118644,0.0093287827076222,0.1906976744186046,0.005688282138794,8.898985029990435,0.0269144281048011,0.0199971158006056,-13.411674165285342,-64900000.0,-291700000.0,-806400000.0,1178500000.0,849550000.0,0.0,577850000.0,136.13651877133103,0.0,593.3333333333334,0.6611010830324909,0.0,0.1516853932584269,0.0478656081003336,0.0404530744336569,2009-10-27,0.42,amc,450219512.0,2025-04-24,2009-09-30,-0.0238095238095238,23.14203125,638646.828125
2009-06-30,AJG,USD,354190,2009-07-30,2009-07-30 12:22:56,2009,Q2,453600000.0,79100000.0,374500000.0,0.825617284,0,270400000.0,0.0,270400000.0,21600000.0,292000000.0,371100000.0,0.0,7000000.0,21600000.0,102700000.0,0.2264109347,82500000.0,0.1818783069,-8400000.0,74100000.0,0.1633597884,30300000.0,43800000.0,0.0965608466,0.44,0.44,100623000,100717000,https://www.sec.gov/Archives/edgar/data/354190/000119312509159198/0001193125-09-159198-index.htm,https://www.sec.gov/Archives/edgar/data/354190/000119312509159198/d10q.htm,4.507915685280701,0.4352881547956232,1.109090367013506,1.0275980640609006,2.2489887997773867,8.34600439263389,-3.1941007523130893,8.34600439263389,5.962851435556483,2147294820.0,2514194820.0,12.25624897260274,4.733895105820106,19.240993010752685,20.766874468085103,2.556912145748988,2.556912145748988,5.54275753968254,24.480962220058423,22.52862741935484,24.315230367504835,0.0203977579566833,0.0481536112493393,0.7061205048821148,0.1623545516769336,3.572541382667965,0.9565826330532212,11.785714285714286,2.547945205479452,0.014949041790172,0.7328767123287672,0.5961199294532628,0.0,0.3179192334017796,0.0734767025089605,0.0180776014109347,0.3796296296296296,0.0061728395061728,9.041052437060626,0.0274748899578764,0.0175811825151527,-14.993838386849925,-89900000.0,-321400000.0,-832000000.0,1157400000.0,804600000.0,0.0,574150000.0,205.218253968254,0.0,687.1175726927939,0.4385574784878662,0.0,0.1309819506540818,0.0521552750654917,0.0814923029526052,2009-07-28,0.43,amc,443290909.0,2025-04-24,2009-06-30,0.0232558139534883,20.299047619047617,1116223.111111111
2009-03-31,AJG,USD,354190,2009-05-01,2009-04-30 19:14:45,2009,Q1,401100000.0,78900000.0,322200000.0,0.8032909499,0,251300000.0,0.0,251300000.0,20100000.0,271400000.0,350300000.0,0.0,7300000.0,20100000.0,70900000.0,0.1767638993,50800000.0,0.1266517078,-7300000.0,43500000.0,0.1084517577,15200000.0,26400000.0,0.0658189978,0.27,0.27,98000000,98100000,https://www.sec.gov/Archives/edgar/data/354190/000119312509094859/0001193125-09-094859-index.htm,https://www.sec.gov/Archives/edgar/data/354190/000119312509094859/d10q.htm,4.092857142857143,0.2693877551020408,-0.3469387755102041,-0.4010204081632653,1.9673469387755105,8.144897959183673,-3.589795918367347,8.144897959183673,6.421428571428572,1666000000.0,2095500000.0,15.77651515151515,4.153577661431065,-49.0,-42.391857506361326,2.0871961914307198,2.0871961914307198,5.224382946896036,29.555712270803948,-61.63235294117647,-53.3206106870229,0.0158463385354141,-0.0235894357743097,0.7792533199699323,0.2000900727015376,6.057827926657263,0.9141826466679324,6.958904109589041,-1.2014134275618376,0.0184873949579831,1.1666666666666667,0.6265270506108203,0.0,0.3699414527440005,-0.1558823529411764,0.0132136624283221,0.263681592039801,0.0027424582398404,7.0262404582459945,0.0188798602698079,0.0134790156234044,-14.430867346938776,-135600000.0,-351800000.0,-865900000.0,1099900000.0,287450000.0,682650000.0,547700000.0,128.99775617053103,0.0,620.9885931558936,0.6976865541833362,0.0,0.1449301983835415,0.0330744174392382,0.0540816326530612,2009-04-28,0.14,bmo,358975535.0,2025-04-24,2009-03-31,1.0714285714285712,19.601475409836063,1385074.0163934426
2008-12-31,AJG,USD,354190,2009-02-06,2009-02-06 16:51:59,2008,Q4,378300000.0,118100000.0,260200000.0,0.6878139043,0,0.0,0.0,246800000.0,21500000.0,268300000.0,386400000.0,0.0,0.0,28400000.0,20300000.0,0.0536611155,-8100000.0,-0.0214115781,26100000.0,18000000.0,0.0475812847,6300000.0,4700000.0,0.0124240021,0.048,0.048,95600000,98000000,https://www.sec.gov/Archives/edgar/data/354190/000119312509021344/0001193125-09-021344-index.htm,https://www.sec.gov/Archives/edgar/data/354190/000119312509021344/d10k.htm,3.957112970711297,0.0491631799163179,0.4142259414225941,0.3410041841004184,2.0355648535564854,7.72489539748954,1.4864016736401673,7.72489539748954,5.564853556485356,2476996000.0,2814596000.0,131.7551063829787,6.547702881311129,62.55040404040404,75.98147239263804,3.354090724441435,3.354090724441435,7.440116309807031,138.65004926108375,71.07565656565657,86.33730061349694,0.0018974596648521,0.013161103207272,0.7203791469194313,0.162626478769908,16.63054187192118,0.9157430323899708,0.0,3.3846153846153846,0.0122729305981923,6.468085106382978,0.0,0.0,0.1823128419894231,0.1767676767676767,0.0185038329368226,0.2464788732394366,0.0182394924662965,2.923193373843764,-0.0034084288211303,0.0017570750308422,-21.576359832635983,-156600000.0,142100000.0,-830800000.0,528600000.0,392000000.0,1371400000.0,569700000.0,0.0,1040.4487722269264,419.8983911939035,0.0,0.086501135281623,0.2143375680580762,0.0063642518618821,0.0732217573221757,2009-02-03,0.38,bmo,1304983333.0,2025-04-24,2008-12-31,-0.6842105263157895,24.2075,1104288.8125
2008-09-30,AJG,USD,354190,2008-10-30,2008-10-30 17:03:23,2008,Q3,428200000.0,99900000.0,328300000.0,0.7666978048,0,253600000.0,0.0,253600000.0,18200000.0,271800000.0,371700000.0,0.0,7100000.0,18200000.0,74700000.0,0.174451191,56500000.0,0.131947688,-7100000.0,49400000.0,0.1153666511,7700000.0,37800000.0,0.0882765063,0.4,0.4,94100000,94600000,https://www.sec.gov/Archives/edgar/data/354190/000119312508220407/0001193125-08-220407-index.htm,https://www.sec.gov/Archives/edgar/data/354190/000119312508220407/d10q.htm,4.55047821466525,0.4017003188097768,1.083953241232731,0.9925611052072264,2.706695005313496,8.235919234856535,-1.8108395324123272,8.235919234856535,5.580233793836344,2414606000.0,2683006000.0,15.9696164021164,5.638967772069127,23.672607843137257,25.852312633832977,3.1156206451612904,3.1156206451612904,6.26577767398412,35.91708165997323,26.303980392156863,28.72597430406852,0.0156547279349094,0.0386812589714429,0.6683870967741935,0.1620167646690854,3.5930388219544844,0.9591859185918592,7.957746478873239,2.446043165467626,0.0123829726257617,0.791005291005291,0.592246613731901,0.0,0.2956962342049293,0.084313725490196,0.020084072863148,0.6013986013986014,0.0,8.627766576727867,0.031855009242624,0.0167865707434052,-13.658873538788525,-74200000.0,-170400000.0,-678400000.0,958700000.0,944350000.0,1567150000.0,631500000.0,164.78281177020082,1240.990990990991,530.0900900900901,0.5461734693877551,0.0725226860254083,0.1697824609109449,0.0487741935483871,0.0913921360255047,2008-10-28,0.44,bmo,428200000.0,2025-04-24,2008-09-30,0.0,25.99578125,690785.09375
2008-06-30,AJG,USD,354190,2008-07-31,2008-07-31 16:41:12,2008,Q2,428900000.0,85200000.0,343700000.0,0.8013522966,0,248900000.0,0.0,248900000.0,18200000.0,267100000.0,352300000.0,0.0,7300000.0,18200000.0,94800000.0,0.2210305433,76600000.0,0.1785964094,-7300000.0,69300000.0,0.161576125,27600000.0,40800000.0,0.0951270692,0.44,0.44,93000000,93500000,https://www.sec.gov/Archives/edgar/data/354190/000119312508162675/0001193125-08-162675-index.htm,https://www.sec.gov/Archives/edgar/data/354190/000119312508162675/d10q.htm,4.611827956989248,0.4387096774193548,0.886021505376344,0.7978494623655914,2.565591397849462,7.808602150537634,-1.3655913978494625,7.808602150537634,5.508602150537635,2241300000.0,2513400000.0,13.733455882352942,5.225693634879925,27.200242718446603,30.20619946091644,3.086339851280639,3.086339851280639,5.860107251107484,26.5126582278481,30.50242718446602,33.8733153638814,0.018203721054745,0.033105786820149,0.6954007160561829,0.1438951417580852,2.8702531645569622,0.9863115057343692,10.493150684931509,1.976019184652278,0.0132512381207335,0.7279411764705882,0.5803217533224528,0.0,0.2431115543524718,0.0995145631067961,0.0191186756819771,0.4,0.0,8.779433918970234,0.0317420568092009,0.0153597108760305,-14.826612903225806,-29600000.0,-127000000.0,-650500000.0,911100000.0,1083850000.0,1720550000.0,661900000.0,231.8092795523432,1855.774647887324,712.6056338028169,0.3882502036752059,0.0484972677595628,0.1262970649273643,0.0561828697328559,0.0881720430107526,2008-07-29,0.47,bmo,447962222.0,2025-04-24,2008-06-30,-0.0425531914893616,25.15796875,525962.734375
2008-03-31,AJG,USD,354190,2008-04-29,2008-04-28 21:53:46,2008,Q1,375800000.0,87900000.0,287900000.0,0.7660989888,0,238700000.0,0.0,238700000.0,15800000.0,254500000.0,342400000.0,0.0,6500000.0,15800000.0,49200000.0,0.1309207025,33400000.0,0.0888770623,-6500000.0,26900000.0,0.071580628,10600000.0,-6000000.0,-0.0159659393,-0.065,-0.0646,92300000,92900000,https://www.sec.gov/Archives/edgar/data/354190/000119312508093491/0001193125-08-093491-index.htm,https://www.sec.gov/Archives/edgar/data/354190/000119312508093491/d10q.htm,4.071505958829903,-0.0650054171180931,-0.6868905742145178,-0.7757313109425785,2.1018418201516798,7.568797399783315,-1.0585048754062838,7.568797399783315,4.404117009750813,2180126000.0,2394926000.0,-90.83858333333336,5.801293241085684,-34.38684542586751,-30.44868715083799,3.1207071285428003,3.1207071285428003,6.372873869079298,48.67735772357724,-37.77485804416404,-33.44868715083799,-0.0027521345096567,-0.0328421384819042,0.572573718866304,0.1197282169475291,4.365853658536586,0.9992088607594936,5.138461538461539,-3.889570552147239,0.0130726389208697,-4.75,0.6351782863225119,0.0,0.2383489478882935,-0.1293375394321766,0.021820117083555,0.4712643678160919,0.0042575838211814,,0.0153497623891066,-0.0023579344494223,-14.371072589382448,-1600000.0,-97700000.0,-621500000.0,881400000.0,1183350000.0,1779150000.0,625300000.0,254.57690260777008,1724.5392491467578,664.7098976109215,0.3535277516462841,0.0521878525203348,0.1353974121996303,-0.0085886057829945,0.0888407367280606,2008-04-24,0.19,bmo,396677777.0,2025-04-24,2008-03-31,-0.0526315789473684,24.167377049180327,734795.1147540984
2007-12-31,AJG,USD,354190,2008-02-04,2008-02-01 20:39:30,2007,Q4,370200000.0,174600000.0,195600000.0,0.528363047,0,0.0,0.0,211400000.0,13100000.0,224500000.0,399100000.0,0.0,0.0,14500000.0,-14400000.0,-0.038897893,-28900000.0,-0.0780659103,84900000.0,56000000.0,0.151269584,16800000.0,23400000.0,0.0632090762,0.27,0.27,85714286,85714286,https://www.sec.gov/Archives/edgar/data/354190/000119312508018228/0001193125-08-018228-index.htm,https://www.sec.gov/Archives/edgar/data/354190/000119312508018228/d10k.htm,4.318999985603333,0.27299999909,1.2039999959866667,1.0324999965583332,3.0729999897566667,8.347499972175001,-0.4748333317505556,8.347499972175001,4.666666651111111,2073428578.34,2217528578.34,22.152014725854706,5.600833544948677,20.09136219321705,23.428571506666668,2.8978736245143253,2.8978736245143253,5.9900825995137765,-153.9950401625,21.48768002267442,25.05682009423729,0.0112856551918147,0.0426829266869918,0.5590496156533893,0.1124606387764282,-10.006944444444445,1.019532299973121,0.0,2.63265306122449,0.0140347250462312,1.2435897435897436,0.0,0.0,0.2126068376068376,0.1424418604651162,0.039708265802269,1.013793103448276,0.0,7.16062276678292,-0.0152725351049373,0.0083553524244804,-15.159958282800138,43600000.0,-40700000.0,-565500000.0,887700000.0,1275750000.0,1850100000.0,611000000.0,316.9448946515397,965.979381443299,310.0,0.2839610339802101,0.0931696905016008,0.2903225806451613,0.0327044025157232,0.1714999994283333,2008-01-29,0.39,bmo,432162162.0,2025-04-24,2007-12-31,-0.0512820512820513,26.67734375,679422.625
2007-09-30,AJG,USD,354190,2007-10-25,2007-10-25 17:18:17,2007,Q3,410700000.0,86000000.0,324700000.0,0.7906014122,0,0.0,0.0,238800000.0,13900000.0,252700000.0,338700000.0,0.0,0.0,8500000.0,85900000.0,0.209155101,72000000.0,0.1753104456,-5600000.0,66400000.0,0.1616751887,14000000.0,51800000.0,0.1261261261,0.55,0.54,94181818,95925926,https://www.sec.gov/Archives/edgar/data/354190/000119312507225958/0001193125-07-225958-index.htm,https://www.sec.gov/Archives/edgar/data/354190/000119312507225958/d10q.htm,4.360714294132653,0.550000001061776,0.808011584571451,0.7135135148909527,4.076158309027333,8.168243259012053,1.004440156379228,8.168243259012053,4.284266417537194,2707727267.5,2759827267.5,13.068181792953668,6.592956580228877,35.581173028909326,40.29356052827381,3.5197286721695047,3.5197286721695047,6.719813166544923,32.128373311990686,36.265798521682,41.06885814732143,0.01913043481954,0.0248178613875113,0.5245027947484726,0.1129967235150802,0.6065192083818394,1.0870023848835075,0.0,1.4691119691119692,0.0108947456983867,0.5694980694980695,0.0,0.0,0.1889439637066285,0.1169513797634691,0.0216703189676162,0.5426829268292683,0.0,10.053954969334862,0.0407598831480873,0.0178855051446723,-12.439237475751424,189700000.0,94600000.0,-431500000.0,944400000.0,1370400000.0,1995950000.0,656700000.0,273.4404674945216,1911.139534883721,649.4651162790698,0.3291392851418496,0.0470923228562041,0.1385755720270705,0.0673339399454049,0.0944980696804982,2007-10-23,0.63,bmo,479149999.0,2025-04-24,2007-09-30,-0.1428571428571428,28.967142857142857,786280.9523809524
2007-06-30,AJG,USD,354190,2007-07-26,2007-07-26 17:22:37,2007,Q2,440800000.0,90100000.0,350700000.0,0.7955989111,0,0.0,0.0,238100000.0,15200000.0,253300000.0,343400000.0,0.0,0.0,17500000.0,114900000.0,0.2606624319,97400000.0,0.2209618875,-6800000.0,90600000.0,0.2055353902,46800000.0,43800000.0,0.0993647913,0.45,0.44,97333333,99545455,https://www.sec.gov/Archives/edgar/data/354190/000119312507163176/0001193125-07-163176-index.htm,https://www.sec.gov/Archives/edgar/data/354190/000119312507163176/d10q.htm,4.528767138797147,0.4500000015410959,1.173287675250985,1.0993150722579283,2.5962328856035373,8.04246578096735,1.389041100647401,8.04246578096735,2.393835624636423,2713653324.04,2735753324.04,15.48888883584475,6.156200825862069,23.762288301576184,25.36124601906542,3.4665985233009704,3.4665985233009704,6.206336942014519,23.80986356866841,23.95580844168126,25.567788075140182,0.0161406026377724,0.0394302393205856,0.2976494634644864,0.0629440527325283,0.1923411662315056,0.9428391494406164,0.0,2.6073059360730597,0.0113131621228222,0.7009132420091324,0.0,0.0,0.1749466461355593,0.063047285464098,0.0163339382940108,0.4114285714285714,0.0,9.023855401720716,0.0381182038521355,0.0143413771651222,-12.329280864141372,-154300000.0,135200000.0,-373800000.0,571400000.0,1399750000.0,2021750000.0,654400000.0,304.8321234119782,2163.296337402885,692.031076581576,0.295244474212994,0.0416031768019578,0.1300519630484988,0.0559529892692897,0.0739726029930568,2007-07-24,0.45,bmo,437318181.0,2025-04-24,2007-06-30,-0.0222222222222222,28.7268253968254,474741.2698412698
2007-03-31,AJG,USD,354190,2007-04-26,2007-04-26 17:14:25,2007,Q1,375000000.0,213900000.0,161100000.0,0.4296,0,0.0,0.0,77600000.0,14700000.0,92300000.0,306200000.0,0.0,0.0,16900000.0,85700000.0,0.2285333333,68800000.0,0.1834666667,-45000000.0,23800000.0,0.0634666667,2500000.0,19800000.0,0.0528,0.2,0.2,99000000,99000000,https://www.sec.gov/Archives/edgar/data/354190/000119312507091955/0001193125-07-091955-index.htm,https://www.sec.gov/Archives/edgar/data/354190/000119312507091955/d10q.htm,3.787878787878788,0.2,-0.4161616161616162,-0.5161616161616162,2.315151515151515,8.766666666666667,2.439393939393939,8.766666666666667,1.2505050505050506,2804670000.0,2769670000.0,35.412499999999994,7.47912,-68.07451456310679,-54.885909980430526,3.231558935361216,3.231558935361216,7.385786666666666,32.31820303383898,-67.225,-54.200978473581216,0.0070596540769502,-0.0182196122895028,0.1426431616545685,0.0365008697703216,-0.4084014002333722,0.981145945945946,0.0,-2.080808080808081,0.0105181714782844,1.4898989898989898,0.0,0.0,0.1846861455907067,-0.2402912621359223,0.0264,0.5857988165680473,0.0037333333333333,6.2809234989768825,0.0511829669523669,0.0071601634542364,-10.168939393939391,-43600000.0,241500000.0,-254900000.0,662000000.0,1364400000.0,1918300000.0,602450000.0,313.56,790.0981767180926,259.1865357643759,0.2870264064293915,0.1139098945574608,0.3472402597402597,0.0228136882129277,0.1,2007-04-24,0.26,bmo,487500000.0,2025-04-24,2007-03-31,-0.2307692307692307,28.661311475409835,584780.3606557377
2006-12-31,AJG,USD,354190,2007-02-05,2007-02-02 19:03:27,2006,Q4,414700000.0,91400000.0,323300000.0,0.7795997106,0,0.0,0.0,245000000.0,15700000.0,260700000.0,352100000.0,0.0,0.0,17200000.0,79800000.0,0.1924282614,62600000.0,0.1509524958,-47000000.0,15600000.0,0.0376175549,-9000000.0,24600000.0,0.0593199904,0.25,0.25,98085528,99000000,https://www.sec.gov/Archives/edgar/data/354190/000119312507019450/0001193125-07-019450-index.htm,https://www.sec.gov/Archives/edgar/data/354190/000119312507019450/d10k.htm,4.227942780712767,0.2508015249711456,0.3119726286226445,0.2558991169421038,2.6222013098609205,8.809658444210037,3.4092695101768733,8.809658444210037,0.3547924011786937,2898427352.4,2725227352.4,29.45556252439024,6.989214739329636,94.71984811764706,115.47519332270916,3.354273061451221,3.354273061451221,6.571563425126598,34.150718701754386,89.05971739869281,108.57479491633468,0.0084873612511385,0.0086598685936414,0.0402731165374377,0.0101751410777462,-2.1704260651629075,0.9895473285303794,0.0,1.2439024390243902,0.0101434317391656,1.195121951219512,0.0,0.0,0.154878512324201,0.1797385620915032,0.013262599469496,0.3197674418604651,0.0,7.050759170214451,-0.0808811016922446,0.0085109327428729,-9.559259343539448,-25100000.0,334400000.0,-179800000.0,607700000.0,711150000.0,1955450000.0,613400000.0,308.6737400530504,1928.7964989059085,579.8796498905908,0.2915699922660479,0.0466612211558096,0.1552046187807777,0.0284689272074991,0.0560735116805406,2007-01-30,0.43,bmo,685764000.0,2025-04-24,2006-12-31,-0.4186046511627906,28.554285714285715,411450.79365079367
2006-09-30,AJG,USD,354190,2006-10-26,2006-10-26 16:28:21,2006,Q3,421200000.0,80900000.0,340300000.0,0.8079297246,0,0.0,0.0,220100000.0,14800000.0,234900000.0,315800000.0,0.0,0.0,16200000.0,121600000.0,0.2886989554,105400000.0,0.2502374169,-44600000.0,60800000.0,0.1443494777,10600000.0,50200000.0,0.1191832858,0.52,0.51,96538462,98431373,https://www.sec.gov/Archives/edgar/data/354190/000119312506215937/0001193125-06-215937-index.htm,https://www.sec.gov/Archives/edgar/data/354190/000119312506215937/d10q.htm,4.3630278675871175,0.5199999975139442,1.035856568752877,0.9478087604088824,2.7760956042577103,8.761274858511833,3.777768906241742,8.761274858511833,1.1477290781781877,2574680781.54,2454380781.54,12.822115445916335,6.112727401566952,25.746807815400004,28.138587776393443,3.044077537881296,3.044077537881296,5.827114865954416,20.184052479769736,24.5438078154,26.823833678032788,0.0194975627114339,0.0355383862170559,0.1310002364625206,0.0324441451202014,-0.9893092105263158,1.0034336237606765,0.0,1.99203187250996,0.0113412117763719,0.5816733067729084,0.0,0.0,0.1408743521419578,0.085,0.0201804368471035,0.5246913580246914,0.0,10.124569884914395,0.0795978616164485,0.0171097477845944,-20.534302690672657,8000000.0,364700000.0,-231400000.0,557100000.0,809100000.0,2095850000.0,623500000.0,0.0,2171.68108776267,709.6538936959209,0.0,0.0414425490497413,0.1268223859539112,0.0593520926933081,0.0880478083439945,2006-10-24,0.5,bmo,365980392.0,2025-04-24,2006-09-30,0.02,26.45492063492064,526928.5714285715
2006-06-30,AJG,USD,354190,2006-07-28,2006-07-27 18:13:33,2006,Q2,370600000.0,76500000.0,294100000.0,0.7935779817,0,0.0,0.0,219300000.0,13000000.0,232300000.0,308800000.0,0.0,0.0,16900000.0,78700000.0,0.2123583378,61800000.0,0.1667566109,-14100000.0,47700000.0,0.1287101997,11100000.0,36600000.0,0.0987587696,0.38,0.37,96315789,98918919,https://www.sec.gov/Archives/edgar/data/354190/000119312506155055/0001193125-06-155055-index.htm,https://www.sec.gov/Archives/edgar/data/354190/000119312506155055/d10q.htm,3.847759581764938,0.3800000018688524,0.7080874351763863,0.6084153035386545,2.600819684922064,8.318469986265699,3.56950821427627,8.318469986265699,1.5210382588466362,2440642093.26,2364742093.26,16.671052549590165,6.5856505484619525,35.78654095689149,41.64918247883959,3.046233266674988,3.046233266674988,6.380847526335671,30.04754883430749,34.67363773108504,40.353960635836174,0.0149960537438379,0.0240100751199153,0.1828507239141288,0.0402660583239425,-0.9644218551461246,0.9986939151813152,0.0,1.8633879781420768,0.0118821190866475,0.7923497267759563,0.0,0.0,0.1257180551356402,0.1407624633431085,0.0259039395574743,0.5680473372781065,0.0,8.43344050387246,0.0440164001898526,0.0115061774969348,-11.092677650182567,-3400000.0,343800000.0,-237300000.0,643400000.0,809100000.0,2022050000.0,561350000.0,392.9789530491095,2634.823529411765,716.5882352941177,0.2290198986528241,0.0341578853366672,0.1255951403710392,0.045681477783325,0.0996721316377318,2006-07-25,0.32,bmo,320518918.0,2025-04-24,2006-06-30,0.1562499999999999,26.801269841269843,683165.0793650794
2006-03-31,AJG,USD,354190,2006-04-25,2006-04-25 10:48:26,2006,Q1,327500000.0,73600000.0,253900000.0,0.7752671756,0,0.0,0.0,205500000.0,12900000.0,218400000.0,292000000.0,0.0,0.0,14700000.0,50200000.0,0.1532824427,35500000.0,0.1083969466,-6500000.0,29000000.0,0.0885496183,11900000.0,17100000.0,0.0522137405,0.18,0.17,95000000,100588235,https://www.sec.gov/Archives/edgar/data/354190/000119312506087508/0001193125-06-087508-index.htm,https://www.sec.gov/Archives/edgar/data/354190/000119312506087508/d10q.htm,3.4473684210526314,0.18,-0.9905263157894736,-1.0894736842105264,2.26,8.198947368421052,3.663157894736842,8.198947368421052,1.1821052631578948,2641950000.0,2570250000.0,38.625,8.067022900763359,-28.075982996811906,-25.526086956521738,3.3918988316857104,3.3918988316857104,7.848091603053435,51.20019920318725,-27.314027630180657,-24.83333333333333,0.0064724919093851,-0.0391756089252256,0.1441776864809346,0.0358202290198079,-1.4282868525896415,1.0050485986599982,0.0,-5.502923976608187,0.0101440224076912,1.567251461988304,0.0,0.0,0.1374437816975535,-0.0998937300743889,0.0287022900763358,0.6394557823129252,0.0054961832061068,5.762441916592762,0.0204821512922599,0.0063234967827823,-19.838947368421053,10700000.0,348000000.0,-226100000.0,628700000.0,698400000.0,1860950000.0,515950000.0,0.0,2206.5896739130435,628.0434782608696,0.0,0.0407869215849265,0.1433021806853582,0.0219540377455385,0.0989473684210526,2006-04-20,0.27,bmo,520147058.0,2025-04-24,2006-03-31,-0.3703703703703703,29.46322580645161,556932.2580645161
2005-12-31,AJG,USD,354190,2006-02-08,2006-02-08 08:56:15,2005,Q4,376100000.0,103000000.0,273100000.0,0.7261366658,0,0.0,0.0,310500000.0,12100000.0,322600000.0,425600000.0,0.0,0.0,13600000.0,-35900000.0,-0.0954533369,-49500000.0,-0.1316139325,48400000.0,-1100000.0,-0.0029247541,-8600000.0,2500000.0,0.0066471683,0.026,0.025,95000000,100588235,https://www.sec.gov/Archives/edgar/data/354190/000119312506023110/0001193125-06-023110-index.htm,https://www.sec.gov/Archives/edgar/data/354190/000119312506023110/d10k.htm,3.958947368421053,0.0263157894736842,0.3442105263157894,0.2557894736842105,3.8,8.09578947368421,3.693684210526316,8.09578947368421,1.188421052631579,2933600000.0,2728700000.0,293.36,7.800053177346451,89.7125382262997,120.72427983539094,3.814328435834092,3.814328435834092,7.255251262961978,-76.008356545961,83.44648318042813,112.29218106995884,0.0008521952549768,0.0082833378783746,0.1467949551423742,0.0333087476028912,5.707520891364903,1.0064954113062063,0.0,4.36,0.0091014453231524,10.68,0.0,0.0,0.1233810296503909,0.2568807339449541,0.022334485509173,0.6176470588235294,0.0,2.189419913307336,0.3346554288547347,0.0008413825598223,-10.027894736842104,15500000.0,350900000.0,-218600000.0,618800000.0,698400000.0,1932900000.0,551100000.0,334.25152884871045,1675.398058252427,452.8834951456311,0.269258304696449,0.0537185772400125,0.1987266062126181,0.0032505525939409,0.0884210526315789,2006-01-31,0.52,bmo,477004878.0,2025-04-24,2005-12-31,-0.2115384615384616,30.029682539682536,359014.28571428574
2005-09-30,AJG,USD,354190,2005-10-27,2005-10-27 09:48:11,2005,Q3,389900000.0,75700000.0,314200000.0,0.8058476532,0,0.0,0.0,202000000.0,13200000.0,215200000.0,290900000.0,0.0,0.0,14700000.0,113700000.0,0.2916132342,99000000.0,0.2539112593,-33400000.0,65600000.0,0.1682482688,15100000.0,50500000.0,0.1295203898,0.53,0.52,95283019,97115385,https://www.sec.gov/Archives/edgar/data/354190/000119312505209553/0001193125-05-209553-index.htm,https://www.sec.gov/Archives/edgar/data/354190/000119312505209553/d10q.htm,4.092019796308091,0.5299999992653466,1.0725940579191766,1.039009899549887,3.623940589036122,8.233366325221077,3.9587326677799743,8.233366325221077,1.2111287111924949,2745103777.39,2546603777.39,13.589622660346532,7.040532899179277,26.860115238649705,27.728320983737373,3.49917626181007,3.49917626181007,6.531428000487304,22.39757060149516,24.91784517994129,25.723270478686867,0.0183963901168117,0.0360642103280072,0.1471000637348629,0.0340835253115954,-1.7458223394898855,1.012214506818372,0.0,2.023762376237624,0.009653551249416,0.5247524752475248,0.0,0.0,0.1202965325772343,0.0313111545988258,0.0082072326237496,0.2176870748299319,-0.0064119004873044,9.908728136959166,0.0739993108495023,0.0169548430417995,-20.61280195162582,29200000.0,377200000.0,-181500000.0,491900000.0,757100000.0,2006800000.0,557000000.0,0.0,2316.459709379128,694.2007926023778,0.0,0.0388523917060151,0.1296454872409659,0.064372211599745,0.0335841583692892,2005-10-25,0.54,bmo,404896153.0,2025-04-24,2005-09-30,-0.037037037037037,27.8965625,526834.375
2005-06-30,AJG,USD,354190,2005-07-28,2005-07-28 11:21:22,2005,Q2,371100000.0,74100000.0,297000000.0,0.800323363,0,0.0,0.0,189100000.0,14300000.0,203400000.0,277500000.0,0.0,0.0,15700000.0,109300000.0,0.2945297763,93600000.0,0.2522231205,-36200000.0,57400000.0,0.1546752897,13200000.0,51800000.0,0.1395850175,0.55,0.54,94181818,95925926,https://www.sec.gov/Archives/edgar/data/354190/000119312505150938/0001193125-05-150938-index.htm,https://www.sec.gov/Archives/edgar/data/354190/000119312505150938/d10q.htm,3.940250972857627,0.550000001061776,0.424710425530329,0.3556949813816505,2.8784749090318047,7.8879343781620355,3.637644794667268,7.8879343781620355,1.733880312227568,2555152722.34,2475352722.34,12.331818158011584,6.885348214335758,63.8788180585,76.2732155922388,3.4394302360209985,3.4394302360209985,6.670311836001077,22.64732591344922,61.88381805849999,73.89112603999999,0.0202727608205593,0.0131107623067324,0.2198142414860681,0.0474102891650214,-0.7301006404391582,0.9936190705514086,0.0,0.9009009009009008,0.010214653618081,0.5038610038610039,0.0,0.0,0.1162176286145627,0.1625,0.0175154944758825,0.4193548387096774,-0.0064672594987873,9.879938669758918,0.0729580537747158,0.0170165237672875,-10.933108129214494,-15900000.0,342600000.0,-225600000.0,572500000.0,757100000.0,1946300000.0,518100000.0,367.2271624898949,2508.34008097166,643.8461538461538,0.2450799101835953,0.0358803021499128,0.1397849462365591,0.0697267465338538,0.0690154441486784,2005-07-26,0.46,bmo,371100000.0,2025-04-24,2005-06-30,0.0,27.64140625,453456.25
2005-03-31,AJG,USD,354190,2005-05-02,2005-05-02 10:16:41,2005,Q1,346800000.0,69500000.0,277300000.0,0.7995963091,0,0.0,0.0,193200000.0,13800000.0,207000000.0,276500000.0,0.0,0.0,16500000.0,86800000.0,0.2502883506,70300000.0,0.202710496,-195000000.0,-124700000.0,-0.3595732411,-51100000.0,-73800000.0,-0.2128027682,-0.85,-0.85,86823529,86823529,https://www.sec.gov/Archives/edgar/data/354190/000119312505091448/0001193125-05-091448-index.htm,https://www.sec.gov/Archives/edgar/data/354190/000119312505091448/d10q.htm,3.99430896203263,-0.8500000040311654,0.1600948517077669,0.1059620601231263,2.765379416908981,7.863075918049818,3.5681571984939704,7.863075918049818,2.086991879816358,2500517635.2000003,2469417635.2000003,-8.470588195121952,7.210258463667821,179.89335505035973,271.7953951304348,3.66268878746155,3.66268878746155,7.120581416378317,28.449511926267284,177.6559449784173,268.41496034782614,-0.0295138890288599,0.0036792381987196,0.2654167276988428,0.056139046379775,-0.358294930875576,0.9716439496866373,0.0,-0.1883468834688346,0.0091980954967991,-0.3116531165311653,0.0,0.0,0.1155311831954642,0.3381294964028777,0.0135524798154555,0.281437125748503,0.0077854671280276,,0.0419579546275607,-0.0258511979823455,-23.63241881126486,-64700000.0,309800000.0,-328000000.0,560400000.0,677750000.0,1833150000.0,497500000.0,0.0,2366.4172661870502,655.3812949640287,0.0,0.038032176863303,0.1373246393993282,-0.1081001904203896,0.0541327915846406,2005-04-26,0.32,bmo,336290909.0,2025-04-24,2005-03-31,0.03125,30.158688524590165,397301.6393442623
2004-12-31,AJG,USD,354190,2005-01-28,2005-01-27 19:56:08,2004,Q4,386900000.0,72300000.0,314600000.0,0.8131300078,0,0.0,0.0,68100000.0,13500000.0,81600000.0,153900000.0,0.0,0.0,16200000.0,249200000.0,0.6440940812,233000000.0,0.6022227966,-171700000.0,61300000.0,0.1584388731,12200000.0,49100000.0,0.1269061773,0.53,0.53,91111111,92500000,https://www.sec.gov/Archives/edgar/data/354190/000119312505013417/0001193125-05-013417-index.htm,https://www.sec.gov/Archives/edgar/data/354190/000119312505013417/d10k.htm,4.24646341981276,0.5389024396815884,0.4620731712952112,0.3874390248627305,2.750487808232302,8.352439034576145,4.245365858835812,8.352439034576145,1.990975612184117,2961111107.5,2917911107.5,15.076940465885947,7.653427520031015,70.33518070071258,83.88416735127478,3.891078984888305,3.891078984888305,7.541770761178599,11.709113593499197,69.30905243467933,82.66037131728045,0.0165816135286642,0.011921200765007,0.2383705650459921,0.0560239661509002,-0.1733547351524879,1.0070973283305455,0.0,0.8574338085539714,0.0078011257130782,0.470468431771894,0.0,0.0,0.1155687328206553,0.1615201900237529,0.0175756009304729,0.419753086419753,0.0,10.063591301968614,0.1748763668736594,0.017145650731571,-10.5939329397487,15700000.0,386800000.0,-249100000.0,648900000.0,677750000.0,1796050000.0,488600000.0,315.3140346342724,2289.0871369294605,608.5892116182572,0.2854297307266691,0.0393169829789548,0.1478830026590304,0.0645203679369251,0.0746341464324806,2005-01-25,0.56,bmo,402123076.0,2025-04-24,2004-12-31,-0.0714285714285714,30.65765625,680571.890625
2004-09-30,AJG,USD,354190,2004-10-28,2004-10-28 08:24:45,2004,Q3,363500000.0,67600000.0,295900000.0,0.8140302613,0,0.0,0.0,178800000.0,12300000.0,191100000.0,258700000.0,0.0,0.0,14800000.0,119600000.0,0.3290233838,104800000.0,0.2883081155,-36300000.0,68500000.0,0.1884456671,13800000.0,54400000.0,0.149656121,0.59,0.57,92203390,95438596,https://www.sec.gov/Archives/edgar/data/354190/000119312504179965/0001193125-04-179965-index.htm,https://www.sec.gov/Archives/edgar/data/354190/000119312504179965/d10q.htm,3.9423713162824057,0.5899999989154412,1.021654409886665,0.9066911748038764,3.505294111203503,8.057187485188994,4.8696691086954615,8.057187485188994,1.9858272022319352,3054698310.7000003,2940498310.7000003,14.038135619025736,8.40357169381018,32.427795230360935,36.53945347727273,4.111856657289003,4.111856657289003,8.089403880880331,24.586106276755856,31.215481005307858,35.17342476913876,0.0178086326264847,0.0273676780804067,0.2464665500067303,0.0593517017828201,-0.9548494983277592,1.0414816936369278,0.0,1.7316176470588236,0.0075293851178152,0.4227941176470588,0.0,0.0,0.0952674230145867,0.1125265392781316,0.0291609353507565,0.6838709677419355,0.0,10.34210634586919,0.0811313691704024,0.019490523449536,-19.2482076852055,86900000.0,449000000.0,-160300000.0,639900000.0,0.0,1841750000.0,483400000.0,0.0,2334.1420118343194,650.103550295858,0.0,0.0385580652521104,0.1384394839238173,0.0732265446224256,0.1149632350827881,2004-10-26,0.61,bmo,389008771.0,2025-04-24,2004-09-30,-0.0655737704918033,31.3715625,385406.25
2004-06-30,AJG,USD,354190,2004-07-28,2004-07-28 16:28:08,2004,Q2,368700000.0,65700000.0,303000000.0,0.8218063466,0,0.0,0.0,174400000.0,14300000.0,188700000.0,254400000.0,0.0,0.0,16200000.0,130500000.0,0.3539462978,114300000.0,0.3100081367,-56400000.0,57900000.0,0.1570382425,11600000.0,46100000.0,0.1250339029,0.51,0.49,90392157,94081633,https://www.sec.gov/Archives/edgar/data/354190/000119312504126301/0001193125-04-126301-index.htm,https://www.sec.gov/Archives/edgar/data/354190/000119312504126301/d10q.htm,4.078893703134001,0.5099999992255966,0.8562689791770319,0.7876789575892077,3.161778737064544,7.70863339393483,4.72939261754756,7.70863339393483,2.014555311474645,2752441180.65,2676241180.65,14.926470610900216,7.465259508136697,35.56125556395349,38.65788175070225,3.9501165049512057,3.9501165049512057,7.258587417005696,20.507595254022988,34.57675943992248,37.587657031601125,0.0167487684474744,0.0258679460620429,0.2613375430539609,0.0565844260766888,-0.5839080459770115,1.0293872172194158,0.0,1.6789587852494576,0.0082108929916035,0.4902386117136659,0.0,0.0,0.0836803181902927,0.0801033591731266,0.0168158394358557,0.3502824858757062,0.0,9.405135196321549,0.0932277826751479,0.01563294787887,-22.085433805944028,66900000.0,427500000.0,-178000000.0,609000000.0,612950000.0,1812350000.0,466550000.0,0.0,2644.246575342466,655.4794520547945,0.0,0.034036160182355,0.1373040752351097,0.0661595866819747,0.0685900215878242,2004-07-27,0.47,bmo,353651020.0,2025-04-24,2004-06-30,0.0425531914893617,31.850161290322585,379964.5161290322
2004-03-31,AJG,USD,354190,2004-04-30,2004-04-30 13:01:49,2004,Q1,332900000.0,64600000.0,268300000.0,0.8059477321,0,0.0,0.0,165300000.0,11200000.0,176500000.0,241100000.0,0.0,0.0,13900000.0,105700000.0,0.3175127666,91800000.0,0.275758486,-43400000.0,48400000.0,0.1453890057,9600000.0,38900000.0,0.1168519075,0.43,0.41,90465116,94878049,https://www.sec.gov/Archives/edgar/data/354190/000119312504075191/0001193125-04-075191-index.htm,https://www.sec.gov/Archives/edgar/data/354190/000119312504075191/d10q.htm,3.6798714766474174,0.4300000013264781,0.7019280227308834,0.6422365058372335,2.626426743320597,7.162982027237991,4.3619023270804185,7.162982027237991,1.7155784114619386,2946448828.12,2890148828.12,18.93604645321337,8.850852592730549,46.40076894677165,50.71340495903614,4.54698893228395,4.54698893228395,8.681732736917994,27.342940663386944,45.5141547735433,49.74438602616179,0.0132023334764039,0.0197186523130866,0.2395061728395061,0.0540201879568395,-0.532639545884579,1.022349713145423,0.0,1.6323907455012854,0.005498144018451,0.416452442159383,0.0,0.0,0.0882004872955099,0.0850393700787401,0.0162210874136377,0.3884892086330935,0.0063082006608591,8.324773349906422,0.0815511253736592,0.0148495953580699,-9.29280851195725,44800000.0,394600000.0,-175700000.0,561300000.0,1256150000.0,1718950000.0,446100000.0,331.4238510063082,2360.61919504644,633.343653250774,0.2715555918100987,0.0381255901794145,0.1421029476462824,0.0600308641975308,0.0596915168936499,2004-04-27,0.38,bmo,307151219.0,2025-04-24,2004-03-31,0.0789473684210525,32.42645161290323,316038.70967741933
2003-12-31,AJG,USD,354190,2004-02-09,2004-02-09 10:55:55,2003,Q4,365500000.0,72200000.0,293300000.0,0.8024623803,0,0.0,0.0,215000000.0,11600000.0,226600000.0,298800000.0,0.0,0.0,13600000.0,80300000.0,0.2196990424,66700000.0,0.1824897401,-1900000.0,64800000.0,0.1772913817,15600000.0,49200000.0,0.1346101231,0.54,0.52,90465116,94878049,https://www.sec.gov/Archives/edgar/data/354190/000119312504016970/0001193125-04-016970-index.htm,https://www.sec.gov/Archives/edgar/data/354190/000119312504016970/d10k.htm,4.040231374931305,0.5438560428088104,0.934061699539522,0.8522622134260017,2.492673529540381,6.843521872010864,4.3795887024563145,6.843521872010864,1.6912596453200812,2939211618.84,2898611618.84,14.935018388414637,8.041618656196992,34.78356945372781,38.122070283268485,4.74755551419803,4.74755551419803,7.930537944842682,36.09728043387298,34.303096080946744,37.59548143761349,0.0167391826041492,0.0262315239589412,0.247132934905508,0.0527295285359801,-0.5056039850560399,1.0226070926114588,0.0,1.717479674796748,0.0055116820769759,0.3292682926829268,0.0,0.0,0.0768196856906534,0.0875739644970414,0.0202462380300957,0.5441176470588235,0.0,9.151095087158469,0.0581296976498996,0.0183671183783178,-9.65455015831738,46600000.0,396200000.0,-174600000.0,535700000.0,643200000.0,1692400000.0,419050000.0,316.7606019151847,2173.3379501385043,545.4847645429363,0.2841262437810945,0.0414109549756237,0.1649908592321755,0.0794701986754966,0.0817994861135202,2004-01-27,0.53,bmo,322800000.0,2025-04-24,2003-12-31,0.0,30.19078125,438960.203125
2003-09-30,AJG,USD,354190,2003-10-23,2003-10-23 15:36:02,2003,Q3,345000000.0,64300000.0,280700000.0,0.8136231884,0,0.0,0.0,203500000.0,10800000.0,214300000.0,278600000.0,0.0,0.0,16300000.0,82700000.0,0.2397101449,66400000.0,0.1924637681,-2000000.0,64400000.0,0.1866666667,15500000.0,48900000.0,0.1417391304,0.54,0.52,90555556,94038462,https://www.sec.gov/Archives/edgar/data/354190/000119312503066203/0001193125-03-066203-index.htm,https://www.sec.gov/Archives/edgar/data/354190/000119312503066203/d10q.htm,3.8098159322217615,0.5399999973496933,0.9773006087003652,0.918773001625654,2.8766871024457075,6.5219631581744135,4.666748443353382,6.5219631581744135,1.6685889488658212,2560911123.6800003,2533811123.6800003,13.092592656850716,7.422930793275363,28.93684885514125,30.780181775000003,4.336117717033526,4.336117717033526,7.344380068637682,30.63858674340992,28.63063416587571,30.45446062115385,0.0190947665258024,0.0324884371154757,0.2558415171012529,0.0560647100293124,-0.3276904474002418,1.0355383163853653,0.0,1.8098159509202456,0.0063649221752674,0.3333333333333333,0.0,0.0,0.0623353493376869,0.0598870056497175,0.0153623188405797,0.3251533742331288,0.0,8.901789257385397,0.0620537028189202,0.0193502433619563,-18.15184040170876,67800000.0,422600000.0,-128900000.0,501500000.0,0.0,1644450000.0,342750000.0,0.0,2297.309486780716,560.5754276827371,0.0,0.0391762627185767,0.1605493133583021,0.0827971554351506,0.0585276070747111,2003-10-21,0.51,bmo,338365384.0,2025-04-24,2003-09-30,0.0196078431372549,27.01578125,480935.9375
2003-06-30,AJG,USD,354190,2003-07-24,2003-07-24 16:16:52,2003,Q2,299000000.0,63500000.0,235500000.0,0.7876254181,0,0.0,0.0,175800000.0,9400000.0,185200000.0,248700000.0,0.0,0.0,8400000.0,59700000.0,0.1996655518,50300000.0,0.1682274247,-2000000.0,48300000.0,0.1615384615,12100000.0,36200000.0,0.1210702341,0.4,0.39,90500000,92820513,https://www.sec.gov/Archives/edgar/data/354190/000119312503023443/0001193125-03-023443-index.htm,https://www.sec.gov/Archives/edgar/data/354190/000119312503023443/d10q.htm,3.303867403314917,0.4,-0.0220994475138121,-0.0508287292817679,2.6674033149171272,6.3259668508287294,4.607734806629834,6.3259668508287294,1.7823204419889502,2461600000.0,2473900000.0,17.0,8.232775919732441,-1230.8,-535.1304347826087,4.299737991266375,4.299737991266375,8.273913043478261,41.438860971524285,-1236.95,-537.804347826087,0.0147058823529411,-0.0018687032824179,0.2817467248908297,0.060999130204591,0.2060301507537688,1.0372495881821564,0.0,-0.0554016620498614,0.0066623334416639,0.4530386740331492,0.0,0.0,0.058805733086261,-1.3,0.008695652173913,0.268041237113402,0.0,7.545442442790122,0.0473010850731651,0.0145451623272259,-18.650828729281766,70100000.0,417000000.0,-119800000.0,410500000.0,607000000.0,824800000.0,268000000.0,0.0,2335.181102362205,403.93700787401576,0.0,0.0385409079873755,0.2228070175438596,0.0632314410480349,0.0287292817679558,2003-07-22,0.38,bmo,291131578.0,2025-04-24,2003-06-30,0.0263157894736842,26.457936507936505,525673.0317460317
2003-03-31,AJG,USD,354190,2003-05-15,2003-05-15 10:17:40,2003,Q1,254000000.0,63000000.0,191000000.0,0.7519685039,0,0.0,0.0,168000000.0,7000000.0,175000000.0,238000000.0,0.0,0.0,10300000.0,26300000.0,0.1035433071,16000000.0,0.062992126,0.0,16000000.0,0.062992126,4000000.0,12000000.0,0.0472440945,0.13,0.13,92307692,92307692,https://www.sec.gov/Archives/edgar/data/354190/000095013103002915/0000950131-03-002915-index.htm,https://www.sec.gov/Archives/edgar/data/354190/000095013103002915/d10q.txt,2.751666675838889,0.1300000004333333,0.6283333354277778,0.5200000017333334,2.3941666746472223,5.904166686347223,4.235833347452778,5.904166686347223,1.6683333388944446,2266153838.6,2255153838.6,47.211538304166666,8.921865506299213,39.07161790689655,47.211538304166666,4.158080437798165,4.158080437798165,8.878558419685039,85.747294243346,38.88196273448276,46.9823716375,0.0052953156999321,0.0211812627997284,0.2825688073394495,0.0617977528089887,-0.4182509505703422,1.0261512222853897,0.0,4.833333333333333,0.0057365920082597,1.0833333333333333,0.0,0.0,0.0617977528089887,0.1724137931034483,0.0393700787401574,1.1111111111111112,0.0,4.155681365929209,0.0158102766798418,0.0051325919589392,-7.475000024916667,46000000.0,391000000.0,-142000000.0,454000000.0,1198868500.0,55000000.0,253661500.0,430.1574803149607,2.857142857142857,358.57142857142856,0.2092257001647446,31.5,0.250996015936255,0.0220183486238532,0.1083333336944444,2003-04-24,0.39,bmo,286564102.0,2025-04-24,2003-03-31,-0.1282051282051281,25.657049180327867,467129.5081967213
2002-12-31,AJG,USD,354190,2003-03-25,2003-03-25 12:19:28,2002,Q4,306782000.0,86486000.0,220296000.0,0.7180864588,0,0.0,0.0,157205000.0,8386000.0,165591000.0,252077000.0,0.0,0.0,8386000.0,63091000.0,0.2056541779,54705000.0,0.1783188062,0.0,54705000.0,0.1783188062,16412000.0,38293000.0,0.1248215345,0.41,0.41,92307692,92307692,https://www.sec.gov/Archives/edgar/data/354190/000095013103001589/0000950131-03-001589-index.htm,https://www.sec.gov/Archives/edgar/data/354190/000095013103001589/d10k.txt,3.3234716777449056,0.4148408347161361,0.6117366687057889,0.4710550015701833,1.8108458393694864,5.721679185738931,4.258507514195025,5.721679185738931,1.90808583969362,2711999990.96,2735594990.96,17.70558581829577,8.84015356494188,48.027201086633134,62.37063591739111,5.134856227736176,5.134856227736176,8.917064856999433,43.35951230698515,48.44504836296664,62.91327425049446,0.0141198378051782,0.0160331858941519,0.3334835417633081,0.0714940975996661,0.3739836109746239,1.0137208191110674,0.0,1.4746298279058836,0.0048657817271337,0.3446060637714465,0.0,0.0,0.05482360180778,0.2299709570021959,0.0423297325136416,1.5485332697352732,0.0,7.307919595293336,0.0502696415631334,0.0164452663331775,-8.149913985499714,24006000.0,393093000.0,-161809000.0,410063000.0,1141061500.0,108405500.0,274794000.0,347.27047219197993,112.38813218324354,266.73762227412533,0.2591639865949953,0.8007962962962963,0.3374102206981035,0.072503337088544,0.1406816671356055,2003-01-29,0.41,bmo,284334536.0,2025-04-24,2002-12-31,0.0731707317073171,27.05953125,405995.3125
2002-09-30,AJG,USD,354190,2002-11-14,2002-11-14 13:24:58,2002,Q3,256500000.0,56900000.0,199600000.0,0.7781676413,0,0.0,0.0,155000000.0,8900000.0,163900000.0,220800000.0,0.0,0.0,11071000.0,46771000.0,0.1823430799,35700000.0,0.1391812865,-2400000.0,33300000.0,0.1298245614,10000000.0,23300000.0,0.0908382066,0.26,0.25,88100000,92100000,https://www.sec.gov/Archives/edgar/data/354190/000095013102004450/0000950131-02-004450-index.htm,https://www.sec.gov/Archives/edgar/data/354190/000095013102004450/d10q.txt,2.9114642451759365,0.264472190692395,0.9357207718501702,0.8164585698070375,1.6195913734392735,5.537026106696936,4.299194097616345,5.537026106696936,2.062917139614075,2171665000.0,2224764000.0,23.301126609442058,8.466530214424951,26.34332884505744,30.19136660642291,4.4518482530155055,4.4518482530155055,8.673543859649122,47.56716768938017,26.987444957967902,30.929570415681912,0.0107290949570951,0.03312205151347,0.3725677105114265,0.0773186929127828,1.1352975134164334,1.0008512703937866,0.0,3.5365508365508367,0.0061013093640133,0.5686695278969958,0.0,0.0,0.0463942788344954,0.1274549049577253,0.0409629629629629,1.1785754346606845,0.0,5.740101222807856,0.0349889053105099,0.0103947460581383,-8.509080590238366,1438000.0,378759000.0,-172080000.0,355324000.0,1176918000.0,110654500.0,260107000.0,385.3985964912281,172.10878734622145,463.8637961335676,0.233524462256438,0.5229250719136852,0.194022471143846,0.0477643026411814,0.1192622020431328,2002-10-23,0.45,bmo,268430232.0,2025-04-24,2002-09-30,-0.0444444444444444,28.17890625,638417.171875
2002-06-30,AJG,USD,354190,2002-08-14,2002-08-14 14:02:25,2002,Q2,248644000.0,72004000.0,176640000.0,0.7104132816,0,0.0,0.0,145333000.0,8389000.0,153722000.0,225726000.0,0.0,0.0,8129000.0,31307000.0,0.1259109409,22918000.0,0.0921719406,25614000.0,48532000.0,0.1951866926,14071000.0,34461000.0,0.1385957433,0.39,0.37,88361538,93137838,https://www.sec.gov/Archives/edgar/data/354190/000095013102003221/0000950131-02-003221-index.htm,https://www.sec.gov/Archives/edgar/data/354190/000095013102003221/d10q.txt,2.813939250355737,0.3900000020370854,-0.0061678419404605,-0.1271933496675895,1.2515513254194377,5.463553610848195,4.252144185177039,5.463553610848195,2.407088025108844,3029917138.02,3132022138.02,21.98076911595717,12.185764136757774,-5559.48098719266,-269.58956651125544,6.276134992418719,6.276134992418719,12.596411487990862,100.04223138659086,-5746.829611045871,-278.67444950796335,0.0113735783621197,-0.0037093423641758,0.4405718688894044,0.0868660326261196,3.261411185996742,0.9768642623941453,0.0,-0.0158149792519079,0.0042407100309009,0.3728562723078262,0.0,0.0,0.0437168602046371,-19.622018348623858,0.0430092823474525,1.2747645726546668,0.0,6.924065509916247,0.0220347269057063,0.0147175705011388,-9.054957825654869,-41349000.0,375726000.0,-219875000.0,306918000.0,1172122500.0,113353000.0,236889000.0,454.4268110229887,140.61468807288483,283.670490528304,0.1980516946114938,0.6400469341677185,0.3172695187024397,0.071382113147516,0.1210255077271289,2002-07-19,0.38,bmo,274010810.0,2025-04-24,2002-06-30,-0.0263157894736842,34.9325,366045.3125
2002-03-31,AJG,USD,354190,2002-05-14,2002-05-14 13:17:07,2002,Q1,249000000.0,67000000.0,182000000.0,0.7309236948,0,0.0,0.0,126000000.0,6000000.0,132000000.0,199000000.0,0.0,0.0,7000000.0,57000000.0,0.2289156627,50000000.0,0.2008032129,-1000000.0,49000000.0,0.1967871486,15000000.0,34000000.0,0.1365461847,0.39,0.37,85405000,90595000,https://www.sec.gov/Archives/edgar/data/354190/000095013102001966/0000950131-02-001966-index.htm,https://www.sec.gov/Archives/edgar/data/354190/000095013102001966/d10q.txt,2.915520168608395,0.3981031555529535,0.1325800597154733,0.0009367133071834,1.2083250395175926,4.737123119255313,3.88418710848311,4.737123119255313,1.8351735846847377,2800429950.0,2853965950.0,20.59139669117647,11.246706626506024,247.32226000176632,35005.374375,6.921922689050706,6.921922689050706,11.46171064257028,50.06957807017544,252.050335600106,35674.574375,0.0121409928500443,2.8567042000104305e-05,0.387402551819939,0.0721403545593967,0.9392280701754386,0.9686183075432886,0.0,0.3362435040831477,0.0039508219086144,0.3254117647058823,0.0,0.0,0.0335287662960528,0.9929347346109688,0.045152610441767,1.6681008902077152,0.0,6.513979766272979,0.0576713574626448,0.0161922727616921,-8.486976757801065,-51092000.0,331729000.0,-191047000.0,210761000.0,822035500.0,112913000.0,228169000.0,393.5403614457832,153.41373134328356,331.56134328358206,0.2286931883412396,0.5866489212664612,0.271442982793756,0.0840390138763242,0.1316433464082899,2002-04-23,0.34,bmo,219621621.0,2025-04-24,2002-03-31,0.0882352941176469,33.747,403805.0
2001-12-31,AJG,USD,354190,2002-03-22,2002-03-22 00:00:00,2001,Q4,253956000.0,73760000.0,180196000.0,0.7095559861,0,0.0,0.0,141099000.0,0.0,141099000.0,214859000.0,0.0,0.0,6065000.0,45162000.0,0.1778339555,39097000.0,0.1539518657,-2108000.0,36989000.0,0.1456512152,3916000.0,33073000.0,0.1302312212,0.38,0.36,86346154,91013514,https://www.sec.gov/Archives/edgar/data/354190/000095013102001033/0000950131-02-001033-index.htm,https://www.sec.gov/Archives/edgar/data/354190/000095013102001033/d10k405.txt,2.941138524826479,0.3830280616783464,0.4391973266116751,0.3377220483960409,1.1272534501073437,4.303758566942078,3.547025383435144,4.303758566942078,1.5982182599586312,2978078851.46,3018744851.46,22.51140546261301,11.726751293373656,78.52962190385782,102.1254021281849,8.013925377906586,8.013925377906586,11.88688139465104,66.84258561312608,79.60195267937664,103.51993592332224,0.0111054816375281,0.0097918831080324,0.3713540699598776,0.0937612742836604,0.9004472786856207,0.960349911631374,0.0,1.1466452997913703,0.00370641630076,0.3337465606385874,0.0,0.0,0.0443946045142656,0.2310471217994357,0.0345020397234166,1.4446826051112942,0.0,6.090185283808412,0.0782103297057837,0.0235146983750947,-5.578297094738001,-42289000.0,306272000.0,-75944000.0,74298000.0,479016000.0,109146500.0,199712500.0,196.78542739687188,136.19332971800435,255.63733731019525,0.457350938992501,0.6608253149133653,0.3520612479654812,0.0889985011288625,0.1014752782156342,2002-01-23,0.37,bmo,260819675.0,2025-04-24,2001-12-31,-0.027027027027027,35.84109375,494843.75
2001-09-30,AJG,USD,354190,2001-11-13,2001-11-13 00:00:00,2001,Q3,235664000.0,73109000.0,162555000.0,0.6897744246,0,0.0,0.0,115139000.0,5397000.0,120536000.0,193645000.0,0.0,0.0,5397000.0,47416000.0,0.2012017109,42019000.0,0.1783004617,0.0,42019000.0,0.1783004617,116000.0,41903000.0,0.1778082355,0.49,0.47,84785000,90074000,https://www.sec.gov/Archives/edgar/data/354190/000094018001500583/0000940180-01-500583-index.htm,https://www.sec.gov/Archives/edgar/data/354190/000094018001500583/d10q.txt,2.779548269151383,0.4942265730966562,0.8115704428849443,0.7404493719407914,1.4653299522321166,4.047461225452615,3.777755499203869,4.047461225452615,0.0,2882690000.0,2758452000.0,17.19858959978999,12.232203476135515,41.8940836227819,45.91806177224869,8.400327540184868,8.400327540184868,11.705020707447892,58.175552556099206,40.08853493002369,43.93908791156279,0.0145360756793134,0.0217779227041409,0.0,0.0,-2.620170406613801,1.0671074820494648,0.0,1.631124807395994,0.0037961071082912,0.2611507529293845,0.0,0.0,0.0196130061497028,0.0876338851022395,0.025587276800869,1.2609786700125472,0.0,6.708812491934275,0.113217080235172,0.0366591633035677,-3.5558530400424604,53404000.0,320297000.0,26456000.0,122288000.0,450897500.0,110492000.0,184207000.0,153.8123769434449,131.32104118507982,233.79392414066663,0.5851284648769974,0.6853433325521444,0.3849544008930264,0.1221077968551479,0.0711210709441528,2001-10-11,0.47,bmo,235700000.0,2025-04-24,2001-09-30,0.0,28.07067796610169,506976.2711864407
2001-06-30,AJG,USD,354190,2001-08-13,2001-08-13 00:00:00,2001,Q2,203517000.0,59943000.0,143574000.0,0.7054644084,0,0.0,0.0,111001000.0,5417000.0,116418000.0,176361000.0,0.0,0.0,5417000.0,32573000.0,0.1600505118,27156000.0,0.1334335707,1616000.0,28772000.0,0.1413739393,5575000.0,23197000.0,0.1139806503,0.27,0.26,84618000,89756000,https://www.sec.gov/Archives/edgar/data/354190/000094018001500133/0000940180-01-500133-index.htm,https://www.sec.gov/Archives/edgar/data/354190/000094018001500133/d10q.txt,2.4051265688151457,0.2741378902833912,0.1017986716774208,0.04267413552672,1.192772223404004,3.9446808007752487,3.6774917866175048,3.9446808007752487,0.0,2200068000.0,2099138000.0,23.710695348536447,10.810241896254366,255.4060831205015,609.2683467183606,6.5911543450842,6.5911543450842,10.31431280924935,64.44411015258036,243.689110749942,581.317640542786,0.0105437650108996,0.0016413129048738,0.0,0.0,-3.0985785773493384,1.0323840520748575,0.0,0.3246156165209526,0.0047675799111663,0.4521705392938742,0.0,0.0,0.018604570788133,0.5807986997910378,0.024582712992035,1.0277321281840592,0.0,4.932666178927307,0.0606344337340607,0.0194502905343652,-3.746126710628944,27661000.0,311182000.0,368000.0,93794000.0,426740000.0,106436000.0,167943000.0,220.68677309512228,171.62654521795704,268.00160152144537,0.4078178258613054,0.5243944046400546,0.3358188887270446,0.069495582565138,0.0591245361507008,2001-07-17,0.26,bmo,213900000.0,2025-04-24,2001-06-30,0.0,26.25047619047619,330471.4285714286
2001-03-31,AJG,USD,354190,2001-05-14,2001-05-14 00:00:00,2001,Q1,216652000.0,65993000.0,150659000.0,0.6953963037,0,0.0,0.0,110923000.0,5663000.0,116586000.0,182579000.0,0.0,0.0,5663000.0,39736000.0,0.1834093385,34073000.0,0.157270646,0.0,34073000.0,0.157270646,6990000.0,27083000.0,0.1250069235,0.32,0.32,80684000,86063000,https://www.sec.gov/Archives/edgar/data/354190/000095013101501412/0000950131-01-501412-index.htm,https://www.sec.gov/Archives/edgar/data/354190/000095013101501412/d10q.txt,2.685191611719796,0.3356675425115265,0.1854518863715234,0.12938128997075,1.189479946457786,4.004350304893164,3.7913464875316047,4.004350304893164,0.0,2234946800.0,2138974800.0,20.63053206808699,10.315837379761092,149.36488672057743,214.09587125203564,6.917476716797642,6.917476716797642,9.872859701272086,53.82964566136501,142.95093229967253,204.9022703324073,0.0121179618235208,0.0046708046920848,0.0,0.0,-2.415240587880008,1.043090194297979,0.0,0.6377546671213026,0.0040931623070401,0.3377764649411069,0.0,0.0,0.0167440410368328,0.3023457862728063,0.0208814135110684,1.0455280795008088,0.0,5.4993576524419945,0.0778238181170331,0.0268358684871022,-3.257290788756135,29232000.0,305901000.0,4315000.0,87375000.0,379802500.0,103888500.0,78694000.0,147.239305429906,134.41834740048188,214.64276514175748,0.6112498271926781,0.6695514543997241,0.4193013444481155,0.0838257187692479,0.0560705964007733,2001-04-17,0.25,bmo,200555555.0,2025-04-24,2001-03-31,0.08,26.86048387096774,420133.87096774194
2000-12-31,AJG,USD,354190,2001-03-27,2001-03-27 00:00:00,2000,Q4,201627000.0,65318000.0,136309000.0,0.6760453709,0,0.0,0.0,112114000.0,3923000.0,116037000.0,181355000.0,0.0,0.0,3923000.0,24195000.0,0.1199988097,20272000.0,0.1005420901,12025000.0,32297000.0,0.1601819201,6896000.0,25401000.0,0.1259801515,0.31,0.29,80903448,86896296,https://www.sec.gov/Archives/edgar/data/354190/000095013101500324/0000950131-01-500324-index.htm,https://www.sec.gov/Archives/edgar/data/354190/000095013101500324/d10k.txt,2.4921929161783067,0.3139668410671446,0.530360584878904,0.4952446526135697,1.2348546628074493,3.885767637493028,3.688853903976997,3.885767637493028,0.0,2573538680.88,2473634680.88,25.329107917798517,12.763859408114984,59.97806192038781,64.23088029750168,8.186284659193566,8.186284659193566,12.268370212719526,102.23743256375283,57.64973153910693,61.73745678189034,0.0098700673079894,0.0155688353540889,0.0,0.0,-4.129117586278157,1.0671985355766236,0.0,1.6892248336679658,0.0035169473329637,0.3563245541514113,0.0,0.0,0.0149967334966271,0.0662114291041297,0.0140903748009939,0.724190670405302,0.0,5.239279462001823,0.0478000322541308,0.0242754215299221,-4.253823644203644,48971000.0,298441000.0,29796000.0,104938000.0,355725500.0,101203000.0,0.0,180.8525643886979,150.48317462261554,0.0,0.4976429297765843,0.5980735070595344,0.0,0.080799180588602,0.0351159322653343,2001-01-22,0.27,bmo,194159333.0,2025-04-24,2000-12-31,0.037037037037037,29.963492063492065,390352.38095238095
2000-09-30,AJG,USD,354190,2000-11-14,2000-11-14 00:00:00,2000,Q3,209119000.0,60332000.0,148787000.0,0.7114944123,0,0.0,0.0,103145000.0,0.0,103145000.0,163477000.0,0.0,0.0,5346000.0,50988000.0,0.2438228951,45642000.0,0.2182585035,0.0,45642000.0,0.2182585035,13579000.0,32063000.0,0.1533241838,0.38,0.37,84001000,89663000,https://www.sec.gov/Archives/edgar/data/354190/000095013100006411/0000950131-00-006411-index.htm,https://www.sec.gov/Archives/edgar/data/354190/000095013100006411/0000950131-00-006411-0001.txt,2.489482268068237,0.3816978369305127,0.641420935465054,0.6080165712312948,1.1040463804002334,3.582838299544053,3.408887989428697,3.582838299544053,0.0,2483069560.0,2390328560.0,19.360864236035304,11.873954829546811,46.08518114328137,48.61709597838431,8.250442115615925,8.250442115615925,11.430470497659227,46.8802180905311,44.36393021529325,46.801279711790734,0.0129126467161878,0.0205688961850911,0.0,0.0,-1.8188789519102533,1.0582803098500042,0.0,1.668524712002973,0.0035343351396084,0.2737111312104294,0.0,0.0,0.0155757993096846,0.0520786933927245,0.0134181972943634,0.615891132572432,0.0,5.547083616881454,0.100394212373697,0.0347186278437699,-3.746428613945072,36061000.0,286350000.0,17652000.0,91385000.0,346148000.0,90794500.0,0.0,131.81886868242484,139.01876284558776,0.0,0.6827550630617689,0.6473946261481672,0.0,0.1065350442913058,0.0334043642337591,2000-10-12,0.34,bmo,192145945.0,2025-04-24,2000-09-30,0.0882352941176469,24.19206349206349,254587.3015873016
2000-06-30,AJG,USD,354190,2000-08-10,2000-08-10 00:00:00,2000,Q2,180978000.0,58038000.0,122940000.0,0.6793090873,0,0.0,0.0,96821000.0,0.0,96821000.0,154859000.0,0.0,0.0,3841000.0,29960000.0,0.1655449834,26119000.0,0.1443214092,0.0,26119000.0,0.1443214092,9035000.0,17084000.0,0.0943982141,0.21,0.19,82924000,87687000,https://www.sec.gov/Archives/edgar/data/354190/000095013100004773/0000950131-00-004773-index.htm,https://www.sec.gov/Archives/edgar/data/354190/000095013100004773/0000950131-00-004773-0001.txt,2.182456224977088,0.2060199700930973,0.0657228305436303,0.0066325792291737,0.7625898413004679,3.2539071921277314,3.101261395977039,3.2539071921277314,0.0,1741404000.0,1678167000.0,25.48296651837977,9.622186122070088,319.5236697247706,3166.1890909090907,6.453779643994115,6.453779643994115,9.27276796074661,56.01358477970628,307.9205504587156,3051.212727272727,0.0098104747663379,0.0003158371061511,0.0,0.0,-2.1107142857142858,1.0501350459903165,0.0,0.365085744908896,0.004917870867415,0.5012877546242098,0.0,0.0,0.0136290566578124,0.8990825688073395,0.0270751141022665,1.2030444389884607,0.0,3.883725261160612,0.0597328037425657,0.0186487616431956,-3.6922995755149297,32224000.0,257169000.0,16044000.0,83682000.0,355074500.0,91051000.0,0.0,191.96150913370684,137.0779489300114,0.0,0.468843990684155,0.6565607430116407,0.0,0.0633146423449098,0.0590902513144566,2000-07-18,0.17,bmo,163557894.0,2025-04-24,2000-06-30,0.1176470588235293,18.26253968253968,294673.01587301586
2000-03-31,AJG,USD,354190,2000-05-12,2000-05-12 00:00:00,2000,Q1,169208000.0,52211000.0,116997000.0,0.6914389391,0,0.0,0.0,91330000.0,0.0,91330000.0,143541000.0,0.0,0.0,3996000.0,29663000.0,0.1753049501,25667000.0,0.1516890454,0.0,25667000.0,0.1516890454,8850000.0,16817000.0,0.0993865538,0.21,0.2,78319000,82398000,https://www.sec.gov/Archives/edgar/data/354190/000095013100003359/0000950131-00-003359-index.htm,https://www.sec.gov/Archives/edgar/data/354190/000095013100003359/0000950131-00-003359.txt,2.160497452725392,0.2147243963789118,0.4340070736347501,0.3826657643739067,0.8418774499163677,3.2128091523129765,3.0336572223853726,3.2128091523129765,0.0,1272683750.0,1206748750.0,18.919601444966403,7.521415949600492,37.44178606101615,42.46525692359026,5.057879017899723,5.057879017899723,7.131747612406032,40.68195226376294,35.50200788444,40.26522355689023,0.013213809007933,0.0235486624230096,0.0,0.0,-2.222802818325861,1.0420475067896384,0.0,2.242890135268888,0.005789340831923,0.4381280846762205,0.0,0.0,0.0165352465555988,0.1182960195345826,0.0237636518367925,1.068278427205101,0.0,3.9398022009992544,0.0626903505992432,0.0201517039735416,-3.6758257893997626,24400000.0,237593000.0,7769000.0,75745000.0,344520000.0,95232000.0,0.0,172.40674199801427,161.52630671697534,0.0,0.5220213487999013,0.5571847820287071,0.0,0.0668338473277588,0.0513413092608434,2000-04-13,0.2,bmo,182500000.0,2025-04-24,2000-03-31,0.0,13.952857142857145,279149.20634920633
1999-12-31,AJG,USD,354190,2000-03-23,2000-03-23 00:00:00,1999,Q4,188600000.0,174100000.0,14500000.0,0.0768822906,0,0.0,0.0,-38000000.0,4600000.0,-33400000.0,140700000.0,0.0,0.0,4600000.0,52500000.0,0.2783669141,47900000.0,0.2539766702,-19000000.0,28900000.0,0.1532343584,10100000.0,18800000.0,0.0996818664,0.25,0.24,73926829,77717949,https://www.sec.gov/Archives/edgar/data/354190/000095013100001929/0000950131-00-001929-index.htm,https://www.sec.gov/Archives/edgar/data/354190/000095013100001929/0000950131-00-001929.txt,2.5511712398755804,0.2543055106556782,0.0459914221398566,0.0067634444323318,0.8264929096309541,3.280270549680956,3.1328274610561206,3.280270549680956,0.0,1196875361.51,1135775361.51,15.91589576476064,6.346104780010604,352.02216515000003,2393.75072302,4.935568501072165,4.935568501072165,6.02213871426299,21.633816409714285,334.0515769147059,2271.55072302,0.0157075670571759,0.0004177544430099,0.0,0.0,-1.1638095238095238,1.027329391081988,0.0,0.1808510638297872,0.0060992148679459,0.3882978723404255,0.0,0.0,0.0123289220676394,0.8529411764705882,0.0153764581124072,0.6304347826086957,0.0,4.332354410429905,0.1205876996582643,0.021530004580852,-4.1503876759004505,17100000.0,231600000.0,1200000.0,64200000.0,330300000.0,92879500.0,0.0,174.1304347826087,50.01901206203331,0.0,0.5168539325842697,1.7993158259180024,0.0,0.0775257731958763,0.0392279777075248,2000-01-20,0.23,bmo,180400000.0,2025-04-24,1999-12-31,0.0434782608695651,13.69125,159856.25
1999-09-30,AJG,USD,354190,1999-11-12,1999-11-12 00:00:00,1999,Q3,165942000.0,46944000.0,118998000.0,0.7171059768,0,0.0,0.0,83833000.0,3800000.0,87633000.0,134577000.0,0.0,0.0,4349000.0,35714000.0,0.2152197756,31365000.0,0.1890118234,5141000.0,36506000.0,0.2199925275,12807000.0,23699000.0,0.1428149594,0.32,0.3,74059375,78996667,https://www.sec.gov/Archives/edgar/data/354190/000095013199006245/0000950131-99-006245-index.htm,https://www.sec.gov/Archives/edgar/data/354190/000095013199006245/0000950131-99-006245.txt,2.240661631292459,0.32,0.69673825899827,0.6265243259209249,0.8871260390733786,3.150175112873961,3.0002953711127054,3.150175112873961,0.0,985730281.25,920030281.25,10.3984375,5.9402097193597765,19.103300024224804,21.24418709590517,4.22516194277754,4.22516194277754,5.544288252823276,25.761053963431703,17.830044210271318,19.828238820043104,0.0240420736288504,0.0470716999189274,0.0,0.0,-1.8396147169177357,1.021788391145198,0.0,2.2241379310344827,0.0074056769269002,0.3080298746782565,0.0,0.0,0.0135151588944356,0.1007751937984496,0.0313362500150655,1.368421052631579,0.0,4.762484730966864,0.0822357055829979,0.0292508022710441,-4.057892738090215,12500000.0,222200000.0,-1800000.0,60300000.0,310650000.0,87800000.0,0.0,160.37531185594966,170.62883435582822,0.0,0.5611836320595198,0.5274606741573034,0.0,0.1015816545220745,0.070213933077345,1999-10-14,0.29,bmo,165396666.0,2025-04-24,1999-09-30,0.0344827586206896,13.201875,146012.5
1999-06-30,AJG,USD,354190,1999-08-10,1999-08-10 00:00:00,1999,Q2,134832000.0,43726000.0,91106000.0,0.6757001305,0,0.0,0.0,77440000.0,3747000.0,81187000.0,124913000.0,0.0,0.0,3747000.0,13666000.0,0.1013557612,9919000.0,0.0735656224,9902000.0,19821000.0,0.147005162,6775000.0,13046000.0,0.0967574463,0.18,0.17,73736000,77434000,https://www.sec.gov/Archives/edgar/data/354190/000095013199004759/0000950131-99-004759-index.htm,https://www.sec.gov/Archives/edgar/data/354190/000095013199004759/0000950131-99-004759.txt,1.8285776282955408,0.1769285016816751,0.0230552240425301,-0.0352609308885754,0.6360529456439189,2.9253010741022023,2.763914505804492,2.9253010741022023,0.0,912851680.0,865951680.0,17.49294189789974,6.770289545508485,536.9715764705883,-351.0968,4.232043022716737,4.232043022716737,6.422449270202919,63.36540904434363,509.3833411764706,-333.0583384615385,0.0142914783264681,-0.0028482173577201,0.0,0.0,-3.43187472559637,1.000865051903114,0.0,0.136,0.0078873711444557,0.5518933006285451,0.0,0.0,0.0147240781984657,2.5294117647058822,0.0318915391005102,1.1944444444444444,0.0,3.4125218768816263,0.0283605326753505,0.0163832726359412,-4.087555603775632,500000.0,203800000.0,-14000000.0,46900000.0,291250000.0,87500000.0,0.0,217.3371306514774,178.24635228468188,0.0,0.4141031941031941,0.504919168591224,0.0,0.0604821511358368,0.0583161549311055,1999-07-15,0.15,bmo,142058823.0,2025-04-24,1999-06-30,0.1333333333333334,12.027142857142858,137371.42857142858
1999-03-31,AJG,USD,354190,1999-05-17,1999-05-17 00:00:00,1999,Q1,132921000.0,38398000.0,94523000.0,0.7111216437,0,0.0,0.0,75265000.0,3320000.0,78585000.0,116983000.0,0.0,0.0,3320000.0,19258000.0,0.1448830508,15938000.0,0.1199058087,4687000.0,20625000.0,0.155167355,7149000.0,13476000.0,0.1013835286,0.19,0.18,70926316,74866667,https://www.sec.gov/Archives/edgar/data/354190/000095013199003197/0000950131-99-003197-index.html,https://www.sec.gov/Archives/edgar/data/354190/,1.874071677429292,0.1899999994360344,0.09869397418019,0.039477589672076,0.6189522095014776,2.87481447647725,2.698575236869768,2.87481447647725,0.0,815652634.0,771752634.0,15.131578992282575,6.136371483813694,116.52180485714284,291.3045121428572,4.000258136341344,4.000258136341344,5.8061001196199244,40.0743916294527,110.25037628571428,275.6259407142857,0.0165217390813942,0.0034328338845283,0.0,0.0,-2.2795721258697683,0.991668319777822,0.0,0.5263157894736842,0.007601275030027,0.4600771742356782,0.0,0.0,0.0173514714047751,0.6,0.0315977159365337,1.2727272727272727,0.0,3.505685646269653,0.0481442414155423,0.0190365870885718,-3.946701531769957,-4200000.0,191400000.0,-16600000.0,41300000.0,272600000.0,90300000.0,0.0,173.94542623061818,207.19829157768635,0.0,0.5174036590112885,0.434366515837104,0.0,0.0660912211868563,0.059216384508114,1999-04-19,0.17,bmo,131750000.0,2025-04-24,1999-03-31,0.0588235294117645,11.549016393442622,176695.0819672131
1998-12-31,AJG,USD,354190,1999-03-26,1999-03-26 00:00:00,1998,Q4,154400000.0,53000000.0,101400000.0,0.6567357513,0,0.0,0.0,77900000.0,3200000.0,81100000.0,134100000.0,0.0,0.0,3200000.0,23500000.0,0.1522020725,20300000.0,0.1314766839,4800000.0,25100000.0,0.1625647668,8300000.0,16800000.0,0.1088082902,0.24,0.24,70000000,70000000,https://www.sec.gov/Archives/edgar/data/354190/000095013199001752/0000950131-99-001752-index.html,https://www.sec.gov/Archives/edgar/data/354190/,2.205714285714285,0.24,0.3314285714285714,0.2371428571428571,0.8785714285714286,2.892857142857143,2.7142857142857144,2.892857142857143,0.0,772100000.0,710600000.0,11.489583333333334,5.000647668393782,33.2801724137931,46.51204819277108,3.812839506172839,3.812839506172839,4.602331606217617,30.238297872340425,30.629310344827587,42.80722891566265,0.0217588395285584,0.021499805724647,0.0,0.0,-2.617021276595745,1.0005652911249294,0.0,1.380952380952381,0.007900531019298,0.3630952380952381,0.0,0.0,0.0167560321715817,0.2844827586206896,0.0427461139896373,2.0625,0.0,3.9523952954415593,0.0631084579471246,0.0229038854805725,-3.7967857142857135,300000.0,190000000.0,-12500000.0,44300000.0,274500000.0,89000000.0,0.0,168.05051813471502,156.56603773584905,0.0,0.535553243149497,0.5748373101952278,0.0,0.0829629629629629,0.0942857142857142,1999-01-19,0.19,bmo,138147368.0,2025-04-24,1998-12-31,0.1052631578947368,10.744375,140118.75
1998-09-30,AJG,USD,354190,1998-11-09,1998-11-09 00:00:00,1998,Q3,146400000.0,41600000.0,104800000.0,0.7158469945,0,0.0,0.0,73900000.0,2800000.0,76700000.0,118300000.0,0.0,0.0,3100000.0,31200000.0,0.2131147541,28100000.0,0.1919398907,1300000.0,29400000.0,0.2008196721,9300000.0,20100000.0,0.137295082,0.28,0.27,71785714,74444444,https://www.sec.gov/Archives/edgar/data/354190/000095013198005854/0000950131-98-005854-index.html,https://www.sec.gov/Archives/edgar/data/354190/,2.0394029931916537,0.2800000011144278,0.4151243797616891,0.3733333348192371,0.8595024909830945,2.6690547369912627,2.528358219018341,2.6690547369912627,0.0,740110711.34,678410711.34,9.205357106218909,5.05540103374317,24.83592991073825,27.61607131865672,3.862790768997912,3.862790768997912,4.633952946311475,21.743933055769237,22.76546011208054,25.313832512686567,0.0271580990411666,0.0362107987215554,0.0,0.0,-1.9775641025641024,1.005998452012384,0.0,1.5360824742268042,0.0081068952361691,0.2985074626865671,0.0,0.0,0.014008321775312,0.1006711409395973,0.0204918032786885,1.0714285714285714,0.0,4.100615186770213,0.0940804333486577,0.0282740188493459,-3.7914925524039504,3100000.0,181500000.0,-9500000.0,40600000.0,259500000.0,84700000.0,0.0,160.26639344262296,185.625,0.0,0.5615650172612198,0.4848484848484848,0.0,0.1049060542797494,0.0417910449424519,1998-10-15,0.25,bmo,136759259.0,2025-04-24,1998-09-30,0.08,10.1834375,159425.0
1998-06-30,AJG,USD,354190,1998-08-03,1998-08-03 00:00:00,1998,Q2,121900000.0,40000000.0,81900000.0,0.6718621821,0,0.0,0.0,70000000.0,2800000.0,72800000.0,112800000.0,0.0,0.0,2700000.0,11900000.0,0.0976210008,9100000.0,0.0746513536,5600000.0,14700000.0,0.1205906481,4800000.0,9900000.0,0.0812141099,0.14,0.14,70714286,70714286,https://www.sec.gov/Archives/edgar/data/354190/000095013198004540/0000950131-98-004540-index.html,https://www.sec.gov/Archives/edgar/data/354190/,1.7238383768733805,0.1399999994343434,-0.0876767673225181,-0.1244444439416386,0.8513131278734823,2.6204040298165494,2.480404030382206,2.6204040298165494,0.0,791292860.3399999,731092860.3399999,19.982142937878788,6.491327812469236,-127.6278807,-89.91964322045453,4.270333838855909,4.270333838855909,5.997480396554552,61.43637481848739,-117.91820328064514,-83.07873412954544,0.0125111706375642,-0.0111210405667237,0.0,0.0,-5.0588235294117645,1.0202596380802518,0.0,-0.6666666666666666,0.0075825276591298,0.6060606060606061,0.0,0.0,0.0140167067818207,-0.4193548387096774,0.0213289581624282,0.9285714285714286,0.0,2.8730250017310213,0.0309680213672128,0.0142159678345778,-3.7768181665583103,10300000.0,175400000.0,-2300000.0,47100000.0,224950000.0,86500000.0,0.0,190.7054963084495,188.1,0.0,0.4719318621757646,0.4784688995215311,0.0,0.0534268753372908,0.0367676766191205,1998-07-15,0.13,bmo,128900000.0,2025-04-24,1998-06-30,0.0,10.965714285714286,109498.41269841268
1998-03-31,AJG,USD,354190,1998-04-29,1998-04-29 00:00:00,1998,Q1,119000000.0,37300000.0,81700000.0,0.6865546218,0,0.0,0.0,68500000.0,3000000.0,71500000.0,108800000.0,0.0,0.0,3000000.0,13200000.0,0.1109243697,10200000.0,0.0857142857,7200000.0,17400000.0,0.1462184874,5700000.0,11700000.0,0.0983193277,0.17,0.17,68823529,68823529,https://www.sec.gov/Archives/edgar/data/354190/000095013198002859/0000950131-98-002859-index.htm,https://www.sec.gov/Archives/edgar/data/354190/0000950131-98-002859.txt,1.7290598394046317,0.170000001017094,0.1394871803217181,0.113333334011396,0.6974359016085908,2.5834188188751552,2.4352136897833296,2.5834188188751552,0.0,745358819.07,697358819.07,15.926470492948717,6.263519487983194,77.641543653125,95.55882295769231,4.192119342350956,4.192119342350956,5.860158143445378,52.8302135659091,72.64154365312501,89.40497680384615,0.0156971376747085,0.0104647584498057,0.0,0.0,-3.636363636363636,1.0136923779096303,0.0,0.8727272727272727,0.0068423420633345,0.4358974358974359,0.0,0.0,0.0161750713606089,0.1875,0.015126050420168,0.6206896551724138,0.0,3.143497580930836,0.0356477166821994,0.0188588007736943,-3.793760706458398,6000000.0,167600000.0,-8600000.0,43100000.0,204600000.0,90050000.0,0.0,144.9075630252101,215.71045576407508,0.0,0.6210855949895616,0.4172259507829978,0.0,0.0658042744656917,0.0261538463103221,1998-04-14,0.14,bmo,112437500.0,2025-04-24,1998-03-31,0.1428571428571427,9.825901639344265,196249.18032786885
1997-12-31,AJG,USD,354190,1998-02-27,1998-02-27 00:00:00,1997,Q4,122500000.0,40100000.0,82400000.0,0.6726530612,0,0.0,0.0,67200000.0,3100000.0,70300000.0,110400000.0,0.0,0.0,3100000.0,15200000.0,0.1240816327,12100000.0,0.0987755102,7200000.0,19300000.0,0.1575510204,6600000.0,12700000.0,0.1036734694,0.2,0.18,64705882,68750000,https://www.sec.gov/Archives/edgar/data/354190/000095013198001419/0000950131-98-001419-index.html,https://www.sec.gov/Archives/edgar/data/354190/,1.8931818285082644,0.1962727283433057,0.1777272736966942,0.1097272733257851,1.038545460210248,2.5330000138163635,2.372272740212397,2.5330000138163635,0.0,557117644.02,489917644.02,10.966882756299212,4.547899134857143,48.445012523478255,78.4672738056338,3.3991314461256863,3.3991314461256863,3.999327706285714,32.23142394868421,42.601534262608695,69.00248507323943,0.0227959034080494,0.0127441664722166,0.0,0.0,-4.421052631578948,1.0060085836909871,0.0,0.905511811023622,0.0091542604237049,0.4015748031496063,0.0,0.0,0.0162044250545341,0.3826086956521739,0.0359183673469387,1.4193548387096775,0.0,3.344558794687395,0.0452911044698697,0.0201140323091542,-3.825000020863636,2800000.0,153500000.0,-9100000.0,41000000.0,209450000.0,82600000.0,0.0,159.86938775510205,203.5660847880299,0.0,0.5629595588235294,0.4421168687982359,0.0,0.0774862721171446,0.068000000370909,1998-01-20,0.18,bmo,115694444.0,2025-04-24,1997-12-31,0.0555555555555556,9.00125,86737.5
1997-09-30,AJG,USD,354190,1997-11-07,1997-11-07 00:00:00,1997,Q3,120800000.0,36000000.0,84800000.0,0.701986755,0,0.0,0.0,63500000.0,2700000.0,66200000.0,102200000.0,0.0,0.0,2700000.0,21300000.0,0.1763245033,18600000.0,0.1539735099,9600000.0,28200000.0,0.2334437086,9600000.0,18600000.0,0.1539735099,0.29,0.27,64137931,68888889,https://www.sec.gov/Archives/edgar/data/354190/000095013197006562/0000950131-97-006562-index.htm,https://www.sec.gov/Archives/edgar/data/354190/0000950131-97-006562.txt,1.8834408612276563,0.290000000155914,0.2962365592990519,0.2588172044402243,0.8403763445378367,2.4197849475375186,2.2576344098159327,2.4197849475375186,0.0,597124137.61,543224137.61,8.025862064650537,4.943080609354305,31.427586190000003,35.97133359096386,3.847449340270619,3.847449340270619,4.496888556374173,25.503480638967137,28.590744084736844,32.724345639156624,0.0311493018427404,0.0277999145478221,0.0,0.0,-2.5305164319248825,1.0520612485276797,0.0,1.021505376344086,0.0085409376020417,0.2741935483870967,0.0,0.0,0.0175646005742273,0.1263157894736842,0.0198675496688741,0.8888888888888888,0.0,3.973549646244661,0.0731985984867719,0.0319752449716348,-3.617594087966448,22100000.0,144800000.0,9700000.0,58400000.0,209450000.0,74600000.0,0.0,149.9751655629139,186.25,0.0,0.6000993541977149,0.4832214765100671,0.0,0.1198453608247422,0.0374193548588276,1997-10-15,0.26,bmo,125570370.0,2025-04-24,1997-09-30,0.0384615384615384,9.0696875,94681.25
1997-06-30,AJG,USD,354190,1997-08-01,1997-08-01 00:00:00,1997,Q2,106600000.0,36500000.0,70100000.0,0.6575984991,0,0.0,0.0,58000000.0,2700000.0,60700000.0,97200000.0,0.0,0.0,2700000.0,12100000.0,0.1135084428,9400000.0,0.0881801126,10000000.0,19400000.0,0.181988743,6600000.0,12800000.0,0.1200750469,0.2,0.19,64000000,67368421,https://www.sec.gov/Archives/edgar/data/354190/000095013197004719/0000950131-97-004719-index.htm,https://www.sec.gov/Archives/edgar/data/354190/0000950131-97-004719.txt,1.665625,0.2,0.3796875,0.3375,0.9,2.153125,1.9875,2.153125,0.0,604160000.0,546560000.0,11.8,5.667542213883677,24.862551440329216,27.97037037037037,4.38432510885341,4.38432510885341,5.1272045028142585,45.1702479338843,22.492181069958846,25.303703703703704,0.0211864406779661,0.0357521186440678,0.0,0.0,-4.760330578512397,1.0299584517821998,0.0,1.8984375,0.0084414724576271,0.3984375,0.0,0.0,0.0174686882003955,0.1111111111111111,0.0253283302063789,1.0,0.0,3.11272589541707,0.0414853635830776,0.0214693056021469,-3.878125,13700000.0,127200000.0,2000000.0,50300000.0,203300000.0,74600000.0,0.0,183.71482176360223,184.1917808219178,0.0,0.4898897058823529,0.4886211512717537,0.0,0.09288824383164,0.0421875,1997-07-15,0.11,bmo,71255555.0,2025-04-24,1997-06-30,0.6363636363636362,8.06515625,102300.0
1997-03-31,AJG,USD,354190,1997-05-05,1997-05-05 00:00:00,1997,Q1,105100000.0,33700000.0,71400000.0,0.6793529971,0,0.0,0.0,61200000.0,2600000.0,63800000.0,97500000.0,0.0,0.0,2600000.0,10200000.0,0.0970504282,7600000.0,0.0723120837,6400000.0,14000000.0,0.13320647,4800000.0,9200000.0,0.0875356803,0.14,0.14,65714286,65714286,https://www.sec.gov/Archives/edgar/data/354190/000095013197003059/0000950131-97-003059-index.html,https://www.sec.gov/Archives/edgar/data/354190/,1.5993478191332704,0.1399999993913043,0.1643478253724007,0.1369565211436673,0.7334782576805293,2.0284782520500944,1.8626086875538752,2.0284782520500944,0.0,540171430.9200001,491971430.9200001,14.678571492391304,5.139594965937204,50.01587323333334,60.01904788000001,4.052298806601651,4.052298806601651,4.680984119124644,48.23249322745099,45.552910270370376,54.663492324444455,0.0170316300962657,0.016661377268086,0.0,0.0,-4.725490196078432,1.0321674751085017,0.0,1.173913043478261,0.0087009414622227,0.5108695652173914,0.0,0.0,0.0203168685927306,0.1666666666666666,0.0171265461465271,0.6923076923076923,0.0,2.527786871193152,0.0344909234411996,0.017503805175038,-3.2451086815430057,12600000.0,122400000.0,1100000.0,49200000.0,213300000.0,72100000.0,0.0,161.84586108468125,198.96142433234425,0.0,0.5560846560846561,0.4523489932885906,0.0,0.0690172543135784,0.0273913042287334,1997-04-15,0.12,bmo,102830769.0,2025-04-24,1997-03-31,0.0833333333333334,7.747377049180327,114708.19672131148
1996-12-31,AJG,USD,354190,1997-03-21,1997-03-21 00:00:00,1996,Q4,119600000.0,38400000.0,81200000.0,0.6789297659,0,0.0,0.0,61800000.0,2500000.0,64300000.0,102700000.0,0.0,0.0,2500000.0,19400000.0,0.1622073579,16900000.0,0.1413043478,100000.0,17000000.0,0.1421404682,5700000.0,11300000.0,0.0944816054,0.17,0.17,65714286,65714286,https://www.sec.gov/Archives/edgar/data/354190/000095013197001973/0000950131-97-001973-index.html,https://www.sec.gov/Archives/edgar/data/354190/,1.8199999920869565,0.1719565209914934,-0.1445652167627599,-0.1841304339820416,0.8673913005765596,2.046739121535917,1.8778260787920604,2.046739121535917,0.0304347824763705,509285716.5,454285716.5,11.26738310840708,4.2582417767558525,-53.60902278947368,-42.08972863636364,3.7865109033457247,3.7865109033457247,3.798375556020067,23.41678951030928,-47.81954910526316,-37.54427409090909,0.0221879381924507,-0.0237587656751021,0.0148698884758364,0.0033875338753387,-2.8350515463917527,1.043175174274792,0.0,-0.8407079646017699,0.0092286114605768,0.415929203539823,0.0,0.0,0.01880081300813,-0.2736842105263158,0.0217391304347826,1.04,0.0,2.814050127684524,0.0771004077677742,0.0195063007077507,-3.358478246267486,19200000.0,123400000.0,8000000.0,56300000.0,218150000.0,68300000.0,0.0,178.79598662207357,163.359375,0.0,0.5033670033670034,0.5509325681492109,0.0,0.0840148698884758,0.0395652172192816,1997-01-22,0.18,bmo,132888888.0,2025-04-24,1996-12-31,-0.111111111111111,7.72359375,94706.25
1996-09-30,AJG,USD,354190,1996-11-12,1996-11-12 00:00:00,1996,Q3,121700000.0,33700000.0,88000000.0,0.7230895645,0,0.0,0.0,60000000.0,2500000.0,62500000.0,96200000.0,0.0,0.0,1900000.0,28000000.0,0.2300739523,25500000.0,0.2095316352,100000.0,25600000.0,0.2103533279,7500000.0,18100000.0,0.1487263763,0.27,0.26,67037037,69615385,https://www.sec.gov/Archives/edgar/data/354190/000095013196005648/0000950131-96-005648-index.html,https://www.sec.gov/Archives/edgar/data/354190/,1.8154143656438757,0.2700000001491712,0.3311602211774366,0.2953591161852812,0.9144198900079668,1.887016575628186,1.77961326065172,1.887016575628186,0.0,575848147.83,514548147.83,7.953703699309393,4.731702118570255,25.939105758108106,29.083239789393943,4.552159271383399,4.552159271383399,4.228004501479047,18.376719565357146,23.17784449684685,25.987280193434344,0.0314318975726625,0.0343840647479954,0.0,0.0,-2.1892857142857145,1.0348481280904167,0.0,1.15625,0.0076409032773323,0.2430939226519337,0.0,0.0,0.0128227960819234,0.1081081081081081,0.019720624486442,0.96,0.0,3.3857976465339337,0.1317931058114035,0.0326537975825365,-3.351505526713539,14800000.0,119300000.0,4500000.0,47700000.0,202300000.0,63550000.0,0.0,146.94330320460148,178.6646884272997,0.0,0.6124811273276296,0.5037369207772795,0.0,0.1430830039525691,0.0358011049921553,1996-10-15,0.26,amc,,2025-04-24,1996-09-30,0.0,8.1959375,74168.75
1996-06-30,AJG,USD,354190,1996-07-31,1996-07-31 00:00:00,1996,Q2,103500000.0,34600000.0,68900000.0,0.6657004831,0,0.0,0.0,61100000.0,2600000.0,63700000.0,98300000.0,0.0,0.0,3200000.0,8400000.0,0.0811594203,5200000.0,0.0502415459,6400000.0,11600000.0,0.1120772947,4600000.0,7000000.0,0.0676328502,0.1,0.1,70000000,70000000,https://www.sec.gov/Archives/edgar/data/354190/000095013196003539/0000950131-96-003539-index.html,https://www.sec.gov/Archives/edgar/data/354190/,1.4785714285714286,0.1,0.0814285714285714,0.0457142857142857,0.6857142857142857,1.58,1.4814285714285715,1.58,0.0,560000000.0,512000000.0,20.0,5.410628019323672,98.24561403508773,175.0,5.063291139240506,5.063291139240506,4.946859903381642,60.95238095238095,89.82456140350877,160.0,0.0125,0.0057142857142857,0.0,0.0,-5.714285714285714,1.0254980079681275,0.0,0.8028169014084507,0.0080357142857142,0.6428571428571429,0.0,0.0,0.0138637733574442,0.4385964912280701,0.0241545893719806,0.9615384615384616,0.0,1.88547076349648,0.0258905200864914,0.0142624286878565,-2.6382142857142856,9600000.0,103700000.0,-1000000.0,40200000.0,187000000.0,61700000.0,0.0,179.04347826086956,156.58959537572255,0.0,0.5026711996114619,0.574750830564784,0.0,0.0632911392405063,0.0357142857142857,1996-07-15,0.1,amc,,2025-04-24,1996-06-30,0.0999999999999999,8.313809523809523,153644.44444444444
1996-03-31,AJG,USD,354190,1996-04-29,1996-04-29 00:00:00,1996,Q1,100700000.0,30700000.0,70000000.0,0.6951340616,0,0.0,0.0,55400000.0,2200000.0,57600000.0,88300000.0,0.0,0.0,2200000.0,14600000.0,0.1449851043,12400000.0,0.1231380338,0.0,12400000.0,0.1231380338,4200000.0,8200000.0,0.0814299901,0.13,0.13,63076923,63076923,https://www.sec.gov/Archives/edgar/data/354190/000095013196001740/0000950131-96-001740-index.htm,https://www.sec.gov/Archives/edgar/data/354190/0000950131-96-001740.txt,1.596463416581053,0.1300000001585365,0.2409756100499702,0.1997560978045806,1.0051219524452706,1.9500000023780488,1.832682929064248,1.9500000023780488,0.0,573369230.0699999,509969230.06999993,17.48076920945122,5.693835452532274,37.72165987302632,45.50549444999999,4.661538455853658,4.661538455853658,5.064242602482621,34.92939931986301,33.550607241447366,40.47374841825396,0.014301430160455,0.0219753682953334,0.0,0.0,-4.342465753424658,1.063231850117096,0.0,1.853658536585366,0.0068018997104603,0.4756097560975609,0.0,0.0,0.0155527532576712,0.1710526315789473,0.025819265143992,1.181818181818182,0.0,2.3882525021261016,0.0611028315946348,0.0175064047822374,-2.589298783645486,21600000.0,115600000.0,10400000.0,52300000.0,180900000.0,60100000.0,0.0,150.23833167825222,185.27687296416937,0.0,0.5990481856038072,0.485759493670886,0.0,0.0666666666666666,0.0412195122453896,1996-04-17,0.12,amc,,2025-04-24,1996-03-31,0.0,9.363968253968252,66387.30158730158
1995-12-31,AJG,USD,354190,1996-03-04,1996-03-04 00:00:00,1995,Q4,110900000.0,32200000.0,78700000.0,0.7096483318,0,0.0,0.0,56800000.0,2000000.0,58800000.0,91000000.0,0.0,0.0,2000000.0,21900000.0,0.1974752029,19900000.0,0.1794409378,100000.0,20000000.0,0.180342651,6400000.0,13600000.0,0.1226330027,0.22,0.22,63076923,63076923,https://www.sec.gov/Archives/edgar/data/354190/000095013196000860/0000950131-96-000860-index.htm,https://www.sec.gov/Archives/edgar/data/354190/0000950131-96-000860.txt,1.7581707338514276,0.2156097563604997,-0.0586585366569006,-0.0792682927795954,0.8481707327416717,1.8723170754540448,1.75182927042906,1.8723170754540448,0.0475609756677572,587246153.13,536746153.13,10.794966050183824,5.295276403336339,-158.71517652162163,-117.449230626,4.972448375359865,4.972448375359865,4.8399112094679895,24.50895676392694,-145.06652787297298,-107.349230626,0.0231589426810418,-0.0085143171621477,0.025402201524132,0.0060532687651331,-2.3059360730593608,1.0489145369607036,0.0,-0.2720588235294117,0.0066411673864752,0.2867647058823529,0.0,0.0,0.0153349475383373,-0.3513513513513513,0.011722272317403,0.65,0.0,3.0138050933223317,0.1027486712224753,0.0278688524590163,-2.8334451254066404,17800000.0,110500000.0,4200000.0,48000000.0,183950000.0,54500000.0,0.0,157.19567177637512,159.31677018633542,0.0,0.572534847702633,0.5649122807017544,0.0,0.1151566469093988,0.0206097561226948,1996-01-18,0.2,amc,,2025-04-24,1995-12-31,0.0499999999999999,8.836190476190477,97485.71428571428
1995-09-30,AJG,USD,354190,1995-11-06,1995-11-06 00:00:00,1995,Q3,110600000.0,30600000.0,80000000.0,0.7233273056,0,0.0,0.0,54200000.0,2200000.0,56400000.0,87000000.0,0.0,0.0,2200000.0,25800000.0,0.2332730561,23600000.0,0.2133815552,100000.0,23700000.0,0.2142857143,8300000.0,15400000.0,0.1392405063,0.24,0.24,64166667,64166667,https://www.sec.gov/Archives/edgar/data/354190/000095013195003060/0000950131-95-003060-index.html,https://www.sec.gov/Archives/edgar/data/354190/,1.7236363546824085,0.2399999987532467,0.3319480502236465,0.3319480502236465,1.0940259683427225,1.8093506399514248,1.6877921990244562,1.8093506399514248,0.0,569800002.96,499600002.96,9.250000048051948,5.151898760940326,26.75117384788733,26.75117384788733,4.907838096124031,4.907838096124031,4.517179050271248,19.3643412,23.4553992,23.4553992,0.0270270268866268,0.0373815371873475,0.0,0.0,-2.7209302325581395,1.0651162790697677,0.0,1.339622641509434,0.0066690066343624,0.2467532467532467,0.0,0.0,0.0157830837717523,0.0,0.0,0.0,0.0,3.1257788477404933,0.1191532330772837,0.0316611842105263,-2.7623376479878563,23800000.0,108300000.0,11200000.0,54700000.0,183750000.0,49600000.0,0.0,141.75406871609405,152.94117647058823,0.0,0.634902411021814,0.5884615384615385,0.0,0.1326442721791559,0.0,1995-10-12,0.23,amc,,2025-04-24,1995-09-30,0.0434782608695651,9.1415873015873,63015.87301587302
1995-06-30,AJG,USD,354190,1995-08-02,1995-08-02 00:00:00,1995,Q2,91200000.0,29200000.0,62000000.0,0.6798245614,0,0.0,0.0,51400000.0,1800000.0,53200000.0,82400000.0,0.0,0.0,1800000.0,10600000.0,0.1162280702,8800000.0,0.0964912281,0.0,8800000.0,0.0964912281,3100000.0,5700000.0,0.0625,0.09,0.09,63333333,63333333,https://www.sec.gov/Archives/edgar/data/354190/000095013195002060/0000950131-95-002060-index.html,https://www.sec.gov/Archives/edgar/data/354190/,1.4400000075789474,0.0900000004736842,0.1910526325844875,0.1910526325844875,0.7942105304958449,1.6405263244238228,1.5173684290387812,1.6405263244238228,0.0,575699996.97,525399996.97,25.249999867105263,6.312499966776316,47.57851214628099,47.57851214628099,5.5409046869104905,5.5409046869104905,5.760964879057018,49.56603745,43.42148735289256,43.42148735289256,0.0099009901511203,0.0210178913734309,0.0,0.0,-4.745283018867925,1.031266846361186,0.0,2.12280701754386,0.0064269585191483,0.6491228070175439,0.0,0.0,0.0160131389858345,0.0,0.0,0.0,0.0,1.8226535119003824,0.0490956072351421,0.0118923430002086,-2.967236857722299,11600000.0,96100000.0,-600000.0,41200000.0,177500000.0,47500000.0,0.0,190.7565789473684,145.47945205479454,0.0,0.4718054837040869,0.6186440677966102,0.0,0.0548604427333975,0.0,1995-07-18,0.09,amc,,2025-04-24,1995-06-30,0.0,8.817936507936507,33695.23809523809
1995-03-31,AJG,USD,354190,1995-05-10,1995-05-10 00:00:00,1995,Q1,90500000.0,28300000.0,62200000.0,0.6872928177,0,0.0,0.0,50500000.0,2000000.0,52500000.0,80800000.0,0.0,0.0,2000000.0,11700000.0,0.129281768,9700000.0,0.1071823204,0.0,9700000.0,0.1071823204,3400000.0,6300000.0,0.0696132597,0.1,0.1,63000000,63000000,https://www.sec.gov/Archives/edgar/data/354190/000095013195001214/0000950131-95-001214-index.html,https://www.sec.gov/Archives/edgar/data/354190/,1.4365079365079363,0.1,0.1873015873015873,0.1412698412698412,0.7222222222222222,1.6222222222222222,1.4984126984126984,1.6222222222222222,0.0,556920000.0,511420000.0,22.1,6.153812154696133,47.19661016949152,62.57528089887641,5.44931506849315,5.44931506849315,5.651049723756906,43.71111111111111,43.340677966101694,57.46292134831461,0.0113122171945701,0.0159807512748689,0.0,0.0,-3.888888888888889,1.0385326757090012,0.0,1.873015873015873,0.0059254471019176,0.5238095238095238,0.0,0.0,0.0177717019822283,0.2457627118644068,0.0320441988950276,1.45,0.0,1.91049731745428,0.0550218340611353,0.0146137787056367,-2.6972222222222224,12500000.0,94400000.0,200000.0,41400000.0,170750000.0,46350000.0,0.0,160.80662983425415,152.01413427561835,0.0,0.559678416821274,0.5920502092050209,0.0,0.0616438356164383,0.046031746031746,1995-04-13,0.1,amc,,2025-04-24,1995-03-31,0.0,8.427301587301587,50342.857142857145
1994-12-31,AJG,USD,354190,1995-03-14,1995-03-14 00:00:00,1994,Q4,88300000.0,28100000.0,60200000.0,0.6817667044,0,0.0,0.0,50500000.0,1900000.0,52400000.0,80500000.0,0.0,0.0,1900000.0,9700000.0,0.1098527746,7800000.0,0.0883352208,9200000.0,17000000.0,0.1925254813,5300000.0,11700000.0,0.1325028313,0.19,0.19,63000000,63000000,https://www.sec.gov/Archives/edgar/data/354190/000095013195000583/0000950131-95-000583-index.htm,https://www.sec.gov/Archives/edgar/data/354190/000095013195000583/,1.4015873015873015,0.1857142857142857,0.192063492063492,0.473015873015873,0.6301587301587301,1.534920634920635,1.4095238095238096,1.534920634920635,0.0539682539682539,504000000.0,467700000.0,10.769230769230768,5.707814269535674,41.65289256198347,16.91275167785235,5.211995863495346,5.211995863495346,5.296715741789354,48.21649484536083,38.65289256198347,15.694630872483222,0.0232142857142857,0.0591269841269841,0.0351602895553257,0.0075371314564398,-3.7422680412371134,1.0275095112671937,0.0,1.0341880341880345,0.006547619047619,0.282051282051282,0.0,0.0,0.0175127466193748,1.462809917355372,0.2004530011325028,9.31578947368421,0.0,2.532543288910198,0.0490697924508011,0.026398916967509,-2.854761904761905,9400000.0,88800000.0,-3300000.0,37300000.0,166250000.0,44500000.0,0.0,183.2616081540204,143.80782918149464,0.0,0.4911012235817575,0.6258351893095768,0.0,0.1209927611168562,0.2809523809523809,1995-01-19,0.15,amc,,2025-04-24,1994-12-31,0.2666666666666667,7.908253968253969,73460.31746031746
1994-09-30,AJG,USD,354190,1994-09-30,1994-09-29 20:00:00,1994,Q3,96700000.0,26700000.0,70000000.0,0.7238883144,0,0.0,0.0,47200000.0,1800000.0,49000000.0,75700000.0,0.0,0.0,1900000.0,22900000.0,0.2368148914,21000000.0,0.2171664943,-500000.0,20500000.0,0.2119958635,7600000.0,12900000.0,0.1334022751,0.21,0.21,61428571,61428571,,,1.5741860574943214,0.2100000014651163,0.7130232607885344,0.3516279094299621,1.08744186805192,1.6588372208756086,1.526976754839373,1.6588372208756086,0.3809302352157923,504942853.62000006,461542853.62000006,9.78571421744186,5.221746159462255,11.52837565342466,23.376983963888893,4.955278249460255,4.955278249460255,4.772935404550156,20.154709765065505,10.537508073515983,21.367724704629637,0.0255474454337124,0.0427771179355185,0.2296368989205103,0.0497872340425531,-1.8951965065502183,1.1161194029850747,0.0,3.395348837209302,0.0065353930179264,0.2558139534883721,0.0,0.0,0.0172340425531914,0.5068493150684932,0.2295760082730093,11.68421052631579,0.0,2.79964389223362,0.0978861788617886,0.0279281229703399,-3.0405232770269066,38900000.0,93800000.0,5800000.0,66300000.0,173600000.0,42350000.0,0.0,142.11995863495346,148.65168539325842,0.0,0.633267845448592,0.6054421768707483,0.0,0.1265947006869479,0.3613953513585722,1994-10-13,0.19,amc,,2025-04-24,1994-09-30,0.0526315789473684,8.03375,49118.75
1994-06-30,AJG,USD,354190,1994-06-30,1994-06-29 20:00:00,1994,Q2,79300000.0,24600000.0,54700000.0,0.6897856242,0,0.0,0.0,45800000.0,1800000.0,47600000.0,72200000.0,0.0,0.0,1800000.0,8900000.0,0.1122320303,7100000.0,0.0895334174,200000.0,7300000.0,0.0920554855,2700000.0,4600000.0,0.0580075662,0.08,0.08,57500000,57500000,,,1.3791304347826088,0.08,0.0660869565217391,0.0243478260869565,0.6017391304347826,1.7008695652173913,1.5582608695652174,1.7008695652173913,0.4069565217391304,445625000.0,434425000.0,24.21875,5.619482976040353,117.26973684210527,318.30357142857144,4.556492842535787,4.556492842535787,5.478247162673393,48.811797752808985,114.32236842105264,310.30357142857144,0.0103225806451612,0.0031416549789621,0.2392638036809816,0.0495342929720575,-1.2584269662921348,1.1082428864769729,0.0,0.8260869565217391,0.0076297335203366,0.7391304347826086,0.0,0.0,0.0173581710414902,0.631578947368421,0.030264817150063,1.3333333333333333,0.0,1.7497328988709404,0.0340226053440283,0.0099095217578629,-3.376086956521739,36900000.0,89600000.0,3200000.0,64000000.0,165700000.0,43000000.0,0.0,220.7440100882724,148.53658536585368,0.0,0.4077120822622108,0.6059113300492611,0.0,0.0470347648261758,0.0417391304347826,1994-07-19,0.06,amc,,2025-04-24,1994-06-30,0.1666666666666668,7.844516129032258,40503.22580645161
1994-03-31,AJG,USD,354190,1994-03-31,1994-03-30 19:00:00,1994,Q1,79300000.0,25700000.0,53600000.0,0.6759142497,0,0.0,0.0,45500000.0,1800000.0,47300000.0,73000000.0,0.0,0.0,1800000.0,8100000.0,0.1021437579,6300000.0,0.079445145,2100000.0,8400000.0,0.10592686,3100000.0,5300000.0,0.0668348045,0.09,0.09,58888889,58888889,,,1.346603771044144,0.0899999998301886,0.307358489986116,0.2988679239644001,0.6435849044460662,1.7371698080430755,1.6098113177173372,1.7371698080430755,0.4058490558380206,419877778.57,405877778.57,19.805555592924527,5.29480174741488,23.197667324309396,23.856691964204543,4.104377112121212,4.104377112121212,5.118256980706179,50.10836772469136,22.424186661325965,23.06123741875,0.0126227208737992,0.041916959882805,0.2336265884652981,0.0551963048498845,-1.728395061728395,1.135363790186125,0.0,3.4150943396226414,0.0064304427092939,0.5094339622641509,0.0,0.0,0.0173210161662817,0.0276243093922651,0.0063051702395964,0.2777777777777778,0.0,1.8755716074439623,0.0289090909090909,0.0124559341950646,-3.228537729757476,40000000.0,94800000.0,4800000.0,65700000.0,144700000.0,40900000.0,0.0,155.3720050441362,158.98832684824902,0.0,0.579254930606282,0.566079295154185,0.0,0.0518084066471163,0.0084905660217159,1994-04-19,0.08,amc,,2025-04-24,1994-03-31,0.0,7.777301587301587,146888.88888888888
1993-12-31,AJG,USD,354190,1993-12-31,1993-12-30 19:00:00,1993,Q4,68000000.0,25200000.0,42800000.0,0.6294117647,0,0.0,0.0,41800000.0,1700000.0,43500000.0,68700000.0,0.0,0.0,1700000.0,1000000.0,0.0147058824,-700000.0,-0.0102941176,15200000.0,14500000.0,0.2132352941,5400000.0,9100000.0,0.1338235294,0.15,0.15,58888889,58888889,,,1.1547169789533642,0.1545283015952296,-0.1069811318736205,-0.1069811318736205,0.7947169796326095,2.061509430072624,1.9307547133381984,2.061509430072624,0.4160377350640797,533533334.34,511233334.34,14.657509185164836,7.846078446176471,-84.68783084761905,-84.68783084761905,4.394838009390445,4.394838009390445,7.518137269705883,511.23333434000006,-81.14814830793651,-81.14814830793651,0.0170561039288332,-0.0118080719507307,0.2018121911037891,0.052858683926645,-22.3,1.1901178010471205,0.0,-0.6923076923076923,0.0050606022645988,0.2967032967032967,0.0,0.0,0.0166127292340884,0.0,0.0,0.0,0.0,2.677243899313738,-0.002782206110371,0.0199648968845985,-3.0723113149579038,58100000.0,113700000.0,21600000.0,84000000.0,150350000.0,35400000.0,0.0,201.83823529411765,130.0,0.0,0.4459016393442623,0.6923076923076923,0.0,0.0749588138385502,0.0,1994-01-19,0.14,amc,,2025-04-24,1993-12-31,0.0,8.7625,81850.0
1993-09-30,AJG,USD,354190,1993-09-30,1993-09-29 20:00:00,1993,Q3,89100000.0,25500000.0,63600000.0,0.7138047138,0,0.0,0.0,42700000.0,1600000.0,44300000.0,69800000.0,0.0,0.0,1600000.0,20900000.0,0.2345679012,19300000.0,0.2166105499,-500000.0,18800000.0,0.2109988777,7000000.0,11800000.0,0.1324354658,0.19,0.19,62105263,62105263,,,1.4346610205965955,0.1900000004830508,0.3220338991238149,0.3220338991238149,0.9902542398057312,1.8339830555101264,1.7083898348518385,1.8339830555101264,0.3220338991238149,496842104.0,455342104.0,10.526315762711864,5.57623012345679,24.8421052,24.8421052,4.362090465320456,4.362090465320456,5.110461324354658,21.78670354066985,22.7671052,22.7671052,0.0237500000603813,0.0402542373904768,0.1755926251097453,0.0437158469945355,-1.985645933014354,1.1878471087879778,0.0,1.694915254237288,0.0054343220477143,0.2288135593220339,0.0,0.0,0.0170491803278688,0.0,0.0,0.0,0.0,2.8000495678181663,0.0800120857809381,0.0262397153657994,-2.7525847527608085,57500000.0,106100000.0,20000000.0,83400000.0,158200000.0,32750000.0,0.0,149.6969696969697,121.41176470588236,0.0,0.6012145748987854,0.7412790697674418,0.0,0.1035996488147497,0.0,1993-10-13,0.17,amc,,2025-04-24,1993-09-30,0.1176470588235293,7.845625,64475.0
1993-06-30,AJG,USD,354190,1993-06-30,1993-06-29 20:00:00,1993,Q2,73600000.0,24300000.0,49300000.0,0.6698369565,0,0.0,0.0,36000000.0,1500000.0,37500000.0,61800000.0,0.0,0.0,1600000.0,13400000.0,0.1820652174,11800000.0,0.160326087,-400000.0,11400000.0,0.1548913043,4200000.0,7200000.0,0.097826087,0.12,0.12,60000000,60000000,,,1.2266666666666666,0.12,0.175,0.175,0.74,1.8383333333333336,1.7066666666666668,1.8383333333333336,0.3333333333333333,493200000.00000006,468800000.00000006,17.125000000000004,6.70108695652174,46.971428571428575,46.971428571428575,4.471441523118767,4.471441523118767,6.3695652173913055,34.985074626865675,44.64761904761905,44.64761904761905,0.0145985401459854,0.0212895377128953,0.1813236627379873,0.0437541019470575,-1.82089552238806,1.167583306373342,0.0,1.4,0.0052716950527169,0.3611111111111111,0.0,0.0,0.0172828702690877,0.0,0.0,0.0,0.0,2.227891379757999,0.0503556187766714,0.0160284951024042,-2.9375,51800000.0,102400000.0,14100000.0,77300000.0,151050000.0,32850000.0,0.0,205.67934782608697,115.1851851851852,0.0,0.4375743162901307,0.7813504823151125,0.0,0.0652765185856754,0.0,1993-07-20,0.07,amc,,2025-04-24,1993-06-30,0.1428571428571427,8.416507936507937,105923.80952380953
1993-03-31,AJG,USD,354190,1993-03-31,1993-03-30 19:00:00,1993,Q1,66800000.0,21200000.0,45600000.0,0.6826347305,0,0.0,0.0,37400000.0,1500000.0,38900000.0,60100000.0,0.0,0.0,1500000.0,8200000.0,0.122754491,6700000.0,0.1002994012,-500000.0,6200000.0,0.0928143713,2300000.0,3900000.0,0.0583832335,0.07,0.07,55714286,55714286,,,1.1989743528257726,0.0699999996410256,0.122051281425378,0.122051281425378,0.7502564064089415,1.832564093166338,1.6907692220986197,1.832564093166338,0.3589743571334648,494742859.68000007,472942859.68000007,31.71428587692308,7.4063302347305395,72.75630289411765,72.75630289411765,4.845669536532811,4.845669536532811,7.079982929341319,57.67595849756098,69.55042054117648,69.55042054117648,0.0078828828424578,0.013744513674029,0.1958863858961802,0.0488758553274682,-2.658536585365854,0.9877641824249166,0.0,1.7435897435897436,0.0046488796250392,0.5897435897435898,0.0,0.0,0.0193059628543499,0.0,0.0,0.0,0.0,1.6989080116167277,0.0302115851543531,0.00971841515076,-2.959294856619001,-3300000.0,94200000.0,-40700000.0,20700000.0,136500000.0,33300000.0,0.0,180.40419161676647,146.88679245283018,0.0,0.4988797610156833,0.6127167630057804,0.0,0.0381978452497551,0.0,1993-04-20,0.08,amc,,2025-04-24,1993-03-31,-0.1249999999999999,7.815161290322581,177483.87096774194
1992-12-31,AJG,USD,354190,1992-12-31,1992-12-30 19:00:00,1992,Q4,77200000.0,23800000.0,53400000.0,0.6917098446,0,0.0,0.0,39000000.0,1300000.0,40300000.0,64100000.0,0.0,0.0,1300000.0,14400000.0,0.1865284974,13100000.0,0.1696891192,-400000.0,12700000.0,0.164507772,4400000.0,8300000.0,0.1075129534,0.15,0.15,55714286,55714286,,,1.3856410185351742,0.1489743582103879,-0.2279487167797501,-0.2620512807074293,2.0174358870900724,1.6369230685285996,1.4933333256752137,1.6369230685285996,0.3589743571334648,393342859.16,300942859.16,11.84767648072289,5.095114755958549,-30.971878674015745,-26.94129172328767,4.312969946929824,4.312969946929824,3.898223564248704,20.898809663888887,-23.696288122834645,-20.6125246,0.0211011838824912,-0.0371177451426953,0.219298245614035,0.0498628770880079,-6.416666666666667,0.9970877320713506,0.0,-1.5301204819277108,0.0055930848845157,0.2650602409638554,0.0,0.0,0.0199451508352031,-0.1496062992125984,0.0246113989637305,1.4615384615384617,0.0,2.342400516651904,0.0677327319844513,0.021114220300178,-1.6723717862955294,-800000.0,83200000.0,-36000000.0,23800000.0,135900000.0,31250000.0,0.0,162.16321243523316,121.00840336134452,0.0,0.5549964054636952,0.74375,0.0,0.0910087719298245,0.0341025639276791,1992-12-30,,amc,,2025-04-24,1992-12-31,,7.015,63237.5
1992-09-30,AJG,USD,354190,1992-09-30,1992-09-29 20:00:00,1992,Q3,72400000.0,23500000.0,48900000.0,0.6754143646,0,0.0,0.0,34700000.0,0.0,34700000.0,58200000.0,0.0,0.0,1800000.0,16000000.0,0.2209944751,14200000.0,0.1961325967,-600000.0,13600000.0,0.1878453039,4700000.0,8900000.0,0.1229281768,0.16,0.16,55625000,55625000,,,1.3015730337078653,0.16,0.48,0.4548314606741573,2.209438202247191,1.4885393258426969,1.341123595505618,1.4885393258426969,0.3595505617977528,389375000.0,286475000.0,10.9375,5.37810773480663,14.583333333333334,15.390316205533598,4.702596618357488,4.702596618357488,3.9568370165745854,17.9046875,10.72940074906367,11.32312252964427,0.0228571428571428,0.064975922953451,0.2415458937198067,0.0493583415597235,-6.43125,0.8950276243093923,0.0,3.068965517241379,0.0056500802568218,0.247191011235955,0.0,0.0,0.0202369200394866,0.0524344569288389,0.0193370165745856,0.7777777777777778,0.0,2.3148955857735154,0.0790863579474343,0.0224181360201511,-1.797303370786517,-32300000.0,74600000.0,-47000000.0,-8600000.0,139950000.0,30450000.0,0.0,164.9585635359116,116.80851063829786,0.0,0.5455915599095704,0.7704918032786885,0.0,0.107487922705314,0.0251685393258426,1993-01-19,0.11,amc,,2025-04-24,1992-09-30,0.1818181818181818,6.27984375,76800.0
1992-06-30,AJG,USD,354190,1992-06-30,1992-06-29 20:00:00,1992,Q2,60400000.0,21700000.0,38700000.0,0.6407284768,0,0.0,0.0,33000000.0,0.0,33000000.0,54700000.0,0.0,0.0,0.0,5700000.0,0.0943708609,5700000.0,0.0943708609,-600000.0,5100000.0,0.0844370861,1800000.0,3300000.0,0.0546357616,0.06,0.06,55000000,55000000,,,1.098181818181818,0.06,0.2563636363636363,0.2290909090909091,1.9727272727272729,1.529090909090909,1.3909090909090909,1.529090909090909,0.64,300850000.0,227550000.0,22.791666666666668,4.980960264900662,21.336879432624112,23.876984126984127,3.5772889417360285,3.5772889417360285,3.767384105960265,39.92105263157895,16.138297872340427,18.05952380952381,0.0109689213893967,0.0418813362140601,0.4185493460166468,0.0881542699724518,-12.859649122807015,0.912,0.0,4.2727272727272725,0.0069802227023433,0.6363636363636364,0.0,0.0,0.0190333082895066,0.1063829787234042,0.0248344370860927,0.0,0.0,1.4367577134899003,0.0309156353237019,0.0084248149093694,-1.750909090909091,-26400000.0,76500000.0,-41600000.0,-3900000.0,73600000.0,15200000.0,0.0,219.33774834437085,126.08294930875576,0.0,0.4103260869565217,0.7138157894736842,0.0,0.0392390011890606,0.0272727272727272,1992-06-29,,amc,,2025-04-24,1992-06-30,,5.702857142857143,48926.98412698413
1992-03-31,AJG,USD,354190,1992-03-31,1992-03-30 19:00:00,1992,Q1,58300000.0,0.0,0.0,0.0,0,0.0,0.0,0.0,52800000.0,52800000.0,52800000.0,0.0,0.0,0.0,5500000.0,0.0943396226,5500000.0,0.0943396226,-600000.0,4900000.0,0.0840480274,1700000.0,3200000.0,0.0548885077,0.06,0.06,53333333,53333333,,,1.0931250068320313,0.060000000375,-0.0468750002929687,-0.0656250004101562,0.0,1.5900000099375,1.4456250090351563,1.5900000099375,0.0,321599997.99,321599997.99,25.12499984296875,5.516294991252145,-128.639999196,-91.88571371142858,3.792452806485849,3.792452806485849,5.516294991252145,58.47272690727273,-128.639999196,-91.88571371142858,0.0099502488184079,-0.0108830846451337,0.0,0.0,0.0,0.0,0.0,-0.78125,0.0068407960626554,0.6875,0.0,0.0,0.0216901408450704,-0.4,0.0171526586620926,0.0,0.0,1.46509386280581,0.0101178499568841,0.0092139360783184,-5.066250031664063,0.0,77100000.0,-270200000.0,7700000.0,0.0,0.0,0.0,0.0,0.0,0.0,0.0,0.0,0.0,0.0377358490566037,0.0187500001171875,1992-03-30,,amc,,2025-04-24,1992-03-31,,5.974761904761905,33676.19047619047
1991-12-31,AJG,USD,354190,1991-12-31,1991-12-30 19:00:00,1991,Q4,62600000.0,0.0,0.0,0.0,0,0.0,0.0,0.0,53100000.0,53100000.0,53100000.0,0.0,0.0,0.0,9500000.0,0.1517571885,9500000.0,0.1517571885,-500000.0,9000000.0,0.1437699681,3200000.0,5800000.0,0.0926517572,0.11,0.11,53333333,53333333,,,1.1737500073359377,0.1087500006796875,0.04500000028125,0.0206250001289062,0.0,1.6087500100546877,1.462500009140625,1.6087500100546877,0.37500000234375,298133331.47,318133331.47,12.850574632327586,4.76251328226837,124.22222144583333,271.0303013363636,3.474747453030303,3.474747453030303,5.082002100159744,33.48771910210526,132.55555477916664,289.2121195181818,0.0194543829480657,0.0036896243522193,0.2331002331002331,0.0531490831783151,2.1052631578947367,0.0,0.0,0.4137931034482758,0.0073792487044387,0.3793103448275862,0.0,0.0,0.0207281424395429,0.5416666666666666,0.0207667731629392,0.0,0.0,1.9840388618812703,0.0162695249062509,0.0157394843962008,-5.446875034042969,0.0,78000000.0,-290500000.0,7800000.0,0.0,0.0,0.0,0.0,0.0,0.0,0.0,0.0,0.0,0.0675990675990676,0.0243750001523437,1991-12-30,,amc,,2025-04-24,1991-12-31,,5.28484375,58131.25
1991-09-30,AJG,USD,354190,1991-09-30,1991-09-29 20:00:00,1991,Q3,59200000.0,0.0,0.0,0.0,0,0.0,0.0,0.0,48900000.0,48900000.0,48900000.0,0.0,0.0,0.0,10300000.0,0.1739864865,10300000.0,0.1739864865,-600000.0,9700000.0,0.1638513514,2700000.0,7000000.0,0.1182432432,0.13,0.13,53846154,53846154,,,1.099428568287347,0.1299999996285714,0.7521428549938776,0.7168571408089796,0.0,1.6268571382089796,1.4801428529138776,1.6268571382089796,0.3714285703673469,264384616.14,284384616.14,9.442307719285717,4.465956353716217,6.528015213333333,6.849342387046632,3.018089225342466,3.018089225342466,4.803794191554053,27.610156906796117,7.02184237382716,7.367477102072539,0.0264765783357579,0.1459994176800365,0.228310502283105,0.0549450549450549,1.941747572815534,0.0,0.0,4.821428571428571,0.0079429735007273,0.3,0.0,0.0,0.0217032967032967,0.0469135802469135,0.0320945945945945,0.0,0.0,2.1814117253891774,0.0204203013481364,0.019657399606852,-5.133142842476735,0.0,79700000.0,-276400000.0,7900000.0,0.0,0.0,0.0,0.0,0.0,0.0,0.0,0.0,0.0,0.0799086757990867,0.0352857141848979,1991-09-29,,amc,,2025-04-24,1991-09-30,,5.1584375,59987.5
1991-06-30,AJG,USD,354190,1991-06-30,1991-06-29 20:00:00,1991,Q2,52000000.0,0.0,0.0,0.0,0,0.0,0.0,0.0,50200000.0,50200000.0,50200000.0,0.0,0.0,0.0,1800000.0,0.0346153846,1800000.0,0.0346153846,-600000.0,1200000.0,0.0230769231,400000.0,800000.0,0.0153846154,0.02,0.02,40000000,40000000,,,1.3,0.02,0.235,0.18,0.0,2.115,1.9125,2.115,0.5,231200000.0,251200000.0,72.25,4.446153846153846,24.595744680851062,32.111111111111114,2.7328605200945626,2.7328605200945626,4.830769230769231,139.55555555555554,26.72340425531915,34.888888888888886,0.0034602076124567,0.0311418685121107,0.2364066193853428,0.0555247084952804,11.11111111111111,0.0,0.0,4.7,0.0082179930795847,2.375,0.0,0.0,0.0224875069405885,0.2340425531914893,0.0423076923076923,0.0,0.0,0.975576752490546,0.0033314825097168,0.0022720817949446,-6.89,0.0,76500000.0,-275600000.0,8100000.0,0.0,0.0,0.0,0.0,0.0,0.0,0.0,0.0,0.0,0.0094562647754137,0.055,1991-06-29,,amc,,2025-04-24,1991-06-30,,6.035625,96256.25
1991-03-31,AJG,USD,354190,1991-03-31,1991-03-30 19:00:00,1991,Q1,49100000.0,0.0,0.0,0.0,0,0.0,0.0,0.0,44400000.0,44400000.0,44400000.0,0.0,0.0,0.0,4700000.0,0.0957230143,4700000.0,0.0957230143,-700000.0,4000000.0,0.0814663951,1400000.0,2600000.0,0.0529531568,0.06,0.06,43333333,43333333,,,1.1330769317928997,0.0600000004615384,-0.1892307706863905,-0.2423076941715976,0.0,1.9361538610473377,1.788461552218935,1.9361538610473377,0.4615384650887574,302033331.01,322033331.01,29.04166644326923,6.151391670264766,-36.83333305,-28.765079143809523,3.599920512634088,3.599920512634088,6.558723645824848,68.51773000212766,-39.2723574402439,-30.669841048571428,0.0086083214435492,-0.0347643750604874,0.2383790226460071,0.0700035001750087,4.25531914893617,0.0,0.0,-3.1538461538461537,0.0059596071532264,0.6923076923076923,0.0,0.0,0.0224011200560028,-0.2804878048780488,0.0468431771894093,0.0,0.0,1.6167274762680688,0.0106930346517325,0.0093089867525957,-4.656923112745562,0.0,77500000.0,-201800000.0,6400000.0,0.0,0.0,0.0,0.0,0.0,0.0,0.0,0.0,0.0,0.0309892729439809,0.0530769234852071,1991-03-30,,amc,,2025-04-24,1991-03-31,,6.14016393442623,63606.55737704918
1990-12-31,AJG,USD,354190,1990-12-31,1990-12-30 19:00:00,1990,Q4,51900000.0,0.0,0.0,0.0,0,0.0,0.0,0.0,43700000.0,43700000.0,43700000.0,0.0,0.0,0.0,8200000.0,0.1579961464,8200000.0,0.1579961464,-700000.0,7500000.0,0.1445086705,2600000.0,4900000.0,0.0944123314,0.11,0.11,43333333,43333333,,,1.1976923169053255,0.1130769239467455,0.0876923083668639,0.0600000004615384,0.0,1.8900000145384617,1.742307705710059,1.8900000145384617,0.4615384650887574,251766664.73,271766664.73,12.84523799642857,4.850995466859345,66.25438545526315,96.83333258846152,3.0740740504273503,3.0740740504273503,5.236351921579962,33.14227618658537,71.51754335000001,104.52564028076924,0.019462465395309,0.0103270224546537,0.2442002442002442,0.0625586487331873,2.4390243902439024,0.0,0.0,0.7755102040816326,0.007149477083991,0.3673469387755102,0.0,0.0,0.0200187675946199,0.3157894736842105,0.0231213872832369,0.0,0.0,2.1928511640840007,0.0167573767073297,0.0156399616980529,-5.487692349905326,0.0,75500000.0,-237800000.0,6400000.0,0.0,0.0,0.0,0.0,0.0,0.0,0.0,0.0,0.0,0.0598290598290598,0.0276923079053254,1990-12-30,,amc,,2025-04-24,1990-12-31,,5.5434375,38056.25
1990-09-30,AJG,USD,354190,1990-09-30,1990-09-29 20:00:00,1990,Q3,54800000.0,0.0,0.0,0.0,0,0.0,0.0,0.0,42200000.0,42200000.0,42200000.0,0.0,0.0,0.0,12600000.0,0.2299270073,12600000.0,0.2299270073,-600000.0,12000000.0,0.2189781022,4300000.0,7700000.0,0.1405109489,0.16,0.16,48125000,48125000,,,1.1387012987012988,0.16,0.5506493506493506,0.5111688311688312,0.0,1.6415584415584417,1.5064935064935066,1.6415584415584417,0.4155844155844156,249768750.00000003,269768750.0,8.109375,4.5578239051094895,9.425235849056603,10.153201219512196,3.1616297468354437,3.1616297468354437,4.922787408759124,21.410218253968253,10.17995283018868,10.966209349593496,0.0308285163776493,0.098491104271451,0.2531645569620253,0.0627943485086342,1.5873015873015872,0.0,0.0,3.271604938271605,0.0068062958236368,0.2207792207792207,0.0,0.0,0.0204081632653061,0.0716981132075471,0.0346715328467153,0.0,0.0,2.4309690227582887,0.0253846153846153,0.0246794871794871,-4.976623376623377,0.0,72500000.0,-239500000.0,6500000.0,0.0,0.0,0.0,0.0,0.0,0.0,0.0,0.0,0.0,0.0974683544303797,0.0394805194805194,1990-09-29,,amc,,2025-04-24,1990-09-30,,5.413809523809523,24019.04761904762
1990-06-30,AJG,USD,354190,1990-06-30,1990-06-29 20:00:00,1990,Q2,43700000.0,0.0,0.0,0.0,0,0.0,0.0,0.0,40400000.0,40400000.0,40400000.0,0.0,0.0,0.0,3300000.0,0.0755148741,3300000.0,0.0755148741,-500000.0,2800000.0,0.0640732265,1000000.0,1800000.0,0.0411899314,0.04,0.04,45000000,45000000,,,0.9711111111111111,0.04,0.0,-0.0422222222222222,0.0,1.64,1.4955555555555555,1.64,0.4444444444444444,258750000.0,278750000.0,35.9375,5.921052631578948,0.0,-136.18421052631578,3.50609756097561,3.50609756097561,6.378718535469107,84.46969696969697,0.0,-146.71052631578948,0.0069565217391304,-0.0073429951690821,0.2710027100271002,0.0628930817610062,6.0606060606060606,0.0,0.0,0.0,0.0065700483091787,0.9444444444444444,0.0,0.0,0.020440251572327,0.0,0.0434782608695652,0.0,0.0,1.214907403878995,0.0066711590296495,0.0057784911717495,-5.426666666666667,0.0,67300000.0,-244200000.0,6500000.0,0.0,0.0,0.0,0.0,0.0,0.0,0.0,0.0,0.0,0.024390243902439,0.0422222222222222,1990-06-29,,amc,,2025-04-24,1990-06-30,,5.603968253968255,35739.68253968254
1990-03-31,AJG,USD,354190,1990-03-31,1990-03-30 19:00:00,1990,Q1,45700000.0,0.0,0.0,0.0,0,0.0,0.0,0.0,40600000.0,40600000.0,40600000.0,0.0,0.0,0.0,5100000.0,0.1115973742,5100000.0,0.1115973742,-600000.0,4500000.0,0.0984682713,1600000.0,2900000.0,0.0634573304,0.06,0.06,48333333,48333333,,,0.9455172479001188,0.0600000004137931,0.289655174411415,0.2441379327181926,0.0,1.5103448380023785,1.3737931129227112,1.5103448380023785,0.4137931063020214,280816664.73,300816664.73,24.208333166379308,6.144784786214441,20.058333195,23.79802243474576,3.846803626438356,3.846803626438356,6.582421547702406,58.98365975098039,21.486904623571423,25.492937688983048,0.0103270224464359,0.0420202982303257,0.273972602739726,0.0688231245698554,3.92156862745098,0.0,0.0,4.827586206896552,0.0053415633343634,0.5172413793103449,0.0,0.0,0.0227116311080523,0.1571428571428571,0.0481400437636761,0.0,0.0,1.4279235082332111,0.0113099334709795,0.0102112676056338,-4.502068996565993,0.0,66400000.0,-217600000.0,6600000.0,0.0,0.0,0.0,0.0,0.0,0.0,0.0,0.0,0.0,0.0397260273972602,0.0455172416932223,1990-03-30,,amc,,2025-04-24,1990-03-31,,5.87952380952381,23384.126984126982
1989-12-31,AJG,USD,354190,1989-12-31,1989-12-30 19:00:00,1989,Q4,46700000.0,0.0,0.0,0.0,0,0.0,0.0,0.0,144600000.0,144600000.0,144600000.0,0.0,0.0,0.0,-97900000.0,-2.096359743,-97900000.0,-2.096359743,97900000.0,0.0,0.0,0.0,0.0,0.0,0.05,0.05,45948000,48333333,,,1.0163663271524332,0.0,,,0.0,1.6148689823278488,1.471228345085749,1.6148689823278488,0.4352746583093932,284418120.0,304418120.0,0.0,6.090323768736616,0.0,0.0,3.8331283018867928,3.8331283018867928,6.5185892933618845,-3.1094802860061286,0.0,0.0,0.0,,0.2695417789757412,0.0680503572643756,-0.2042900919305413,0.0,0.0,0.0,0.0052504038772213,0.0,0.0,0.0,0.0224566178972439,0.0,,0.0,,0.0,,0.0,-4.781492121528685,0.0,67600000.0,-219700000.0,6600000.0,,,,0.0,0.0,0.0,0.0,0.0,0.0,0.0,,1989-12-30,,amc,,2025-04-24,1989-12-31,,,
1989-09-30,AJG,USD,354190,1989-09-30,1989-09-29 20:00:00,1989,Q3,47500000.0,0.0,0.0,0.0,0,0.0,0.0,0.0,0.0,0.0,0.0,0.0,0.0,0.0,47500000.0,1.0,47500000.0,1.0,-47500000.0,0.0,0.0,0.0,0.0,0.0,0.17,0.17,45616000,45616000,,,1.041301297790249,0.0,,,,,,,,262292000.0,,0.0,5.521936842105263,0.0,0.0,0.0,0.0,,,0.0,0.0,0.0,,0.0,0.0,,0.0,0.0,0.0,0.0056521739130434,0.0,0.0,0.0,0.0,0.0,,0.0,,,0.0,0.0,,,,,,,,,,0.0,0.0,0.0,0.0,0.0,0.0,,1989-09-29,,amc,,2025-04-24,1989-09-30,,,
1989-06-30,AJG,USD,354190,1989-06-30,1989-06-29 20:00:00,1989,Q2,38500000.0,0.0,0.0,0.0,0,0.0,0.0,0.0,0.0,0.0,0.0,0.0,0.0,0.0,38500000.0,1.0,38500000.0,1.0,-38500000.0,0.0,0.0,0.0,0.0,0.0,0.04,0.04,45616000,45616000,,,0.8440021045247281,0.0,,,,,,,,228080000.0,,0.0,5.924155844155844,0.0,0.0,0.0,0.0,,,0.0,0.0,0.0,,0.0,0.0,,0.0,0.0,0.0,0.0065,0.0,0.0,0.0,0.0,0.0,,0.0,,,0.0,0.0,,,,,,,,,,0.0,0.0,0.0,0.0,0.0,0.0,,1989-06-29,,amc,,2025-04-24,1989-06-30,,,
1989-03-31,AJG,USD,354190,1989-03-31,1989-03-30 19:00:00,1989,Q1,40500000.0,0.0,0.0,0.0,0,0.0,0.0,0.0,0.0,0.0,0.0,0.0,0.0,0.0,40500000.0,1.0,40500000.0,1.0,-40500000.0,0.0,0.0,0.0,0.0,0.0,0.09,0.09,43564000,43564000,,,0.9296666972729776,0.0,,,,,,,,194731080.0,,0.0,4.808174814814815,0.0,0.0,0.0,0.0,,,0.0,0.0,0.0,,0.0,0.0,,0.0,0.0,0.0,0.0072706935123042,0.0,0.0,0.0,0.0,0.0,,0.0,,,0.0,0.0,,,,,,,,,,0.0,0.0,0.0,0.0,0.0,0.0,,1989-03-30,,amc,,2025-04-24,1989-03-31,,,
1988-12-31,AJG,USD,354190,1988-12-31,1988-12-30 19:00:00,1988,Q4,38100000.0,0.0,0.0,0.0,0,0.0,0.0,0.0,129900000.0,129900000.0,129900000.0,0.0,0.0,0.0,-91800000.0,-2.4094488189,-91800000.0,-2.4094488189,91800000.0,0.0,0.0,0.0,0.0,0.0,0.01,0.01,43564000,43564000,,,0.874575337434579,0.0,,,1.9373794876503536,1.5494444954549629,1.3933523092461666,1.5494444954549629,0.459094665319989,182533160.00000003,118133160.00000004,0.0,4.79089658792651,0.0,0.0,2.704194962962963,2.704194962962963,3.1006078740157488,-1.286853594771242,0.0,0.0,0.0,,0.2962962962962963,0.0723065798987707,0.7015250544662309,1.0672222222222223,0.0,0.0,0.0071599045346062,0.0,0.0,0.0,0.024584237165582,0.0,,0.0,,0.0,,0.0,-1.3026811128454687,12100000.0,60700000.0,-17000000.0,27300000.0,,,,214.0157480314961,0.0,0.0,0.4205298013245033,0.0,0.0,0.0,,1988-12-30,,amc,,2025-04-24,1988-12-31,,,
1988-09-30,AJG,USD,354190,1988-09-30,1988-09-29 20:00:00,1988,Q3,44300000.0,0.0,0.0,0.0,0,0.0,0.0,0.0,0.0,0.0,0.0,0.0,0.0,0.0,44300000.0,1.0,44300000.0,1.0,-44300000.0,0.0,0.0,0.0,0.0,0.0,0.17,0.17,43564000,43564000,,,1.0168946836837756,0.0,,,,,,,,187760840.0,,0.0,4.238393679458238,0.0,0.0,0.0,0.0,,,0.0,0.0,0.0,,0.0,0.0,,0.0,0.0,0.0,0.0278422273781902,0.0,0.0,0.0,0.0,0.0,,0.0,,,0.0,0.0,,,,,,,,,,0.0,0.0,0.0,0.0,0.0,0.0,,1988-09-29,,amc,,2025-04-24,1988-09-30,,,
1988-06-30,AJG,USD,354190,1988-06-30,1988-06-29 20:00:00,1988,Q2,33100000.0,0.0,0.0,0.0,0,0.0,0.0,0.0,0.0,0.0,0.0,0.0,0.0,0.0,33100000.0,1.0,33100000.0,1.0,-33100000.0,0.0,0.0,0.0,0.0,0.0,0.04,0.04,43524000,43524000,,,0.7604999540483411,0.0,,,,,,,,199775160.0,,0.0,6.03550332326284,0.0,0.0,0.0,0.0,,,0.0,0.0,0.0,,0.0,0.0,,0.0,0.0,0.0,0.0261437908496732,0.0,0.0,0.0,0.0,0.0,,0.0,,,0.0,0.0,,,,,,,,,,0.0,0.0,0.0,0.0,0.0,0.0,,1988-06-29,,amc,,2025-04-24,1988-06-30,,,
1988-03-31,AJG,USD,354190,1988-03-31,1988-03-30 19:00:00,1988,Q1,36800000.0,0.0,0.0,0.0,0,0.0,0.0,0.0,0.0,0.0,0.0,0.0,0.0,0.0,36800000.0,1.0,36800000.0,1.0,-36800000.0,0.0,0.0,0.0,0.0,0.0,0.1,0.1,43524000,43524000,,,0.8455105229298777,0.0,,,,,,,,157992120.0,,0.0,4.293264130434783,0.0,0.0,0.0,0.0,,,0.0,0.0,0.0,,0.0,0.0,,0.0,0.0,0.0,0.0330578512396694,0.0,0.0,0.0,0.0,0.0,,0.0,,,0.0,0.0,,,,,,,,,,0.0,0.0,0.0,0.0,0.0,0.0,,1988-03-30,,amc,,2025-04-24,1988-03-31,,,
1987-12-31,AJG,USD,354190,1987-12-31,1987-12-30 19:00:00,1987,Q4,20800000.0,0.0,0.0,0.0,0,0.0,0.0,0.0,106000000.0,106000000.0,106000000.0,0.0,0.0,0.0,-85200000.0,-4.0961538462,-85200000.0,-4.0961538462,85200000.0,0.0,0.0,0.0,0.0,0.0,0.06,0.06,43524000,43524000,,,0.4778972520908005,0.0,,,1.8196856906534329,1.4520724198143553,1.2912416138222589,1.4520724198143553,0.4595165885488466,188894160.0,129694160.0,0.0,9.08145,0.0,0.0,2.98883164556962,2.98883164556962,6.2352961538461535,-1.522231924882629,0.0,0.0,0.0,,0.3164556962025316,0.0787711697518708,0.6948356807511737,1.0275284260921604,0.0,0.0,0.0230414746543778,0.0,0.0,0.0,0.0275699094131547,0.0,,0.0,,0.0,,0.0,-1.0833103575039058,4600000.0,56200000.0,-19000000.0,18400000.0,,,,371.25,0.0,0.0,0.2424242424242424,0.0,0.0,0.0,,1987-12-30,,amc,,2025-04-24,1987-12-31,,,
1987-09-30,AJG,USD,354190,1987-09-30,1987-09-29 20:00:00,1987,Q3,39700000.0,0.0,0.0,0.0,0,0.0,0.0,0.0,0.0,0.0,0.0,0.0,0.0,0.0,39700000.0,1.0,39700000.0,1.0,-39700000.0,0.0,0.0,0.0,0.0,0.0,0.17,0.17,42332000,42332000,,,0.9378248133799488,0.0,,,,,,,,222243000.0,,0.0,5.598060453400504,0.0,0.0,0.0,0.0,,,0.0,0.0,0.0,,0.0,0.0,,0.0,0.0,0.0,0.019047619047619,0.0,0.0,0.0,0.0,0.0,,0.0,,,0.0,0.0,,,,,,,,,,0.0,0.0,0.0,0.0,0.0,0.0,,1987-09-29,,amc,,2025-04-24,1987-09-30,,,
1987-06-30,AJG,USD,354190,1987-06-30,1987-06-29 20:00:00,1987,Q2,29300000.0,0.0,0.0,0.0,0,0.0,0.0,0.0,0.0,0.0,0.0,0.0,0.0,0.0,29300000.0,1.0,29300000.0,1.0,-29300000.0,0.0,0.0,0.0,0.0,0.0,0.07,0.07,42332000,42332000,,,0.6921477841821789,0.0,,,,,,,,218433120.0,,0.0,7.455055290102389,0.0,0.0,0.0,0.0,,,0.0,0.0,0.0,,0.0,0.0,,0.0,0.0,0.0,0.0193798449612403,0.0,0.0,0.0,0.0,0.0,,0.0,,,0.0,0.0,,,,,,,,,,0.0,0.0,0.0,0.0,0.0,0.0,,1987-06-29,,amc,,2025-04-24,1987-06-30,,,
1987-03-31,AJG,USD,354190,1987-03-31,1987-03-30 19:00:00,1987,Q1,31600000.0,0.0,0.0,0.0,0,0.0,0.0,0.0,0.0,0.0,0.0,0.0,0.0,0.0,31600000.0,1.0,31600000.0,1.0,-31600000.0,0.0,0.0,0.0,0.0,0.0,0.08,0.08,42332000,42332000,,,0.7464802041009165,0.0,,,,,,,,256531920.0,,0.0,8.118098734177215,0.0,0.0,0.0,0.0,,,0.0,0.0,0.0,,0.0,0.0,,0.0,0.0,0.0,0.0165016501650165,0.0,0.0,0.0,0.0,0.0,,0.0,,,0.0,0.0,,,,,,,,,,0.0,0.0,0.0,0.0,0.0,0.0,,1987-03-30,,amc,,2025-04-24,1987-03-31,,,
1986-12-31,AJG,USD,354190,1986-12-31,1986-12-30 19:00:00,1986,Q4,18400000.0,0.0,0.0,0.0,0,0.0,0.0,0.0,91100000.0,91100000.0,91100000.0,0.0,0.0,0.0,-72700000.0,-3.9510869565,-72700000.0,-3.9510869565,72700000.0,0.0,0.0,0.0,0.0,0.0,0.06,0.06,42332000,42332000,,,0.4346593593499008,0.0,,,1.6346971558159311,1.2827175659075876,1.202400075592932,1.2827175659075876,0.4724558253803269,277697920.0,228497920.0,0.0,15.092278260869564,0.0,0.0,5.114142173112339,5.114142173112339,12.418365217391305,-3.143025034387896,0.0,0.0,0.0,,0.3683241252302026,0.0871839581517,0.6767537826685007,1.0638852672750978,0.0,0.0,0.0076219512195121,0.0,0.0,0.0,0.014821272885789,0.0,,0.0,,0.0,,0.0,-0.9602664650855144,9800000.0,50900000.0,-11900000.0,19200000.0,,,,425.5434782608696,0.0,0.0,0.2114942528735632,0.0,0.0,0.0,,1986-12-30,,amc,,2025-04-24,1986-12-31,,,
1986-09-30,AJG,USD,354190,1986-09-30,1986-09-29 20:00:00,1986,Q3,33800000.0,0.0,0.0,0.0,0,0.0,0.0,0.0,0.0,0.0,0.0,0.0,0.0,0.0,33800000.0,1.0,33800000.0,1.0,-33800000.0,0.0,0.0,0.0,0.0,0.0,0.13,0.13,38320000,38320000,,,0.8820459290187892,0.0,,,,,,,,282801600.0,,0.0,8.36691124260355,0.0,0.0,0.0,0.0,,,0.0,0.0,0.0,,0.0,0.0,,0.0,0.0,0.0,0.0067750677506775,0.0,0.0,0.0,0.0,0.0,,0.0,,,0.0,0.0,,,,,,,,,,0.0,0.0,0.0,0.0,0.0,0.0,,1986-09-29,,amc,,2025-04-24,1986-09-30,,,
1986-06-30,AJG,USD,354190,1986-06-30,1986-06-29 20:00:00,1986,Q2,20400000.0,0.0,0.0,0.0,0,0.0,0.0,0.0,0.0,0.0,0.0,0.0,0.0,0.0,20400000.0,1.0,20400000.0,1.0,-20400000.0,0.0,0.0,0.0,0.0,0.0,0.05,0.05,34120000,34120000,,,0.5978898007033998,0.0,,,,,,,,216320800.0,,0.0,10.603960784313726,0.0,0.0,0.0,0.0,,,0.0,0.0,0.0,,0.0,0.0,,0.0,0.0,0.0,0.0157728706624605,0.0,0.0,0.0,0.0,0.0,,0.0,,,0.0,0.0,,,,,,,,,,0.0,0.0,0.0,0.0,0.0,0.0,,1986-06-29,,amc,,2025-04-24,1986-06-30,,,
1986-03-31,AJG,USD,354190,1986-03-31,1986-03-30 19:00:00,1986,Q1,24500000.0,0.0,0.0,0.0,0,0.0,0.0,0.0,0.0,0.0,0.0,0.0,0.0,0.0,24500000.0,1.0,24500000.0,1.0,-24500000.0,0.0,0.0,0.0,0.0,0.0,0.11,0.11,34120000,34120000,,,0.7180539273153576,0.0,,,,,,,,232357200.0,,0.0,9.483967346938776,0.0,0.0,0.0,0.0,,,0.0,0.0,0.0,,0.0,0.0,,0.0,0.0,0.0,0.0146842878120411,0.0,0.0,0.0,0.0,0.0,,0.0,,,0.0,0.0,,,,,,,,,,0.0,0.0,0.0,0.0,0.0,0.0,,1986-03-30,,amc,,2025-04-24,1986-03-31,,,
1985-12-31,AJG,USD,354190,1985-12-31,1985-12-30 19:00:00,1985,Q4,21900000.0,0.0,0.0,0.0,0,0.0,0.0,0.0,64000000.0,64000000.0,64000000.0,0.0,0.0,0.0,-42100000.0,-1.9223744292,-42100000.0,-1.9223744292,42100000.0,0.0,0.0,0.0,0.0,0.0,0.05,0.05,34120000,34120000,,,0.6418522860492379,0.0,,,0.97010550996483,1.0433763188745604,0.9378663540445488,1.0433763188745604,0.5861664712778429,205743600.0,192643600.0,0.0,9.39468493150685,0.0,0.0,5.779314606741573,5.779314606741573,8.796511415525114,-4.575857482185273,0.0,0.0,0.0,,0.5617977528089888,0.1356852103120759,0.3111638954869358,1.0851769911504423,0.0,0.0,0.0116749585406301,0.0,0.0,0.0,0.0244233378561736,0.0,,0.0,,0.0,,0.0,-0.9415298944900352,7700000.0,32000000.0,-13700000.0,16300000.0,,,,255.2054794520548,0.0,0.0,0.3526570048309179,0.0,0.0,0.0,,1985-12-30,,amc,,2025-04-24,1985-12-31,,,
1985-09-30,AJG,USD,354190,1985-09-30,1985-09-29 20:00:00,1985,Q3,23100000.0,0.0,0.0,0.0,0,0.0,0.0,0.0,0.0,0.0,0.0,0.0,0.0,0.0,23100000.0,1.0,23100000.0,1.0,-23100000.0,0.0,0.0,0.0,0.0,0.0,0.11,0.11,34072000,34072000,,,0.6779760507161305,0.0,,,,,,,,146850320.0,,0.0,6.35715670995671,0.0,0.0,0.0,0.0,,,0.0,0.0,0.0,,0.0,0.0,,0.0,0.0,0.0,0.0163341067285382,0.0,0.0,0.0,0.0,0.0,,0.0,,,0.0,0.0,,,,,,,,,,0.0,0.0,0.0,0.0,0.0,0.0,,1985-09-29,,amc,,2025-04-24,1985-09-30,,,
