date,symbol,reportedCurrency,cik,fillingDate,acceptedDate,calendarYear,period,revenue,costOfRevenue,grossProfit,grossProfitRatio,researchAndDevelopmentExpenses,generalAndAdministrativeExpenses,sellingAndMarketingExpenses,sellingGeneralAndAdministrativeExpenses,otherExpenses,operatingExpenses,costAndExpenses,interestIncome,interestExpense,depreciationAndAmortization,ebitda,ebitdaratio,operatingIncome,operatingIncomeRatio,totalOtherIncomeExpensesNet,incomeBeforeTax,incomeBeforeTaxRatio,incomeTaxExpense,netIncome,netIncomeRatio,eps,epsdiluted,weightedAverageShsOut,weightedAverageShsOutDil,link,finalLink,revenuePerShare,netIncomePerShare,operatingCashFlowPerShare,freeCashFlowPerShare,cashPerShare,bookValuePerShare,tangibleBookValuePerShare,shareholdersEquityPerShare,interestDebtPerShare,marketCap,enterpriseValue,peRatio,priceToSalesRatio,pocfratio,pfcfRatio,pbRatio,ptbRatio,evToSales,enterpriseValueOverEBITDA,evToOperatingCashFlow,evToFreeCashFlow,earningsYield,freeCashFlowYield,debtToEquity,debtToAssets,netDebtToEBITDA,currentRatio,interestCoverage,incomeQuality,dividendYield,payoutRatio,salesGeneralAndAdministrativeToRevenue,researchAndDdevelopementToRevenue,intangiblesToTotalAssets,capexToOperatingCashFlow,capexToRevenue,capexToDepreciation,stockBasedCompensationToRevenue,grahamNumber,roic,returnOnTangibleAssets,grahamNetNet,workingCapital,tangibleAssetValue,netCurrentAssetValue,investedCapital,averageReceivables,averagePayables,averageInventory,daysSalesOutstanding,daysPayablesOutstanding,daysOfInventoryOnHand,receivablesTurnover,payablesTurnover,inventoryTurnover,roe,capexPerShare,report_date,epsEstimated,time,revenueEstimated,updatedFromDate,fiscalDateEnding,surprise(%),QuarterAvgPrice,QuarterAvgVolume
2024-12-31,AKAM,USD,1086222,2025-02-24,2025-02-24 17:10:36,2024,Q4,1019939000.0,414356000.0,605583000.0,0.5937443318,120245000,260235000.0,22825000.0,283060000.0,54218000.0,457523000.0,871879000.0,22746000.0,12582000.0,167949000.0,338640000.0,0.3320198561,148060000.0,0.1451655442,10049000.0,158109000.0,0.1550180942,18204000.0,139905000.0,0.137169968,0.93,0.91,150240000,153091000,https://www.sec.gov/Archives/edgar/data/1086222/000108622225000028/0001086222-25-000028-index.htm,https://www.sec.gov/Archives/edgar/data/1086222/000108622225000028/akam-20241231.htm,6.78873136315229,0.9312100638977636,2.288258785942492,1.2042665069222578,10.626883652822151,32.47042731629393,6.653986954206602,32.47042731629393,30.931755857294995,14370456000.0,18487354000.0,25.67895357564061,14.08952496178693,41.80034207127649,79.42594056232002,2.945757352321694,2.945757352321694,18.12594086509095,54.592942357665954,53.77544882311192,102.18015906792166,0.0097355992043676,0.0125903450802117,0.9500339971018932,0.4469766708442696,12.15715213796362,1.2327588803833744,11.76760451438563,2.457296022300847,0.0,0.0,0.2551476117689391,0.1178943054437569,0.3740710218217467,0.4737192688517342,0.1596752354797689,0.9696931806679407,0.0971087486604591,26.08309309993467,0.013526419044878,0.0215566022400499,-22.284875865282213,486774000.0,999695000.0,-2912331000.0,7367245000.0,712090000.0,118538000.0,0.0,64.21151657108905,28.33367925165799,0.0,1.4016177285014024,3.176431807554026,0.0,0.0286787129355231,1.0839922790202343,2025-02-20,1.52,amc,1015369572.0,2025-05-11,2024-12-31,0.0921052631578946,98.08359375,1737681.875
2024-09-30,AKAM,USD,1086222,2024-11-08,2024-11-08 16:33:53,2024,Q3,1004679000.0,408806000.0,595873000.0,0.5930978949,120347000,255174000.0,20329000.0,275503000.0,129386000.0,525236000.0,934042000.0,23065000.0,4783000.0,165729000.0,244318000.0,0.24318016,70637000.0,0.0703080287,3169000.0,73806000.0,0.07346227,15899000.0,57907000.0,0.057637315,0.38,0.37,151776000,154765000,https://www.sec.gov/Archives/edgar/data/1086222/000108622224000216/0001086222-24-000216-index.htm,https://www.sec.gov/Archives/edgar/data/1086222/000108622224000216/akam-20240930.htm,6.619485294117647,0.3815293590554501,2.58632458359688,1.366652171621337,11.195478863588448,31.58693074003795,6.941413662239089,31.58693074003795,30.67038925785368,15321787200.0,19402284200.0,66.1482515067263,15.250430435990005,39.03222381299326,73.86663709774618,3.1959420442215056,3.1959420442215056,19.31192370896575,79.41405954534663,49.42728217617478,93.53879329878268,0.0037793893913368,0.0135379115564273,0.969985845213467,0.4563334107587128,16.70158154536301,1.3284919035230554,14.768346226217854,6.77883502858031,0.0,0.0,0.2539856013711842,0.119786518878169,0.367068719292962,0.4715852061690214,0.1842548714564552,1.1169861641595618,0.1021291377644003,16.466790288181556,0.0057684775252012,0.0089780257211824,-20.91730082489985,651407000.0,1053540000.0,-2761889000.0,7346936000.0,697875500.0,115568000.0,0.0,62.39243579292491,23.474728844488585,0.0,1.442482551870586,3.8339100995038873,0.0,0.012078709457258,1.2196724119755429,2024-11-07,1.59,amc,999306772.0,2025-04-22,2024-09-30,0.0,97.4675,1447004.21875
2024-06-30,AKAM,USD,1086222,2024-08-08,2024-08-08 16:51:47,2024,Q2,979580000.0,402888000.0,576692000.0,0.5887135303,113352000,247841000.0,25609000.0,273450000.0,41904000.0,428706000.0,831594000.0,26628000.0,4880000.0,158549000.0,330265000.0,0.3371495947,147986000.0,0.1510708671,18850000.0,166836000.0,0.170313808,35148000.0,131688000.0,0.1344331244,0.86,0.86,152265000,153588000,https://www.sec.gov/Archives/edgar/data/1086222/000108622224000199/0001086222-24-000199-index.htm,https://www.sec.gov/Archives/edgar/data/1086222/000108622224000199/akam-20240630.htm,6.433389157061701,0.8648606048665156,2.8303484057399926,1.7563195744261648,10.75279282829278,31.22632252980002,6.405247430466621,31.22632252980002,30.344333891570617,13632285450.0,17799743450.0,25.87989309959905,13.916459554094612,31.63214811944413,50.975916515222906,2.8671323661170605,2.8671323661170605,18.17079100226628,53.89533692640758,41.3022543698647,66.55950973353376,0.0096600089899085,0.0196171068292881,0.9707286048513084,0.457545016957567,12.618527546061497,1.2935618713628207,30.325,3.272606488614046,0.0,0.0,0.2530074113395537,0.1157148982216868,0.3746586380097728,0.3794687711009994,0.1669460380979603,1.0314603056468348,0.1005185895996243,24.65044349083388,0.0122548068859593,0.0208758477721918,-20.826444028502937,571235000.0,975295000.0,-2815745000.0,7250149000.0,707948000.0,129592000.0,0.5,64.2451050450193,27.81326323941145,0.0,1.4008849380343165,3.2358662565156977,0.0,0.0276965244319486,1.0740288313138278,2024-08-08,1.53,amc,977665964.0,2025-04-22,2024-06-30,0.0326797385620915,96.69190476190477,1708096.2063492064
2024-03-31,AKAM,USD,1086222,2024-05-09,2024-05-09 16:46:48,2024,Q1,986970000.0,394743000.0,592227000.0,0.6000455941,116932000,252107000.0,16841000.0,268948000.0,39619000.0,425499000.0,820242000.0,27841000.0,6818000.0,156183000.0,351263000.0,0.355900382,166728000.0,0.1689291468,21534000.0,188262000.0,0.1907474391,12844000.0,175418000.0,0.1777338724,1.16,1.11,151628000,157466000,https://www.sec.gov/Archives/edgar/data/1086222/000108622224000148/0001086222-24-000148-index.htm,https://www.sec.gov/Archives/edgar/data/1086222/000108622224000148/akam-20240331.htm,6.509153982114121,1.1568971430078878,2.320666367689345,1.1747434510776371,11.04471469649405,30.56010103674783,8.406613554224814,30.56010103674783,30.20402564170206,16577489240.0,20682730240.0,23.6256958236897,16.796345623473865,47.11146829298792,93.0671287417754,3.577540528041224,3.577540528041224,20.95578410691308,58.88103853807546,58.77812832856842,116.11422514652712,0.0105816989207709,0.0107449323248663,0.9868769836722476,0.4602595956401653,11.687086314243174,3.186171251690488,24.45409210912291,2.005940097367431,0.0,0.0,0.2554353222489032,0.1184757388775748,0.3380859708003719,0.4937904614667583,0.1760479041916167,1.1125026411325176,0.0944912206044763,28.204345508051308,0.0161958957122837,0.0266733895768839,-20.376661958873036,1768477000.0,1274678000.0,-2724424000.0,7938922000.0,720470000.0,140802000.0,1.0,65.34891638043709,30.705876988318984,2.2799644325548522e-07,1.3772225307616957,2.931034994839505,394743000.0,0.0378564567445881,1.1459229166117075,2024-05-09,1.61,amc,989030194.0,2025-04-22,2024-03-31,0.0186335403726706,115.24491803278688,1766432.491803279
2023-12-31,AKAM,USD,1086222,2023-12-31,2023-12-30 19:00:00,2023,Q4,995017000.0,393397000.0,601620000.0,0.6046328857,109202000,250438000.0,22124000.0,272562000.0,35070000.0,416834000.0,810231000.0,23981000.0,10745000.0,147634000.0,354620000.0,0.3563959209,184786000.0,0.1857113999,11455000.0,196241000.0,0.197223766,35076000.0,161165000.0,0.161972107,1.07,1.03,150979000,157024000,,,6.590433106590983,1.0674663363779069,2.5777955874658063,1.691003384576663,5.725557859039999,30.448969724266288,8.017949516157877,30.448969724266288,30.11494313778737,17868364650.0,21914875650.0,27.71750170632581,17.957848609621745,45.91132073290116,69.9880325961787,3.886831018314588,3.886831018314588,22.02462435315175,61.79819426428289,56.30850413548034,85.83768360320556,0.009019571917008,0.0142881570306435,0.9866926392518852,0.4581779845873303,11.410836952230555,2.158819335963198,17.19739413680782,2.4148729562870352,0.0,0.0,0.2516921821436216,0.1097488786623746,0.3420808427281635,0.3440118398840678,0.1345575000226126,0.9068845929799368,0.0925843478051128,27.042986679655,0.0163409487824992,0.0247435143175079,-25.79972379933633,968817000.0,1210542000.0,-3498027000.0,7090008000.0,718842000.0,145696500.0,0.5,65.5136344404166,33.61344900952473,2.287765285449559e-07,1.3737598405085172,2.677499710740708,393397000.0,0.0350575518989461,0.8867922028891435,2024-02-13,1.59,amc,998130000.0,2025-04-22,2023-12-31,0.0628930817610062,111.24555555555555,1387163.126984127
2023-09-30,AKAM,USD,1086222,2023-11-08,2023-11-08 16:06:42,2023,Q3,965484000.0,383075000.0,582409000.0,0.6032300898,105942000,241918000.0,20801000.0,262719000.0,37619000.0,406280000.0,789355000.0,11412000.0,3459000.0,148560000.0,331412000.0,0.3432599608,176129000.0,0.1824256021,3264000.0,179393000.0,0.1858062899,20326000.0,160542000.0,0.1662813677,1.06,1.04,151359000,154976000,https://www.sec.gov/Archives/edgar/data/1086222/000108622223000285/0001086222-23-000285-index.htm,https://www.sec.gov/Archives/edgar/data/1086222/000108622223000285/akam-20230930.htm,6.378768358670445,1.0606703268388402,2.3747249915763184,1.0690940082849385,6.205524613666845,28.56918980701511,6.712392391598781,28.56918980701511,29.7672685469645,16125787860.0,20167965860.0,25.11147839817617,16.702283890773955,44.86414232297266,99.65447301581416,3.729192207398171,3.729192207398171,20.888969532379612,60.85466386250347,56.11003310742385,124.63440713892854,0.009955606596948,0.0100346725012665,1.041136125862702,0.4698438377940173,12.19683656596623,2.3040120124714525,50.91905174906042,2.238890757558769,0.0,0.0,0.2505665552199725,0.1097294206843407,0.3452507428443571,0.5498030247387574,0.2046838684017549,1.3302302100161552,0.0901278529732237,26.11141642132557,0.0170089978515394,0.0255890109207003,-24.99742664790333,1056890000.0,1015981000.0,-3390503000.0,7035154000.0,705913500.0,169479500.0,0.5,66.4996830605168,33.940977615349475,0.0,1.3533899089127563,2.6516619827502663,0.0,0.0371263705412603,1.3056309832913802,2023-11-07,1.51,amc,943320000.0,2025-04-22,2023-09-30,0.0794701986754966,99.57698412698412,1692908.507936508
2023-06-30,AKAM,USD,1086222,2023-08-08,2023-08-08 16:34:13,2023,Q2,935721000.0,373275000.0,562446000.0,0.6010830151,99041000,242268000.0,26355000.0,268623000.0,44997000.0,412661000.0,785936000.0,4509000.0,1990000.0,139125000.0,291122000.0,0.3111205156,149785000.0,0.1600744239,222000.0,150007000.0,0.1603116741,21191000.0,128816000.0,0.1376649664,0.85,0.84,152064000,153454000,https://www.sec.gov/Archives/edgar/data/1086222/000108622223000248/0001086222-23-000248-index.htm,https://www.sec.gov/Archives/edgar/data/1086222/000108622223000248/akam-20230630.htm,6.153468276515151,0.8471170033670034,2.4089265046296298,1.2496185816498318,5.198857060185185,28.206327598905723,6.598820233585859,28.206327598905723,21.60272648358585,13665991680.0,16650386680.0,26.5223102720159,14.604771806980928,37.30707426203417,71.91794465903948,3.18616451166392,3.18616451166392,17.794178692152897,57.19384546684895,45.45423609992602,87.62346822999442,0.0094260265201624,0.0139047355252011,0.7654183201540066,0.3933645779727089,10.251355101984736,1.9964264719891631,75.26884422110552,2.843676251397342,0.0,0.0,0.2589105085810834,0.105844584015962,0.3936901245092688,0.4812549991673742,0.1883991061438185,1.2671266846361189,0.093450932489492,23.1865552316508,0.0166561057928739,0.0254564950562631,-18.034546306160564,857698000.0,1003443000.0,-2338326000.0,6774190000.0,702131000.0,198311000.0,0.5,67.17819734728621,46.89403254972875,2.411091018685956e-07,1.3397203788415697,1.919220743162993,373275000.0,0.0300328711845446,1.159307922979798,2023-08-08,1.41,amc,929690000.0,2025-04-22,2023-06-30,0.0567375886524823,85.65951612903227,1440836.4032258063
2023-03-31,AKAM,USD,1086222,2023-05-09,2023-05-09 16:50:20,2023,Q1,915698000.0,361316000.0,554382000.0,0.6054201276,91863000,233469000.0,19801000.0,253270000.0,82611000.0,427744000.0,789060000.0,5292000.0,2681000.0,135457000.0,265024000.0,0.289422932,126638000.0,0.1382966873,248000.0,126886000.0,0.138567519,29780000.0,97106000.0,0.1060458798,0.62,0.62,156622580,156135000,https://www.sec.gov/Archives/edgar/data/1086222/000108622223000187/0001086222-23-000187-index.htm,https://www.sec.gov/Archives/edgar/data/1086222/000108622223000187/akam-20230331.htm,5.846526088383936,0.6200000025539102,1.4908386772839524,0.0718542626484635,4.800795645174533,26.6330755118451,6.111819892125388,26.6330755118451,20.622269151740444,12263548014.0,15191980014.0,31.5725805151072,13.392568307455075,52.52077316819344,1089.705705882353,2.9399533660758013,2.9399533660758013,16.59060084656732,57.32303494777832,65.06229154728715,1349.918252532433,0.0079182631232938,0.0009176789610276,0.773667748572941,0.3943664519090204,11.049686066167592,2.03014040009423,47.23535994032078,2.4045785018433463,0.0,0.0,0.2549628807751027,0.1003201929020266,0.3927607491959572,0.9518027914466444,0.2427055644983389,1.6407051684298335,0.0675801410508704,19.275149932507787,0.0128329545642602,0.0195414148760343,-17.435010009412437,861458000.0,957249000.0,-2314281000.0,6580440000.0,692511500.0,173774500.0,0.0,69.37170333450548,50.34819936011691,0.0,1.2973589471491902,1.787551514132064,0.0,0.0232793243228017,1.4189844146354886,2023-05-09,1.32,amc,910520000.0,2025-04-22,2023-03-31,0.0606060606060604,80.96879032258065,1708904.9516129033
2022-12-31,AKAM,USD,1086222,2023-02-28,2023-02-28 16:10:11,2022,Q4,927779000.0,357968000.0,569811000.0,0.6141667358,105382000,-187459000.0,444061000.0,256602000.0,40352000.0,402336000.0,760304000.0,0.0,924000.0,148570000.0,317894000.0,0.3426397881,167475000.0,0.1805117382,925000.0,168400000.0,0.1815087429,-8418000.0,176818000.0,0.1905820244,1.11,1.12,158989574,157451000,https://www.sec.gov/Archives/edgar/data/1086222/000108622223000078/0001086222-23-000078-index.htm,https://www.sec.gov/Archives/edgar/data/1086222/000108622223000078/akam-20221231.htm,5.8354706957073805,1.1121358184153636,2.147927008094254,1.451101441406466,6.9521288232396925,27.42435802740122,7.262318974450488,27.42435802740122,19.97326566835131,13402821088.2,16035101088.2,18.95002359516565,14.446135435486251,39.24714372617117,58.09380212474535,3.073909694286048,3.073909694286048,17.283319721830306,50.441660076000176,46.95518301190637,69.50327722335399,0.0131925957107397,0.0172135402302071,0.7280919373412196,0.382327359876677,8.280370186288511,2.40522526219122,181.25,1.9313531427795816,0.0,0.0,-0.2020513505910351,0.1135852395883071,0.3860531830334561,0.324417712548829,0.1194120582595639,0.7456956316887663,0.062918000946346,26.196206678347448,0.0228948475014599,0.0346848453248685,-14.645567262165253,1150694000.0,1154633000.0,-1973651000.0,6709802000.0,650616500.0,132235500.0,0.0,65.88696230460056,36.56136861395432,0.0,1.3659758600483505,2.4616146334754503,0.0,0.0405528478480395,0.696825566687788,2023-02-14,1.27,amc,904753250.0,2025-04-22,2022-12-31,0.078740157480315,87.06063492063491,1535308.1587301588
2022-09-30,AKAM,USD,1086222,2022-11-08,2022-11-08 16:49:18,2022,Q3,881896000.0,346450000.0,535446000.0,0.6071532244,94047000,220104000.0,19806000.0,239910000.0,41051000.0,375008000.0,721458000.0,782000.0,1615000.0,150985000.0,310760000.0,0.352377151,160438000.0,0.1819239457,-2278000.0,158160000.0,0.1793408747,34466000.0,123694000.0,0.1402591689,0.68,0.68,158715000,159068000,https://www.sec.gov/Archives/edgar/data/1086222/000108622222000251/0001086222-22-000251-index.htm,https://www.sec.gov/Archives/edgar/data/1086222/000108622222000251/akam-20220930.htm,5.556475443404845,0.779346627602936,2.3267870081592794,1.7094036480483883,5.444652364300791,26.67160633840532,6.456762120782535,26.67160633840532,19.87805185395205,12747988799.999998,15443502799.999998,25.76517211829191,14.45520650961111,34.51970451886833,46.98714671148657,3.01144216740874,3.01144216740874,17.511705235084406,49.69591581928175,41.818765434773184,56.92240110870301,0.0097030207619887,0.0212824159368574,0.7449073794099194,0.3889461550350058,8.673941305187283,2.251724078399917,99.34241486068112,3.4145385283946963,0.0,0.0,0.2495804493953935,0.1066418262470858,0.3957386175465801,0.2653372904120272,0.1111106071464208,0.6489916216842733,0.057492039877718,21.62624782950705,0.0162324763823113,0.0252489809082317,-16.025685978010902,942562000.0,1024785000.0,-2178612000.0,6474793000.0,645226000.0,125350000.0,0.5,63.479627983344976,30.926800404098717,0.0,1.4177776848914918,2.910097353235168,0.0,0.0292200858738953,0.6173833601108906,2022-11-08,1.23,amc,876104533.0,2025-04-22,2022-09-30,0.024390243902439,91.03453125,1506540.96875
2022-06-30,AKAM,USD,1086222,2022-08-09,2022-08-09 16:11:20,2022,Q2,903332000.0,346649000.0,556683000.0,0.6162551531,92070000,222356000.0,23086000.0,245442000.0,44129000.0,381641000.0,728290000.0,0.0,4094000.0,150604000.0,325293000.0,0.3601034835,175042000.0,0.1937737177,-4447000.0,170595000.0,0.1888508323,32755000.0,137840000.0,0.1525906311,0.75,0.74,160038000,161710000,https://www.sec.gov/Archives/edgar/data/1086222/000108622222000224/0001086222-22-000224-index.htm,https://www.sec.gov/Archives/edgar/data/1086222/000108622222000224/akam-20220630.htm,5.6444844349467,0.861295442332446,2.133437058698559,1.3950686711905922,4.315781251952661,26.74663517414614,6.498100451142854,26.74663517414614,20.17087816643547,14616270540.0,17413573540.0,26.509486614915843,16.18039717401797,42.80885607926638,65.46631136233339,3.414635127198411,3.414635127198411,19.27704713217289,53.53196515141734,51.00173546045907,77.99543831517845,0.0094305862513133,0.0152750319850059,0.7531899474778284,0.3926430151354503,8.599333523930733,1.916763759907182,42.75574010747435,2.856278809071668,0.0,0.0,0.2461509168279215,0.1019226596644423,0.394655180686913,0.3460933541476901,0.1308123702027604,0.7846205944065231,0.057434033112964,22.76679570992517,0.0184737103518826,0.0277315105324011,-17.11198746235269,749073000.0,1039943000.0,-2364419000.0,6328796000.0,693609000.0,127291500.0,0.5,66.59594700508784,34.17984762685022,2.596286156890688e-07,1.351433593896099,2.6331305213104543,346649000.0,0.0322020110838088,0.7383683875079669,2022-08-09,1.31,amc,899001389.0,2025-04-22,2022-06-30,0.0305343511450381,104.2084677419355,1791107.6129032257
2022-03-31,AKAM,USD,1086222,2022-05-09,2022-05-09 16:20:44,2022,Q1,903647000.0,332752000.0,570895000.0,0.6317677146,99935000,121680000.0,122719000.0,244399000.0,53242000.0,397576000.0,730328000.0,0.0,2906000.0,142595000.0,306349000.0,0.3390140176,173319000.0,0.1917994527,-12471000.0,160848000.0,0.1779987097,19837000.0,133376000.0,0.1475974579,0.74,0.73,160494000,163637000,https://www.sec.gov/Archives/edgar/data/1086222/000108622222000159/0001086222-22-000159-index.htm,https://www.sec.gov/Archives/edgar/data/1086222/000108622222000159/akam-20220331.htm,5.630409859558613,0.8310341819631887,1.3860393534960809,0.567572619537179,3.1581803681134497,26.795531297120142,6.495270851246776,26.795531297120142,20.23253205727317,19161378660.0,22027861660.0,35.916091838111804,21.204495405838784,86.13752538761345,210.3519371624292,4.455593683743508,4.455593683743508,24.376622353640304,71.90446732321634,99.02343284588515,241.8199365476661,0.0069606682466135,0.0047539376793465,0.7543953966518483,0.3907009085863195,9.356919722277532,1.684737105485669,59.6417756366139,1.8667791176791453,0.0,0.0,0.1346543506479853,0.1105907505917686,0.3923599122760854,0.5905075724541584,0.1453653915743647,0.9212034082541464,0.0622223058340258,22.38370064834797,0.0197502314137956,0.0264335497746699,-18.42619194487021,595218000.0,1042452000.0,-2538774000.0,6253001000.0,697359500.0,116431000.0,0.5,71.58920463411044,33.25016829350387,0.0,1.2571727882714494,2.7067532171734427,0.0,0.0310139094742452,0.8184667339589019,2022-05-03,1.42,amc,903773733.0,2025-04-22,2022-03-31,-0.0211267605633803,112.15532258064516,1637346.8870967743
2021-12-31,AKAM,USD,1086222,2022-02-28,2022-02-28 16:10:31,2021,Q4,905358000.0,325403000.0,579955000.0,0.6405808531,93173000,-186987000.0,428380000.0,241393000.0,49304000.0,383870000.0,709273000.0,3434000.0,18317000.0,141699000.0,340996000.0,0.3766421681,196085000.0,0.2165828324,-15105000.0,180980000.0,0.1998988246,19016000.0,160534000.0,0.1773154929,0.99,0.97,161757000,164947000,https://www.sec.gov/Archives/edgar/data/1086222/000108622222000058/0001086222-22-000058-index.htm,https://www.sec.gov/Archives/edgar/data/1086222/000108622222000058/akam-20211231.htm,5.597025167380701,0.992439276198248,2.391859394029316,1.713712544124829,6.665522975821757,28.0050569681683,12.738459541163598,28.0050569681683,17.78750842312852,18932039280.0,21254251280.0,29.482912155680417,20.911108401317488,48.93264223313518,68.29616810663589,4.179245203215708,4.179245203215708,23.47607386249417,62.32991378197985,54.934740966658055,76.67340516945943,0.008479488005795,0.014642109912208,0.6311099700795627,0.3512780277571048,6.810085748806437,2.429880266872148,10.705082710050773,2.410081353482751,0.0,0.0,-0.2065337689621122,0.1029128808714342,0.3034252635534073,0.2835228741276815,0.1211620154679143,0.7741409607689539,0.0540725326334996,25.006992332466577,0.0233229042797469,0.0283169000743315,-12.509625546344209,1130093000.0,2060535000.0,-1688225000.0,5949655000.0,668009000.0,104116500.0,0.5,67.19258017270516,30.403899165035355,2.765801175772811e-07,1.339433606637413,2.960146641438032,325403000.0,0.0354378595739439,0.6781468499044864,2022-02-15,1.42,amc,899290230.0,2025-04-22,2021-12-31,0.0492957746478873,109.97765625,1309788.59375
2021-09-30,AKAM,USD,1086222,2021-11-08,2021-11-08 16:12:05,2021,Q3,860333000.0,316866000.0,543467000.0,0.6316937744,82899000,209761000.0,10878000.0,220639000.0,34664000.0,338202000.0,655068000.0,2872000.0,18144000.0,139747000.0,351519000.0,0.4085848154,205265000.0,0.2385878491,-11637000.0,193628000.0,0.2250616912,13648000.0,178916000.0,0.2079613359,1.1,1.08,162767000,166318000,https://www.sec.gov/Archives/edgar/data/1086222/000108622221000285/0001086222-21-000285-index.htm,https://www.sec.gov/Archives/edgar/data/1086222/000108622221000285/akam-20210930.htm,5.285672157132589,1.0992154429337642,2.394447277396524,1.680254597062058,11.77932258995988,28.153403331142066,16.57801028464001,28.153403331142066,17.592970319536516,17023800530.0,18604621530.0,23.78742053533502,19.78745500870012,43.68022674264953,62.2465191780321,3.7150037872794974,3.7150037872794974,21.62490748349767,52.926361107080986,47.736349204720106,68.02669761234415,0.0105097566013363,0.0160651553404919,0.6209372943919677,0.3506154599699956,4.497113954011021,3.775948813299792,11.313106261022927,2.178323906190615,0.0,0.0,0.2438137325895903,0.0963568757678712,0.2321604095878553,0.2982703720714225,0.1351186110494424,0.8318389661316522,0.0569756129312719,26.387492369236607,0.0247365452515705,0.0287120852626134,-6.885154853256496,2030440000.0,2698353000.0,-771150000.0,6278866000.0,658350500.0,95885000.0,0.5,69.05265751749613,27.921739789059096,0.0,1.3033531689522069,3.223294847667972,0.0,0.03904378557735,0.7141926803344658,2021-11-02,1.39,amc,851710000.0,2025-04-22,2021-09-30,0.0431654676258993,114.263046875,1124549.046875
2021-06-30,AKAM,USD,1086222,2021-08-06,2021-08-06 16:16:46,2021,Q2,852824000.0,320000000.0,532824000.0,0.6247760382,77255000,112695000.0,111894000.0,224589000.0,31546000.0,333390000.0,653390000.0,4736000.0,18037000.0,137715000.0,341074000.0,0.3999348048,199434000.0,0.2338512987,-14112000.0,185322000.0,0.217303922,18009000.0,156497000.0,0.1835044511,0.96,0.94,163074000,166263000,https://www.sec.gov/Archives/edgar/data/1086222/000108622221000249/0001086222-21-000249-index.htm,https://www.sec.gov/Archives/edgar/data/1086222/000108622221000249/akam-20210630.htm,5.229674871530716,0.95966861670162,2.3187816574070665,1.3709358941339516,8.686167016201233,27.451690643511533,15.77982388363565,27.451690643511533,17.48324686951936,19014428400.0,21266386400.0,30.375068531665143,22.295841111413377,50.28502775478469,85.05138752214131,4.247461532120956,4.247461532120956,24.936430494451372,62.35123873411635,56.240493159814136,95.12437780680251,0.0082304341055027,0.0117575977198452,0.6328441066626279,0.3576629434544242,6.60254959334338,3.4801999848636727,11.056938515274158,2.4162316210534387,0.0,0.0,0.1321433261728093,0.0905872724032156,0.2402970456276769,0.4087688723279904,0.1812437267243886,1.122383182659841,0.0591927525491777,24.34649532652573,0.0237216416067586,0.0260067203318288,-9.414966515201687,1605803000.0,2573279000.0,-1191029000.0,5877625000.0,661572500.0,106463500.0,0.5,69.29308978171346,26.28703125,2.8125e-07,1.2988308110306133,3.4237415075161826,320000000.0,0.0349584522557792,0.9478457632731152,2021-08-03,1.39,amc,845360000.0,2025-04-22,2021-06-30,0.0215827338129496,111.53984126984128,1390223.2698412698
2021-03-31,AKAM,USD,1086222,2021-05-07,2021-05-07 16:07:11,2021,Q1,842708000.0,306687000.0,536021000.0,0.6360696706,82045000,116002000.0,116354000.0,232356000.0,39256000.0,353657000.0,660344000.0,4578000.0,17834000.0,131471000.0,317596000.0,0.3768755014,182364000.0,0.21640236,-14073000.0,168291000.0,0.1997026253,11898000.0,155695000.0,0.1847555737,0.95,0.94,163061000,165688000,https://www.sec.gov/Archives/edgar/data/1086222/000108622221000146/0001086222-21-000146-index.htm,https://www.sec.gov/Archives/edgar/data/1086222/000108622221000146/akam-20210331.htm,5.168053673165257,0.9548267212883522,1.5318991052428232,0.5217311312944236,7.8992462943315696,26.501511704208852,14.79099232802448,26.501511704208852,17.366893371192376,16615915900.0,18973145900.0,26.68023362985324,19.717287482734232,66.51874111764542,195.3113277852223,3.8450636755116383,3.8450636755116383,22.514496005733896,59.73987676167207,75.95547473307899,223.01932317746903,0.0093702327898758,0.0051200307290914,0.6511901453314614,0.3599459958659081,7.4221022934797665,3.0223861082794623,10.225636424806549,1.6043739362214586,0.0,0.0,0.137653849257394,0.0973587529725598,0.2442502609389709,0.6594220014171734,0.1954639092069851,1.252892272820622,0.064441063808579,23.861012330129235,0.0228517725723148,0.0263515058499005,-10.4782627360313,1446271000.0,2411834000.0,-1335155000.0,5693137000.0,663294000.0,119004000.0,0.0,71.18508427592951,35.057175556838075,0.0,1.2643098047217254,2.5672347692153155,0.0,0.0360291417314398,1.0101679739483995,2021-05-04,1.3,amc,829570000.0,2025-04-22,2021-03-31,0.0615384615384614,103.2527868852459,2218601.868852459
2020-12-31,AKAM,USD,1086222,2021-02-26,2021-02-26 16:17:08,2020,Q4,846287000.0,303847000.0,542440000.0,0.64096459,67228000,137458000.0,140401000.0,277859000.0,62736000.0,407823000.0,711670000.0,6270000.0,17342000.0,127708000.0,274010000.0,0.323779049,134617000.0,0.1590677867,-5657000.0,128960000.0,0.1523832931,4158000.0,113370000.0,0.1339616466,0.7,0.68,162798000,165879000,https://www.sec.gov/Archives/edgar/data/1086222/000108622221000075/0001086222-21-000075-index.htm,https://www.sec.gov/Archives/edgar/data/1086222/000108622221000075/akam-20201231.htm,5.198386958070738,0.6963844764677699,1.7880625069104044,0.7595179301957027,6.745003009864986,26.11393260359464,14.387160775930909,26.11393260359464,17.1639332178528,17092162020.0,19516157020.0,37.69110439269648,20.19664962359105,58.7171866723006,138.23241799301243,4.020459177624893,4.020459177624893,23.06092025518529,71.22425101273676,67.04440512138733,157.83641482272256,0.0066328648106273,0.0072341930678702,0.6531918737250947,0.3576591324462625,8.846374219918982,2.5449846340530486,7.762484142544112,2.56763694098968,0.0,0.0,0.1624248038785896,0.0794387719532499,0.245886532039005,0.5752285352103966,0.1978584097357043,1.3111551351520656,0.05968424423393,20.227953156586302,0.0181931227507331,0.0193628219131055,-11.792049042371527,1171361000.0,2342201000.0,-1583303000.0,5352673000.0,645229000.0,116698000.0,0.0,70.19448484970229,35.11352753194864,0.0,1.2821520122657002,2.5631147402696,0.0,0.0266671622018321,1.0285445767147017,2021-02-09,1.32,amc,828390000.0,2025-04-22,2020-12-31,0.0075757575757575,104.65859375,1559519.390625
2020-09-30,AKAM,USD,1086222,2020-11-06,2020-11-06 16:07:44,2020,Q3,792845000.0,283439000.0,509406000.0,0.6425038942,66773000,219653000.0,11483000.0,231136000.0,30339000.0,328248000.0,611687000.0,6307000.0,17324000.0,118893000.0,304200000.0,0.3836815519,181158000.0,0.228491067,-13175000.0,167983000.0,0.2118736954,8801000.0,158623000.0,0.2000681092,0.97,0.95,162757000,166519000,https://www.sec.gov/Archives/edgar/data/1086222/000108622220000220/0001086222-20-000220-index.htm,https://www.sec.gov/Archives/edgar/data/1086222/000108622220000220/akam-20200930.htm,4.871341939209988,0.9746001708067856,2.469773957494916,1.064249156718298,8.872343432233329,25.237728638399577,14.280307452214036,25.237728638399577,16.74878499849469,17991158780.0,19957295780.0,28.35521768595979,22.69189914800497,44.75713239446431,103.86665500479177,4.379950414072198,4.379950414072198,25.1717495601284,65.60583754109139,49.64834896871183,115.21756774856536,0.0088167194753644,0.0096277289372018,0.6594232130210776,0.360462648147362,6.463303747534517,3.128079662652484,10.45705379819903,2.53414069838548,0.0,0.0,0.2770440628369984,0.0842194880462133,0.2373308130144377,0.5690904612996396,0.2885292837818237,1.924074588074992,0.0633377267940139,23.52500009435897,0.0242815137289676,0.0276780859731886,-9.154355880238638,1526097000.0,2324220000.0,-1163555000.0,5438063000.0,637532500.0,134404000.0,0.5,71.56069597462304,36.46816422581226,0.0,1.2576736262027963,2.4679059643012624,0.0,0.0386167941168809,1.405524800776618,2020-10-27,1.23,amc,744426984.0,2025-04-22,2020-09-30,0.0650406504065041,110.998984375,1578890.4375
2020-06-30,AKAM,USD,1086222,2020-08-07,2020-08-07 17:29:53,2020,Q2,794715000.0,276804000.0,517911000.0,0.6516940035,64090000,105825000.0,123469000.0,229294000.0,34098000.0,327482000.0,604286000.0,9502000.0,17249000.0,115580000.0,313908000.0,0.394994432,190429000.0,0.2396192346,-9350000.0,181079000.0,0.2278540106,18671000.0,161915000.0,0.2037397054,1.0,0.98,162413000,164768000,https://www.sec.gov/Archives/edgar/data/1086222/000108622220000198/0001086222-20-000198-index.htm,https://www.sec.gov/Archives/edgar/data/1086222/000108622220000198/akam-20200630.htm,4.893173576006847,0.996933742988554,1.839083078325011,1.0987544100533824,8.451349337799314,24.039301041172813,13.016445727866612,24.039301041172813,16.638705029769785,17392808170.0,19505613170.0,26.85484385325634,21.885591904015904,58.23010458969303,97.46491028399794,4.4547884240304585,4.4547884240304585,24.54416132827492,62.13799320182984,65.30365216896391,109.30453662609553,0.0093093075262727,0.0102601028112184,0.6877280021104962,0.3716495603060459,6.730650381640481,3.335755420414894,11.040002318975011,1.8447395238242288,0.0,0.0,0.1331609444895339,0.0806452627671555,0.2477930870870023,0.4025531402017469,0.1512982641575911,1.0403097421699257,0.0618976614257941,23.221235609472068,0.0249540677418261,0.0297936735434791,-9.016518071213511,1535577000.0,2114040000.0,-1127504000.0,5343689000.0,629234000.0,134029000.0,0.5,73.00643626960608,50.05787488620107,3.251398101183509e-07,1.2327680215431724,1.797918912950285,276804000.0,0.0414709954037796,0.7403286682716285,2020-07-28,1.22,amc,696815326.0,2025-04-22,2020-06-30,0.1311475409836064,100.53190476190476,2218112.301587302
2020-03-31,AKAM,USD,1086222,2020-05-08,2020-05-08 16:11:12,2020,Q1,764302000.0,268582000.0,495720000.0,0.648591787,71224000,104621000.0,123786000.0,228407000.0,43759000.0,343390000.0,611972000.0,7043000.0,17205000.0,116208000.0,271473000.0,0.3551907492,152330000.0,0.1993060335,-14270000.0,138060000.0,0.1806354033,14292000.0,123146000.0,0.1611221742,0.76,0.75,161992000,163684000,https://www.sec.gov/Archives/edgar/data/1086222/000108622220000103/0001086222-20-000103-index.htm,https://www.sec.gov/Archives/edgar/data/1086222/000108622220000103/akam-20200331.htm,4.718146575139513,0.7601980344708381,1.378111264753815,0.0482369499728381,7.711930218776236,22.66913180897822,11.55942886068448,22.66913180897822,16.59586275865475,14820648080.0,17107737080.0,30.087554772384,19.39108896745004,66.38796325080742,1896.6787919119529,4.035884601622235,4.035884601622235,22.38347810158811,63.018189948908365,76.63280407448386,2189.369987202457,0.0083090833366579,0.0005272374026979,0.7274056169867911,0.3844572418132757,8.42473837177178,3.1964991503331235,8.853821563498983,1.812831923083169,0.0,0.0,0.1368843729311188,0.0931882946793283,0.2590233732050117,0.9649977826852354,0.2818637135582531,1.8538224562852816,0.0621390497473511,19.69119505001603,0.0206864460190262,0.023919865943395,-9.667824645661517,1384337000.0,1872535000.0,-1261154000.0,5102746000.0,582876000.0,126523000.0,0.5,72.27877200373675,38.2341333373048,0.0,1.245178874861724,2.353917616126205,0.0,0.0335345014920138,1.3298743147809768,2020-04-28,1.15,amc,738825266.0,2025-04-22,2020-03-31,0.0434782608695652,92.71330645161292,1809749.6451612904
2019-12-31,AKAM,USD,1086222,2020-02-28,2020-02-28 16:14:59,2019,Q4,772123000.0,257750000.0,514373000.0,0.6661801293,68898000,117447000.0,140243000.0,257690000.0,52463000.0,379051000.0,636801000.0,11402000.0,16675000.0,115800000.0,261915000.0,0.3392140889,135322000.0,0.1752596413,-5882000.0,129440000.0,0.167641684,10632000.0,119100000.0,0.1542500353,0.74,0.73,161736999,163929999,https://www.sec.gov/Archives/edgar/data/1086222/000108622220000045/0001086222-20-000045-index.htm,https://www.sec.gov/Archives/edgar/data/1086222/000108622220000045/akam10k123119.htm,4.773941675522247,0.7363806719327097,1.7444369670788809,0.9179965061673984,9.503045125747636,22.61670503729329,11.613063254623638,22.61670503729329,16.620253971696357,13970841973.62,16098531973.62,29.32586476410579,18.094062699362667,49.51740970305522,94.0962186889287,3.8193008158158186,3.8193008158158186,20.84969878325085,61.464719369337374,57.05866581704118,108.4266065009362,0.0085248977996377,0.010627419612959,0.7303077290663261,0.3812585219739553,8.123589714220262,3.2186602166914744,8.115262368815593,2.3689336691855583,0.0,0.0,0.1521091846765347,0.0892318969905054,0.2539924297326943,0.4737577089388247,0.173114905267684,1.1542832469775477,0.0607131247223564,19.357849833490896,0.019247886480484,0.0227847084188636,-8.643518540244463,1538277000.0,1878262000.0,-1117315000.0,5228576000.0,534300000.0,123566500.0,1.0,64.33543619345623,48.51654704170708,3.491755577109602e-07,1.398918004214203,1.8550372086997824,257750000.0,0.0325591491209029,0.8264404609114826,2020-02-11,1.13,amc,709348772.0,2025-04-22,2019-12-31,0.088495575221239,87.43390625,1377347.0625
2019-09-30,AKAM,USD,1086222,2019-11-08,2019-11-08 09:06:22,2019,Q3,709912000.0,246938000.0,462974000.0,0.6521568871,64887000,103105000.0,122258000.0,225363000.0,29435000.0,319685000.0,566623000.0,7908000.0,12127000.0,110604000.0,261049000.0,0.3677202245,143289000.0,0.2018405098,-4971000.0,138318000.0,0.1948382335,-960000.0,137890000.0,0.1942353418,0.85,0.84,162444999,164557999,https://www.sec.gov/Archives/edgar/data/1086222/000108622219000241/0001086222-19-000241-index.htm,https://www.sec.gov/Archives/edgar/data/1086222/000108622219000241/akam10q9302019.htm,4.370168391579725,0.8488411514595164,1.8087598990966784,0.8910831413160339,9.666108588544484,21.555603567703557,10.783428303631558,21.555603567703557,13.661756370844016,14844224008.62,16312919008.62,26.913162681521506,20.909949414321773,50.52080159762306,102.54935343636012,4.239268908104866,4.239268908104866,22.97879034108453,62.48987358166474,55.51935515349325,112.69563811636452,0.009289134947029,0.009751402290611,0.63032813570939,0.3471773360132406,5.626127661856587,3.740783339391194,11.815700503009811,2.1308579302342445,0.0,0.0,0.145236310979389,0.0914014694779071,0.2752503604441666,0.5073513395774341,0.2099865898871973,1.3477993562619797,0.0659447931574617,20.29011767926255,0.024335918841042,0.0299269806847373,-5.52882671075642,1651385000.0,1751714000.0,-601926000.0,4830340000.0,520019500.0,117363000.0,1.0,65.4998506857188,39.43026184710333,3.644639545148985e-07,1.3740489338187618,2.2825108377161767,246938000.0,0.0393791409641306,0.9176767577806444,2019-10-28,1.0,amc,645374545.0,2025-04-22,2019-09-30,0.1,86.79421875,1564863.640625
2019-06-30,AKAM,USD,1086222,2019-08-08,2019-08-08 16:11:57,2019,Q2,705074000.0,242193000.0,462881000.0,0.6564998851,61439000,99899000.0,135106000.0,235005000.0,30655000.0,327099000.0,569292000.0,6410000.0,8446000.0,106065000.0,247679000.0,0.3512808585,135782000.0,0.1925783677,-2614000.0,133168000.0,0.1888709554,19253000.0,113915000.0,0.1615646017,0.7,0.69,163406999,165018999,https://www.sec.gov/Archives/edgar/data/1086222/000108622219000210/0001086222-19-000210-index.htm,https://www.sec.gov/Archives/edgar/data/1086222/000108622219000210/akam10q6302019.htm,4.314833540269594,0.6971243624638135,1.945626576252098,1.1295721794633775,6.379726733736784,20.77489961124615,9.987889196839117,20.77489961124615,7.93637364333458,13134654579.62,13907171579.62,28.8255598025282,18.628760356529952,41.31316922841263,71.15968457915267,3.869092101724892,3.869092101724892,19.724414146061264,56.14998275840907,43.74301048227749,75.34495383909416,0.0086728584531452,0.0140529009637145,0.3795294753921038,0.2411297198925894,3.119025028363325,2.9532035462937576,16.076485910490174,2.790931835140236,0.0,0.0,0.1416858372312693,0.087138371291524,0.3298886667180712,0.4194301243359366,0.1891276660322179,1.2572384858341583,0.0682793579113681,18.051606425790567,0.0234898153047467,0.0318148291204483,-3.142114491069014,1153980000.0,1632091000.0,-203678000.0,4295188000.0,526364000.0,114455000.0,1.0,66.8077109636719,47.02245729645365,3.716044642082967e-07,1.3471498828771338,1.9139790894506832,242193000.0,0.0335560881404421,0.8160543967887202,2019-07-30,1.01,amc,658947663.0,2025-04-22,2019-06-30,0.0594059405940594,77.34142857142858,1108712.984126984
2019-03-31,AKAM,USD,1086222,2019-05-09,2019-05-09 16:04:33,2019,Q1,706508000.0,240743000.0,465765000.0,0.6592494353,66141000,103211000.0,126276000.0,229487000.0,35612000.0,331240000.0,571983000.0,8635000.0,12116000.0,108205000.0,251876000.0,0.3565083481,134525000.0,0.1904083181,-2970000.0,131555000.0,0.186204544,24425000.0,107130000.0,0.1516331025,0.66,0.65,163235999,164786999,https://www.sec.gov/Archives/edgar/data/1086222/000108622219000136/0001086222-19-000136-index.htm,https://www.sec.gov/Archives/edgar/data/1086222/000108622219000136/akam10q3312019.htm,4.328138427357558,0.6562890579056645,0.9853831323077208,0.1128488820655301,6.852838876551979,20.113314588162627,9.258668487702888,20.113314588162627,7.906503515808422,11916227927.0,12506039927.0,27.807868773919537,16.86637366738947,74.08285935343488,646.8827928451224,3.629436594352429,3.629436594352429,17.70120073233424,49.65157429449412,77.74970423997513,678.9012500407144,0.0089902610672008,0.001545875096788,0.3894077059177021,0.2466850686950317,2.3416760628245643,3.191853341899155,11.103086827335757,1.5014468402875012,0.0,0.0,0.1460861023512826,0.09361677433235,0.341877361916291,0.8854771526266708,0.2015957356463054,1.3162885264082067,0.0641252469894183,17.23378473680619,0.0227461083076166,0.0314081972081797,-2.3518433547247137,1248712000.0,1511348000.0,-81127000.0,4330394000.0,504617500.0,100730000.0,1.0,67.43184790547312,38.27064546009645,3.738426454767117e-07,1.3346809081394777,2.3516718601947817,240743000.0,0.0326295825100808,0.8725342502421908,2019-04-30,1.02,amc,655125600.0,2025-04-22,2019-03-31,0.0784313725490196,67.81147540983606,1371479.3278688523
2018-12-31,AKAM,USD,1086222,2019-02-28,2019-02-28 16:50:47,2018,Q4,713363000.0,243927000.0,469436000.0,0.6580604825,60342000,107317000.0,137797000.0,245114000.0,43692000.0,349148000.0,593075000.0,7308000.0,14582000.0,116294000.0,243949000.0,0.3419703573,120288000.0,0.1686210246,-7215000.0,113073000.0,0.1585069593,19058000.0,94015000.0,0.1317912479,0.58,0.57,162957999,164539999,https://www.sec.gov/Archives/edgar/data/1086222/000108622219000066/0001086222-19-000066-index.htm,https://www.sec.gov/Archives/edgar/data/1086222/000108622219000066/akam10k123118.htm,4.377588117046037,0.5769278008869021,1.7560046254618038,1.0359786020691135,11.6109979970974,19.58701027005124,9.426404407432615,19.58701027005124,9.666380353627195,9953474578.92,10477651578.92,26.467783276392066,13.952888752178064,34.78350746595377,58.95874671350128,3.1183932186624728,3.1183932186624728,14.687685762956589,42.95017228568266,36.61530142377383,62.06367441799302,0.0094454453321365,0.0169610118216947,0.4889412442901631,0.285737407470472,2.148715510209101,2.0941068415283937,8.249074201069812,3.043716428229538,0.0,0.0,0.1504381359840642,0.0845880708699498,0.3031530071753296,0.4100365186699516,0.1644800753613517,1.008942851737837,0.0630786850453415,15.945423861522816,0.0202555244261864,0.024701669829202,-0.109772147484457,1324645000.0,1536108000.0,265444000.0,3891015000.0,473126500.0,97570000.0,0.5,60.54422502989361,36.56015939194923,3.6896284544146403e-07,1.4865166736474476,2.461696051024836,243927000.0,0.0294546126709818,0.7200260233926903,2019-02-12,1.0,amc,666694392.0,2025-04-22,2018-12-31,0.07,66.51079365079366,2084592.825396825
2018-09-30,AKAM,USD,1086222,2018-11-08,2018-11-08 16:09:35,2018,Q3,669628000.0,239246000.0,430382000.0,0.6427180464,61049000,100284000.0,125323000.0,225607000.0,27189000.0,313845000.0,553091000.0,9258000.0,14566000.0,107833000.0,233169000.0,0.3482067655,116537000.0,0.1740324479,-5767000.0,110770000.0,0.1654202035,3187000.0,107583000.0,0.1606608445,0.65,0.64,165923999,167899999,https://www.sec.gov/Archives/edgar/data/1086222/000108622218000208/0001086222-18-000208-index.htm,https://www.sec.gov/Archives/edgar/data/1086222/000108622218000208/akam10q9302018.htm,4.035751332150571,0.6483872173307491,1.871224186201057,1.3487078502730638,10.858224312686678,19.017923983377475,8.980147591548826,19.017923983377475,9.400743770646462,11868543648.47,12708379648.47,27.579969996351657,17.724085086749657,38.22631223318013,53.03594843428678,3.76118865878949,3.76118865878949,18.978268006221363,54.5028698003165,40.93126358286014,56.788851916678205,0.0090645493825073,0.0188551356112549,0.4896936489274385,0.2880826907800257,3.6018338629920787,2.03170147616348,8.000617877248386,2.8859671137633267,0.0,0.0,0.1497607626921216,0.0911685293924387,0.3105039311976557,0.279237698925216,0.1294718858829081,0.8040024853245296,0.0696386650498485,16.656741075230514,0.0233440800821937,0.029089230714321,-0.3431932712759653,1233851000.0,1490022000.0,221432000.0,3783842000.0,473114500.0,90109000.0,0.5,62.6807122760697,36.13264171605795,0.0,1.4358483931006685,2.4908225838356706,0.0,0.0340934803345238,0.5225163359279932,2018-10-29,0.83,amc,591242553.0,2025-04-22,2018-09-30,0.1325301204819277,75.13031746031746,1547651.8412698412
2018-06-30,AKAM,USD,1086222,2018-08-08,2018-08-08 16:07:19,2018,Q2,662759000.0,235487000.0,427272000.0,0.6446868319,59709000,148079000.0,131680000.0,279759000.0,30687000.0,370155000.0,605642000.0,6409000.0,9204000.0,106298000.0,167055000.0,0.2520599494,57117000.0,0.0861806479,-5564000.0,51553000.0,0.0777854394,8492000.0,43061000.0,0.0649723353,0.25,0.25,170249999,172306999,https://www.sec.gov/Archives/edgar/data/1086222/000108622218000189/0001086222-18-000189-index.htm,https://www.sec.gov/Archives/edgar/data/1086222/000108622218000189/akam10q6302018.htm,3.892857585273759,0.2529280484753483,1.2903436199139129,0.7697327504830117,10.907318713112003,20.236581616661272,10.373174803954036,20.236581616661272,9.04088698408744,12467407426.77,13019926426.77,72.38224511025058,18.811374008908217,56.75232462875715,95.1369159673247,3.618694174104383,3.618694174104383,19.645039036467253,77.93796310658166,59.267421519248366,99.35310557868551,0.0034538856817608,0.0105111668780965,0.4440881113222213,0.2729862272833677,3.30740773996588,2.186129357016636,6.205671447196871,5.10162327860477,0.0,0.0,0.2234281239485242,0.0900915717477997,0.2996135032287164,0.4034668451072236,0.1337348870403872,0.8338256599371578,0.0716655677252213,10.731448162413612,0.0092763816933861,0.0109696725911543,0.3374082281198721,1347832000.0,1766033000.0,324734000.0,3880027000.0,482241000.0,82703000.0,0.5,65.16373221638635,32.16750818516521,3.821867024506661e-07,1.3811363612682734,2.797854265923699,235487000.0,0.0124985559946105,0.5206108694309008,2018-07-31,0.79,amc,638843373.0,2025-04-22,2018-06-30,0.0506329113924049,75.0178125,2054715.65625
2018-03-31,AKAM,USD,1086222,2018-05-09,2018-05-09 16:14:58,2018,Q1,668724000.0,234825000.0,433899000.0,0.6488461607,65065000,109742000.0,122553000.0,232295000.0,67982000.0,365342000.0,600167000.0,3965000.0,4850000.0,104095000.0,176638000.0,0.2641418582,68557000.0,0.102519126,-864000.0,67693000.0,0.1012271131,13979000.0,53714000.0,0.0803231228,0.32,0.31,170115999,172003999,https://www.sec.gov/Archives/edgar/data/1086222/000108622218000094/0001086222-18-000094-index.htm,https://www.sec.gov/Archives/edgar/data/1086222/000108622218000094/akam10q3312018.htm,3.930988289937386,0.3157492553066687,1.128700422821489,0.4640069156575919,4.77058598115748,19.90557631207868,9.958634167030931,19.90557631207868,3.959621693195359,12074833609.02,12379875609.02,56.19965748696802,18.05652796822007,62.88648304265404,152.97185797200228,3.565834964392838,3.565834964392838,18.51268327294968,70.08614006623716,64.4751607156919,156.83632873908914,0.0044484256876115,0.0065371501219722,0.1974879638491703,0.1426837417621526,1.7269330495136948,1.2911130864721674,14.135463917525772,3.574673269538668,0.0,0.0,0.164106567133825,0.097297240715153,0.3610344909987488,0.5889016197073069,0.169090686142564,1.0862673519381334,0.0668227848858422,11.891860459249024,0.0128754754263574,0.0179359349799817,-0.7385034372928087,329131000.0,1694123000.0,159079000.0,2866383000.0,471872000.0,80758500.0,0.0,65.22201984675291,31.135994889811563,0.0,1.37990206699311,2.8905451815014955,0.0,0.0158623518533885,0.6646935071638971,2018-04-30,0.7,amc,592518987.0,2025-04-22,2018-03-31,0.1285714285714287,68.0855737704918,1900184.37704918
2017-12-31,AKAM,USD,1086222,2018-03-01,2018-03-01 09:07:51,2017,Q4,663452000.0,229937000.0,433515000.0,0.6534233072,59673000,106895000.0,140414000.0,247309000.0,98630000.0,405612000.0,635549000.0,4487000.0,4850000.0,99396000.0,132259000.0,0.1993497646,27903000.0,0.0420573003,110000.0,28013000.0,0.0422230998,8906000.0,19107000.0,0.0287993706,0.11,0.11,169428999,170726999,https://www.sec.gov/Archives/edgar/data/1086222/000108622218000052/0001086222-18-000052-index.htm,https://www.sec.gov/Archives/edgar/data/1086222/000108622218000052/akam10k123117.htm,3.9158113659161735,0.1127729025891252,1.165331797775657,0.5346723437821881,4.201972532458862,19.540474296256686,9.507085619977016,19.540474296256686,3.941255652463602,11019662094.96,11369193094.96,144.18357270843148,16.609584559184388,55.81243052334622,121.64459365883276,3.32847601413951,3.32847601413951,17.136421466752683,85.96158367264232,57.58273658946217,125.50302017860888,0.0017339007163149,0.008220669492346,0.200232094318975,0.1440224782764743,2.6427766730430444,2.821428571428572,5.75319587628866,10.333438007013136,0.0,0.0,0.1611194178327897,0.0899432061400071,0.3693253562362747,0.5411844551030435,0.1610546053067893,1.0750130789971428,0.0636142479033901,7.041435229982158,0.0045982719296049,0.0065820454532144,-1.3919680302189592,844968000.0,1610776000.0,16751000.0,3407450000.0,429983000.0,84308500.0,0.5,62.28247107552619,31.42173725846645,0.0,1.4450293709583624,2.8642591992824933,0.0,0.0057712469451536,0.630659453993469,2018-02-06,0.63,amc,601239130.0,2025-04-22,2017-12-31,0.0952380952380951,55.35126984126984,2521712.904761905
2017-09-30,AKAM,USD,1086222,2017-11-08,2017-11-08 16:48:26,2017,Q3,624440000.0,225490000.0,398950000.0,0.6388924476,57226000,102565000.0,117863000.0,220428000.0,30043000.0,307697000.0,533187000.0,4463000.0,4746000.0,97178000.0,193429000.0,0.3097639485,91253000.0,0.1461357376,252000.0,91505000.0,0.1465392992,27594000.0,63911000.0,0.102349305,0.37,0.37,170975999,171504999,https://www.sec.gov/Archives/edgar/data/1086222/000108622217000249/0001086222-17-000249-index.htm,https://www.sec.gov/Archives/edgar/data/1086222/000108622217000249/akam10q9302017.htm,3.6522085184599504,0.373801003496403,1.3820126882253223,0.6816804737605305,4.398283995404524,19.141019904203045,10.16285917416982,19.141019904203045,3.871169075608091,8329950671.28,8618929671.279999,32.584182188042746,13.339873600794313,35.25293249120787,71.47043501368499,2.545318914239356,2.545318914239356,13.802654652616743,44.55862187820853,36.47591178369044,73.9498560396736,0.0076724343903202,0.0139917995435248,0.2007944619888133,0.1457333048873686,1.493979703146891,3.0113059078888047,19.22734934681837,3.904861845584347,0.0,0.0,0.1642511690474665,0.0916437127666389,0.3404312224919463,0.5067480352616054,0.1917558132086349,1.2321718907571673,0.0670168470949971,12.688025066299868,0.0156258102664715,0.0214893056147708,-1.075289810121244,865477000.0,1737605000.0,59304000.0,3284281000.0,398352000.0,90040000.0,1.0,57.77258023188777,35.25881413809925,3.991307818528538e-07,1.5578324464435849,2.552553232434146,225490000.0,0.0195287923719426,0.7003322144647917,2017-10-24,0.59,amc,594187096.0,2025-04-22,2017-09-30,0.0508474576271186,47.83476190476191,1923346.984126984
2017-06-30,AKAM,USD,1086222,2017-08-08,2017-08-08 16:12:24,2017,Q2,605832000.0,214680000.0,391152000.0,0.645644337,53373000,101640000.0,117944000.0,219584000.0,32602000.0,305559000.0,520239000.0,4281000.0,4646000.0,89206000.0,179643000.0,0.2965227984,85593000.0,0.1412817415,198000.0,85791000.0,0.1416085648,29039000.0,56752000.0,0.0936761346,0.33,0.33,172673999,173438999,https://www.sec.gov/Archives/edgar/data/1086222/000108622217000215/0001086222-17-000215-index.htm,https://www.sec.gov/Archives/edgar/data/1086222/000108622217000215/akam10q6302017.htm,3.5085305460493794,0.3286655798132062,1.3009080770753447,0.7391269139484051,3.9561312296937072,19.03686727032945,10.11448168290815,19.03686727032945,3.7993328688704313,8600891890.19,8899790890.19,37.88805632484318,14.196826661830343,38.28863920345631,67.3903210125521,2.616501932417896,2.616501932417896,14.69019611078649,49.54154011116493,39.61924957682086,69.73227575602533,0.0065983854610159,0.0148389261985224,0.1981642579092301,0.1451090088546791,1.6638499691053923,3.1031538800793856,18.42294446835988,3.8882676729211374,0.0,0.0,0.1677692825733867,0.0880986808224062,0.3432057507185836,0.431837708618057,0.1601186467535554,1.0874268546958723,0.0681195446922579,11.864955454306276,0.013843854817451,0.0192485691270615,-1.284775072013013,839293000.0,1746508000.0,36490000.0,3235996000.0,398328500.0,90960000.0,0.5,58.80813492849502,38.46045276690889,4.192286193404136e-07,1.530400515327195,2.3400660555258828,214680000.0,0.0172646883095864,0.5617811631269396,2017-07-25,0.6,amc,586258064.0,2025-04-22,2017-06-30,0.0333333333333333,52.77111111111111,2642018.746031746
2017-03-31,AKAM,USD,1086222,2017-05-09,2017-05-09 16:08:06,2017,Q1,600293000.0,205727000.0,394566000.0,0.6572890239,52162000,96537000.0,114492000.0,211029000.0,26041000.0,289232000.0,494959000.0,4624000.0,4597000.0,86533000.0,195807000.0,0.3261857126,105334000.0,0.1754709783,-657000.0,104677000.0,0.1743765128,30094000.0,74583000.0,0.1242443274,0.43,0.43,173157999,175170999,https://www.sec.gov/Archives/edgar/data/1086222/000108622217000143/0001086222-17-000143-index.htm,https://www.sec.gov/Archives/edgar/data/1086222/000108622217000143/akam10q3312017.htm,3.4667356025522102,0.4307222330514457,0.823629291304065,0.2970524047231569,4.880334751385063,18.818339428835746,10.898416538065907,18.818339428835746,3.755622054745504,10337532540.3,10460932540.3,34.65110192771812,17.220811404264253,72.48406610876607,200.97463966211097,3.1724371975414805,3.1724371975414805,17.426377686063308,53.42471178405267,73.34931453463098,203.37369092870887,0.007214777773056,0.0049757521729172,0.1981616954310296,0.1451055562983778,0.6302124030295138,3.6620814086247897,22.913639329997824,1.762238971951069,0.0,0.0,0.1608164679581471,0.0868942333160639,0.3081796721119911,0.6393372505574332,0.1518941583526711,1.0537136121479669,0.064944951881831,13.50456354625852,0.0184486040111503,0.024226295289705,-0.264417469966259,1016585000.0,1887148000.0,207012000.0,3212707000.0,384694000.0,83149500.0,0.5,60.08945631549927,39.45087421680188,0.0,1.497766921495439,2.281318267002296,0.0,0.0228884293792384,0.5265768865809081,2017-05-02,0.67,amc,582900000.0,2025-04-22,2017-03-31,0.0298507462686565,65.70532258064516,1990046.0322580645
2016-12-31,AKAM,USD,1086222,2017-02-28,2017-02-28 16:08:12,2016,Q4,616124000.0,203475000.0,412649000.0,0.6697499205,46755000,98409000.0,118907000.0,217316000.0,25048000.0,289119000.0,492594000.0,4180000.0,4680000.0,84008000.0,214502000.0,0.3481474508,123530000.0,0.2004953548,2284000.0,125814000.0,0.2042024008,34175000.0,91639000.0,0.1487346703,0.53,0.52,173336999,175283999,https://www.sec.gov/Archives/edgar/data/1086222/000108622217000080/0001086222-17-000080-index.htm,https://www.sec.gov/Archives/edgar/data/1086222/000108622217000080/akam10k123116.htm,3.554486367910408,0.5286753579944002,1.048754743930925,0.6106601626349837,4.828847879153602,18.6017412243303,10.652105497684312,18.6017412243303,3.719730950228347,11558111093.320002,11874029093.320002,31.531637985246466,18.759391118216467,63.58016532070324,109.19330272385452,3.584610666058796,3.584610666058796,19.272141798274376,55.35626284752591,65.3180028017251,112.17788467945206,0.0079285446609838,0.0091580708253596,0.1985153688937684,0.1463676264181438,1.4727974564339728,3.4969539867801425,26.395299145299145,1.9837405471469567,0.0,0.0,0.1597227181541378,0.0758856983334523,0.315097186327646,0.4177283429049222,0.1232511637267822,0.9039377202171222,0.0636268023969201,14.87519241974941,0.0225019633375978,0.0305954900874071,-0.2037129966695685,935329000.0,1846404000.0,161141000.0,3114312000.0,363296500.0,75224000.0,1.0,53.84247326836806,33.66900110578695,4.4231478068558796e-07,1.6715428273773996,2.6730819758276407,203475000.0,0.028420745758086,0.4380945812959413,2017-02-07,0.68,amc,581872222.0,2025-04-22,2016-12-31,0.0588235294117645,63.68587301587301,2217397.031746032
2016-09-30,AKAM,USD,1086222,2016-11-08,2016-11-08 16:15:01,2016,Q3,584065000.0,204467000.0,379598000.0,0.6499242379,42341000,96118000.0,102626000.0,198744000.0,26748000.0,267833000.0,472300000.0,3809000.0,4666000.0,84511000.0,200863000.0,0.343905216,111765000.0,0.1913571263,-79000.0,111686000.0,0.1912218674,35686000.0,76000000.0,0.1301225035,0.44,0.43,174428999,175616999,https://www.sec.gov/Archives/edgar/data/1086222/000108622216000392/0001086222-16-000392-index.htm,https://www.sec.gov/Archives/edgar/data/1086222/000108622216000392/akam10q9302016.htm,3.348439785519838,0.4357073676722756,1.4412741083264486,0.9833800628529664,5.224010945565307,18.167455057172003,10.77140275281864,18.167455057172003,3.664356292040637,9242992657.01,9495693657.01,30.40458110858553,15.825280845470967,36.76608057680986,53.88557486742844,2.916754153690945,2.916754153690945,16.25793988170837,47.274478908559566,37.77125559669849,55.35879238039993,0.0082224451344079,0.0185578422882235,0.2002265117164116,0.1457412024664447,1.258076400332565,3.214016907048311,23.95306472353193,3.307894736842105,0.0,0.0,0.1645672998724457,0.0724936436869184,0.2963238764848224,0.3177008750994431,0.1367484783371713,0.9450840718959662,0.0661775658531156,13.34552791971744,0.01939108570611,0.0248078290897256,-0.0285918598890772,955428000.0,1878845000.0,202260000.0,3043437000.0,361199000.0,71288500.0,0.5,55.164630648985984,32.71686873676437,4.40168829199822e-07,1.631480152068313,2.7508745022064365,204467000.0,0.0239828509992802,0.4578940454734823,2016-10-25,0.61,amc,523972058.0,2025-04-22,2016-09-30,0.1147540983606558,53.52046875,2156180.4375
2016-06-30,AKAM,USD,1086222,2016-08-08,2016-08-08 17:01:54,2016,Q2,572135000.0,206323000.0,365812000.0,0.6393805658,37690000,90880000.0,103223000.0,194103000.0,23839000.0,255632000.0,461955000.0,3393000.0,4639000.0,85114000.0,199102000.0,0.3479982871,110180000.0,0.1925769268,-831000.0,109349000.0,0.1911244724,35714000.0,73635000.0,0.128702142,0.42,0.42,175498999,176419999,https://www.sec.gov/Archives/edgar/data/1086222/000108622216000345/0001086222-16-000345-index.htm,https://www.sec.gov/Archives/edgar/data/1086222/000108622216000345/akam10q6302016.htm,3.26004708437112,0.4195750427043746,1.3838939332069922,0.9386435303827574,4.949919970768608,17.951515495538523,10.585063223067158,17.951515495538523,3.610328284550501,9815659014.07,10117985014.07,33.325385394411626,17.15619392987669,40.41494702588195,59.5859857226023,3.115614389988424,3.115614389988424,17.68461117405857,50.81809833186005,41.65974263838565,61.4212565580856,0.0075017887127547,0.0167824697011041,0.1996430377279856,0.1473093564405364,1.5184478307601128,3.6266445708579655,23.750808363871524,3.29832280844707,0.0,0.0,0.1588436295629528,0.0658760607199349,0.3027843498944427,0.3217373760664053,0.1365779055642462,0.918074582324882,0.0610188154893512,13.018071182575335,0.0190575803621038,0.024735321811122,0.1296745287988793,989042000.0,1857668000.0,246335000.0,3068682000.0,364752000.0,66035500.0,0.5,57.32229281550683,29.77084474343626,0.0,1.5700697857579973,3.023091913434629,0.0,0.0233726808641115,0.4452504028242349,2016-07-26,0.63,amc,572100000.0,2025-04-22,2016-06-30,0.0158730158730158,52.620703125,1819709.734375
2016-03-31,AKAM,USD,1086222,2016-05-09,2016-05-09 17:07:46,2016,Q1,567725000.0,194736000.0,372989000.0,0.656988859,40842000,86330000.0,102211000.0,188541000.0,29487000.0,258870000.0,453606000.0,3320000.0,4653000.0,80669000.0,197919000.0,0.3486177287,114119000.0,0.2010110529,-1522000.0,112597000.0,0.1983301775,37739000.0,74858000.0,0.1318560923,0.42,0.42,176402999,177538999,https://www.sec.gov/Archives/edgar/data/1086222/000108622216000291/0001086222-16-000291-index.htm,https://www.sec.gov/Archives/edgar/data/1086222/000108622216000291/akam10q3312016.htm,3.2183409761644697,0.4243578648002464,1.078428377513015,0.611656267816626,4.749749180851511,17.650391533309477,10.270953500059258,17.650391533309477,3.560812478023687,9802714654.43,10113287654.43,32.73769889133426,17.266660186586815,51.528688560802784,90.85168079510278,3.148372085408381,3.148372085408381,17.813708493425516,51.0981141498795,53.1612383142695,93.73007520463771,0.0076364560878216,0.0110069510134357,0.2002468539450703,0.1490253246368331,1.569192447415357,3.9936860995159535,24.52589727057812,2.541318229180582,0.0,0.0,0.1520630586991941,0.0719397595666916,0.3111453546959762,0.4328262492246554,0.1450350081465498,1.0207142768597603,0.0559091109251838,12.981789377400174,0.019703804371558,0.0259743504243758,0.2354112500094173,997595000.0,1811827000.0,260658000.0,3069547000.0,372751000.0,62902000.0,0.5,57.87884979523537,29.496241064826226,4.621641607098842e-07,1.5549721585415623,3.0512362508226003,194736000.0,0.0240424051783444,0.466772109696389,2016-04-26,0.63,amc,541895454.0,2025-04-22,2016-03-31,0.0476190476190476,50.80934426229508,3146706.295081967
2015-12-31,AKAM,USD,1086222,2016-02-29,2016-02-29 14:26:42,2015,Q4,579159000.0,193212000.0,385947000.0,0.6663921307,37674000,83581000.0,118582000.0,202163000.0,23430000.0,263267000.0,456479000.0,2935000.0,17312000.0,80329000.0,218116000.0,0.3766081508,122680000.0,0.2118243867,-2205000.0,120475000.0,0.2080171421,32055000.0,88420000.0,0.1526696469,0.5,0.49,177787999,179731999,https://www.sec.gov/Archives/edgar/data/1086222/000108622216000245/0001086222-16-000245-index.htm,https://www.sec.gov/Archives/edgar/data/1086222/000108622216000245/akam10k123115.htm,3.257582082354164,0.4973339060979025,1.2250039441638578,0.7815713140457811,4.21603822651719,17.55392949779473,10.206195076192966,17.55392949779473,3.6087925147298607,9356982387.37,9691797387.37,26.45606872701312,16.156154678369845,42.96312697664275,67.33870480425178,2.9981890953026684,2.9981890953026684,16.734260172715956,44.434142325047226,44.50044945553306,69.74824321264592,0.0094496277046912,0.0148503004758841,0.2000360155058929,0.1490685721449166,1.5350318179317428,3.7696667067741534,7.08641404805915,2.463141823116942,0.0,0.0,0.1443144283348786,0.0650494941803546,0.3119298936824322,0.3619846550132926,0.1361232407680792,0.9814263839958172,0.0582068136729291,14.015302255084354,0.0233533035877254,0.0306844911101039,-0.1810400599649023,920748000.0,1814539000.0,186141000.0,2980267000.0,373178000.0,61442000.0,30787000.0,59.11314509487032,28.87180920439724,0.0,1.522504002376452,3.1172275822012843,0.0,0.0283317707388754,0.4434326301180767,2016-02-09,0.62,amc,498755555.0,2025-04-22,2015-12-31,0.1612903225806451,61.435859375,2254207.203125
2015-09-30,AKAM,USD,1086222,2015-11-09,2015-11-09 10:30:56,2015,Q3,551030000.0,183204000.0,367826000.0,0.6675244542,38396000,84402000.0,107426000.0,191828000.0,21913000.0,252137000.0,435341000.0,2723000.0,4630000.0,74785000.0,193401000.0,0.3509808903,115689000.0,0.2099504564,-1703000.0,113986000.0,0.2068598806,25946000.0,88040000.0,0.1597735151,0.49,0.49,178546999,180363999,https://www.sec.gov/Archives/edgar/data/1086222/000108622215000181/0001086222-15-000181-index.htm,https://www.sec.gov/Archives/edgar/data/1086222/000108622215000181/akam10q9302015.htm,3.0861902081031336,0.4930914576727218,1.022744717204684,0.2774843614145539,3.740488519776241,17.28207708492485,10.032008434933148,17.28207708492485,3.494850115066902,12330455750.94,12693349750.94,35.013788479497954,22.37710424285429,67.5241815853632,248.87889050016148,3.9960474461857953,3.9960474461857953,23.03567818619676,65.63228603233696,69.51146582263647,256.20357159171647,0.0071400442755968,0.0040180185550905,0.2007234749873852,0.1480031705150701,1.8763811976153173,3.647479262422968,24.98682505399568,2.074148114493412,0.0,0.0,0.1531713336841914,0.0696804166742282,0.3093278570180861,0.7286865854727066,0.2414823149374807,1.7792872902319985,0.0563417599767707,13.8469131246608,0.0231922980671428,0.0304601791282728,-0.7059107725467847,878979000.0,1791185000.0,111839000.0,2907997000.0,354443500.0,73106500.0,53626000.0,59.77193619222184,29.918451562192967,30.248575358616623,1.505723350011067,3.0081770713605462,2.975346737259233,0.0285319556931524,0.7452603557901301,2015-10-27,0.57,amc,506564516.0,2025-04-22,2015-09-30,0.0877192982456141,72.119921875,1800413.125
2015-06-30,AKAM,USD,1086222,2015-08-10,2015-08-10 10:59:53,2015,Q2,540723000.0,179910000.0,360813000.0,0.66727881,36693000,85099000.0,111501000.0,196600000.0,21260000.0,254553000.0,434463000.0,2541000.0,4678000.0,73989000.0,181185000.0,0.335079144,106260000.0,0.1965146665,-3742000.0,102518000.0,0.1895943024,35318000.0,67200000.0,0.1242780499,0.38,0.37,178681999,180737999,https://www.sec.gov/Archives/edgar/data/1086222/000108622215000161/0001086222-15-000161-index.htm,https://www.sec.gov/Archives/edgar/data/1086222/000108622215000161/akam10q6302015.htm,3.026175009380772,0.3760871289558384,1.4776138697664782,0.940273787736167,3.601386841435549,17.04319414962444,9.758313706799306,17.04319414962444,3.465161591347542,12475577170.179998,12832613170.179998,46.41211744858631,23.07202980117361,47.25185749037016,74.2549679791679,4.09664992295699,4.09664992295699,23.732323519029148,70.82602406479565,48.60414876802399,76.3800557715612,0.0053865243333692,0.013467112399544,0.2017803101948174,0.1487456745834347,1.9705604768606677,3.30653970514757,22.71483539974348,3.928913690476191,0.0,0.0,0.1573800263720981,0.0678591441458935,0.3150917248532777,0.3636539240899467,0.177564113233578,1.2976658692508345,0.0596442170945197,12.009114622207042,0.0184127368506345,0.0237503834697331,-0.9080573359826806,803234000.0,1743635000.0,65683000.0,2809482000.0,349779500.0,76474000.0,43651000.0,57.078578125953584,42.6768384192096,22.850425212606304,1.5767736855918115,2.108872243907585,3.938657559437804,0.0220667044953029,0.5373400820303113,2015-07-28,0.58,amc,550185964.0,2025-04-22,2015-06-30,-0.0172413793103448,74.20944444444444,1419986.2222222222
2015-03-31,AKAM,USD,1086222,2015-05-11,2015-05-11 14:42:55,2015,Q1,526536000.0,169294000.0,357242000.0,0.6784759257,35828000,77150000.0,103479000.0,180629000.0,19264000.0,235721000.0,405015000.0,3001000.0,4576000.0,70460000.0,194681000.0,0.3697392011,121521000.0,0.2307933361,-1876000.0,119645000.0,0.2272304268,41899000.0,77746000.0,0.1476556209,0.44,0.43,178544999,180824999,https://www.sec.gov/Archives/edgar/data/1086222/000108622215000101/0001086222-15-000101-index.htm,https://www.sec.gov/Archives/edgar/data/1086222/000108622215000101/akam10q3312015.htm,2.949038074149587,0.435442047861559,0.5585650707584366,-0.2091349531442211,3.994987280489441,16.69989087736924,10.008686941716022,16.69989087736924,3.440157962643356,12684729453.955,12961819453.955,40.789009897470606,24.09090632730716,127.19198481840787,-339.70887664582216,4.254219415066731,4.254219415066731,24.617157143965464,66.57978669698122,129.9704143624723,-347.1296050871719,0.00612910194752,-0.0029436969968924,0.2044641246115447,0.1529120399667612,1.4233027362711308,4.609862956733536,26.556162587412587,1.2827540966737838,0.0,0.0,0.1465236944862269,0.0680447300849324,0.2996506319550991,1.374414663738732,0.2603221811993861,1.9453448765256884,0.0563475241958764,12.79125796631786,0.0212409666946228,0.0278436748808838,-0.020511635836969,972248000.0,1787001000.0,236348000.0,2833022000.0,343103500.0,72524500.0,43664000.0,60.95805415014358,35.95715146431651,22.128132125178684,1.4764250804056878,2.5029791386371363,4.067220834134154,0.0260745445020629,0.7677000239026577,2015-04-28,0.61,amc,526500000.0,2025-04-22,2015-03-31,0.0,66.10073770491803,1621123.6229508198
2014-12-31,AKAM,USD,1086222,2015-03-02,2015-03-02 17:08:18,2014,Q4,536295000.0,163201000.0,373094000.0,0.6956880075,32417000,74429000.0,110293000.0,184722000.0,19873000.0,237012000.0,400213000.0,2291000.0,14366000.0,67763000.0,215986000.0,0.4027372994,136082000.0,0.2537446741,-2225000.0,133857000.0,0.2495958381,36750000.0,97107000.0,0.18107012,0.55,0.54,178143999,180909999,https://www.sec.gov/Archives/edgar/data/1086222/000108622215000066/0001086222-15-000066-index.htm,https://www.sec.gov/Archives/edgar/data/1086222/000108622215000066/akam10k123114.htm,3.010457848765369,0.5451039639005746,1.0976569578411677,0.5794245137609154,4.2566238787532775,16.533450559847374,9.88879226855124,16.533450559847374,3.475935218003049,11215946177.04,11582147177.04,28.87522572275943,20.91376234542556,57.35853952388501,108.65953804981544,3.808037515949799,3.808037515949799,21.59659735227813,53.62452740936913,59.23129766667861,112.20727542883716,0.0086579409768198,0.0092030577153893,0.2053589829340295,0.1511543288518987,1.695484892539331,3.7799803000499983,9.472504524571908,2.0136653382351426,0.0,0.0,0.1387836918114097,0.0604462096420813,0.2958121685968373,0.4721260502912432,0.1721440625029135,1.3623954075232796,0.0507108960553426,14.240088213749134,0.0269175709442365,0.0344615024273911,-0.1565222525402048,928544000.0,1761629000.0,206344000.0,2713841000.0,328162500.0,76106500.0,35274000.0,55.30914888261125,42.69017959448778,25.204257326854613,1.6272172293053542,2.108213196920374,3.5708253106949064,0.0329697640506088,0.5182324440802522,2015-02-10,0.63,amc,519798461.0,2025-04-22,2014-12-31,0.0317460317460317,60.283828125,1606591.765625
2014-09-30,AKAM,USD,1086222,2014-11-10,2014-11-10 12:05:01,2014,Q3,498042000.0,158812000.0,339230000.0,0.6811272945,32583000,70238000.0,96215000.0,166453000.0,19955000.0,218991000.0,377803000.0,2010000.0,0.0,67415000.0,184764000.0,0.3709807607,120239000.0,0.2414234141,-2660000.0,117579000.0,0.2360824991,26424000.0,91155000.0,0.1830267327,0.51,0.5,178185999,180954999,https://www.sec.gov/Archives/edgar/data/1086222/000126643214000140/0001266432-14-000140-index.htm,https://www.sec.gov/Archives/edgar/data/1086222/000126643214000140/akam10q9302014.htm,2.7950680906191736,0.5115721802586746,0.9724782023979336,0.5696294914843449,3.989718631035651,15.985431043883532,9.307790787759927,15.985431043883532,3.367817917051945,10655522740.2,11041281740.2,29.22363759585321,21.39482762538099,61.49238086010087,104.98051960788176,3.7409063187496048,3.7409063187496048,22.16937876765413,59.75883689571561,63.71857284772798,108.78110088866994,0.0085547187334226,0.0095255767806746,0.2106804569615009,0.1556960800313209,2.087847199670932,3.821857354584368,0.0,1.9009599034611373,0.0,0.0,0.1410282666923673,0.065422193308998,0.308710992501604,0.4142496046906199,0.1441284068411901,1.064777868426908,0.0562362210415989,13.564596962631049,0.0262384861997698,0.0342118330043697,-0.2105482485186729,851075000.0,1658518000.0,146765000.0,2600131000.0,326066000.0,72667500.0,27153000.0,59.04568289421374,42.39031055587739,14.07928871873662,1.5242435278671265,2.1231266961671635,6.392368378682982,0.0320024013649864,0.4028487109135886,2014-10-29,0.57,amc,457838709.0,2025-04-22,2014-09-30,0.0877192982456141,60.1068734375,1624254.265625
2014-06-30,AKAM,USD,1086222,2014-08-11,2014-08-11 10:46:21,2014,Q2,476035000.0,149318000.0,326717000.0,0.6863297867,32052000,71286000.0,91462000.0,162748000.0,19566000.0,214366000.0,363684000.0,1740000.0,0.0,58712000.0,167233000.0,0.3513040008,112351000.0,0.2360141586,-3675000.0,108676000.0,0.228294138,35790000.0,72886000.0,0.1531105906,0.41,0.4,178080999,180840999,https://www.sec.gov/Archives/edgar/data/1086222/000154256714000021/0001542567-14-000021-index.htm,https://www.sec.gov/Archives/edgar/data/1086222/000154256714000021/akam10q6302014.htm,2.673137519854097,0.40928566444082,1.1243422999890067,0.7283483399596158,4.249599925031867,15.570128287521568,8.841364372624616,15.570128287521568,3.343338162652602,10873625798.94,11214845798.94,37.29668866085394,22.842072114319325,54.307304813309095,83.83351296357118,3.921611875795241,3.921611875795241,23.558868148224395,67.06120083320876,56.01149611904667,86.46425194819012,0.006703007933849,0.0119284038643893,0.2147277209868635,0.1579833346467986,2.040386765769914,4.234736596868249,0.0,2.7470844881047114,0.0,0.0,0.1497494932095329,0.0673311836314556,0.3179554414211747,0.3522005354003516,0.1481382671442226,1.2011002861425262,0.0665455271146029,11.974313416046412,0.0216191765515542,0.0283559861686466,0.1102293344614492,916375000.0,1574479000.0,203754000.0,2651277000.0,313669500.0,66120500.0,33740000.0,61.51785057821378,42.51369560267349,17.75793943128089,1.4629899964657251,2.116964868006918,5.06815559025185,0.0262865955169319,0.3959939600293909,2014-07-30,0.55,amc,451379310.0,2025-04-22,2014-06-30,0.0545454545454543,55.61347619047619,2191461.222222222
2014-03-31,AKAM,USD,1086222,2014-05-12,2014-05-12 15:52:20,2014,Q1,453502000.0,139612000.0,313890000.0,0.6921468924,28234000,64699000.0,81065000.0,145764000.0,19045000.0,193043000.0,332655000.0,1639000.0,0.0,53516000.0,173131000.0,0.3817645788,120847000.0,0.2664751203,-1183000.0,119664000.0,0.263866532,46864000.0,72800000.0,0.1605285092,0.41,0.4,178704999,182037999,https://www.sec.gov/Archives/edgar/data/1086222/000154256714000015/0001542567-14-000015-index.htm,https://www.sec.gov/Archives/edgar/data/1086222/000154256714000015/akam10q3312014.htm,2.53771300488354,0.407375285567697,0.4981561819655644,0.0280742006551254,3.9066058806782458,15.176659943351668,8.414672272262512,15.176659943351668,3.3055258851488536,10402417991.79,10744405991.79,35.7225892575206,22.93797599964278,116.85090360682072,2073.433923019733,3.83549478062198,3.83549478062198,23.692080722444445,62.059400060012365,120.6924726395426,2141.599759176799,0.0069983728838291,0.0004822917137111,0.2178032516698038,0.1617733244383391,1.9753134909403864,4.616562784107197,0.0,1.2228434065934066,0.0,0.0,0.1426653024683463,0.0622577188193216,0.3309334923916032,0.9436437774507712,0.1852384333475927,1.5697361536736676,0.0553779255659291,11.79442300469595,0.0215770763858003,0.0297983169681358,0.0238241796470394,883114000.0,1503744000.0,187953000.0,2595116000.0,286971000.0,67708500.0,29876000.0,59.9244545779291,39.77903045583474,24.50806520929433,1.5018910165124488,2.262498582008524,3.672260508180336,0.0268422226687732,0.4700819813104389,2014-05-01,0.53,amc,414405172.0,2025-04-22,2014-03-31,0.0943396226415093,55.22344262295082,2719536.557377049
2013-12-31,AKAM,USD,1086222,2014-03-03,2014-03-03 16:16:52,2013,Q4,435980000.0,133987000.0,301993000.0,0.6926762696,26520000,62410000.0,82054000.0,144464000.0,15253000.0,186237000.0,320224000.0,1534000.0,0.0,49976000.0,167925000.0,0.3851667508,115756000.0,0.2655075921,1139000.0,116895000.0,0.2681200973,36546000.0,80349000.0,0.1842951512,0.45,0.44,178757999,182257999,https://www.sec.gov/Archives/edgar/data/1086222/000154256714000009/0001542567-14-000009-index.htm,https://www.sec.gov/Archives/edgar/data/1086222/000154256714000009/akam10k123113.htm,2.4389398093452592,0.449484780818116,0.9606954707520527,0.6119838027499961,3.769878851687079,14.709445253971545,10.039461227130875,14.709445253971545,0.0,8433802392.82,8099911392.82,26.241155436968725,19.34447083081793,49.11025547259684,77.09354363300639,3.207462904643628,3.207462904643628,18.57863065466306,48.23529190305196,47.16599930601169,74.04143982760039,0.0095270195171283,0.0129712548272572,0.0,0.0,-1.9883340777132648,3.912792685985272,0.0,2.13732591569279,0.0,0.0,0.1431487682921235,0.0608284783705674,0.2822467571766432,0.3629783616332425,0.1429767420523877,1.2472987033776213,0.0542983623101977,12.196828069567646,0.029528868211925,0.0378489114828478,3.135524022060685,766548000.0,1794634000.0,701460000.0,2051632000.0,264220500.0,61391500.0,21078000.0,56.14688747190238,49.511519774306464,14.598878995723464,1.6029383649278646,1.817758784425451,6.16485690622987,0.030557561693005,0.3487116680020568,2014-02-05,0.52,amc,412218181.0,2025-04-22,2013-12-31,0.0576923076923077,47.1915,2232803.03125
2013-09-30,AKAM,USD,1086222,2013-11-12,2013-11-12 08:45:00,2013,Q3,395790000.0,132039000.0,263751000.0,0.6663912681,24857000,59501000.0,67811000.0,127312000.0,12061000.0,164230000.0,296269000.0,1458000.0,0.0,47954000.0,148628000.0,0.375522373,99521000.0,0.2514490007,1153000.0,100674000.0,0.2543621618,20918000.0,79756000.0,0.2015109022,0.45,0.44,178234999,181921999,https://www.sec.gov/Archives/edgar/data/1086222/000154256713000046/0001542567-13-000046-index.htm,https://www.sec.gov/Archives/edgar/data/1086222/000154256713000046/akam10q9302013.htm,2.2206076372239325,0.4474766485116652,0.8872387627976478,0.5470249981598732,3.177350145467221,14.26840976389828,9.605610624207426,14.26840976389828,0.0,9214749448.3,8979734448.300001,28.88418880178294,23.281915784380608,58.27067320298223,94.51122009764204,3.62338907106597,3.62338907106597,22.688128675054955,60.41751519431064,56.784525116196725,92.10078511882176,0.008655254323243,0.0105807543164385,0.0,0.0,-1.5812296471728071,3.1904885363529347,0.0,1.9827599177491348,0.0,0.0,0.1503347734909927,0.0628035069102301,0.2880547636584203,0.3834523229857655,0.1532075090325677,1.2645034825040664,0.0618484549887566,11.985722926326025,0.0303275529913952,0.0388286366794203,2.394988371503848,625218000.0,1712056000.0,568647000.0,1880897000.0,246869500.0,49721500.0,20422000.0,58.31569771848707,33.44898098289142,13.919978188262558,1.5433237279345533,2.690664927760683,6.465527372441485,0.0313613539221353,0.3402137646377746,2013-10-23,0.46,amc,364136000.0,2025-04-22,2013-09-30,0.0869565217391303,47.156328125,1724308.875
2013-06-30,AKAM,USD,1086222,2013-08-09,2013-08-09 11:10:39,2013,Q2,378106000.0,124705000.0,253401000.0,0.6701850804,20597000,56029000.0,67825000.0,123854000.0,11447000.0,155898000.0,280603000.0,1477000.0,0.0,44126000.0,143447000.0,0.3793830302,97503000.0,0.2578721311,1818000.0,99321000.0,0.2626803066,37426000.0,61895000.0,0.1636974817,0.35,0.34,177890999,181387999,https://www.sec.gov/Archives/edgar/data/1086222/000154256713000027/0001542567-13-000027-index.htm,https://www.sec.gov/Archives/edgar/data/1086222/000154256713000027/akam10q6302013.htm,2.125492588863364,0.3479377840809135,0.7292218309482876,0.3216801317755262,2.984647919145139,13.76052196997331,9.274915590304824,13.76052196997331,0.0,7643976227.03,7439111227.03,30.874772707932788,20.21649015627893,58.92582774725952,133.5799005142947,3.122701311313945,3.122701311313945,19.674671195458416,51.85965009397199,57.34656594124358,129.99984669072415,0.0080972256011383,0.0074861561967774,0.0,0.0,-1.4281581350603358,3.792950647470584,0.0,2.0958397285725825,0.0,0.0,0.1481833136739432,0.0544741421717719,0.2927963100903764,0.5588720494596137,0.1917398824668214,1.64297692970131,0.0655927173861298,10.37909554082907,0.0243175064960592,0.0321145258106978,2.4830964044448365,632810000.0,1649924000.0,581987000.0,1836412000.0,234807000.0,53972000.0,20422000.0,56.48082812756211,36.35219117116395,14.7386231506355,1.593461055435213,2.475779233670836,6.10640485750661,0.0252852170026794,0.4075416991727614,2013-07-24,0.46,amc,369880434.0,2025-04-22,2013-06-30,0.0,41.832703125,2740995.578125
2013-03-31,AKAM,USD,1086222,2013-05-10,2013-05-10 10:31:24,2013,Q1,368046000.0,120392000.0,247654000.0,0.672888715,21905000,49104000.0,62690000.0,111794000.0,12767000.0,146466000.0,266858000.0,1608000.0,0.0,42375000.0,145039000.0,0.3940784576,101188000.0,0.2749330247,1476000.0,102664000.0,0.2789433929,31177000.0,71487000.0,0.1942338729,0.4,0.39,177898999,181561999,https://www.sec.gov/Archives/edgar/data/1086222/000154256713000005/0001542567-13-000005-index.htm,https://www.sec.gov/Archives/edgar/data/1086222/000154256713000005/akam10q3312013.htm,2.0688480658623605,0.4018403723564515,0.5792050578092348,0.2223958550772958,2.884929105194122,13.405230009191902,8.887138257590758,13.405230009191902,0.0,6208675065.099999,6043400065.099999,21.7126018195616,16.869290972052404,60.25499869079968,156.92738512536647,2.60346148302336,2.60346148302336,16.42023025681572,41.66741404105103,58.65100994856366,152.74997636993226,0.0115140507838524,0.0063723740709826,0.0,0.0,-1.1395210943263536,3.924576115219269,0.0,1.441380950382587,0.0,0.0,0.1334181053455274,0.0595170168946273,0.3036891305177417,0.6160326086956521,0.172467571988284,1.4979587020648968,0.0623047119110111,11.009185206653347,0.0289389054802953,0.0387904300985998,2.4496652732711555,619744000.0,1581013000.0,569763000.0,1793063000.0,225552500.0,50432500.0,20422000.0,56.81224629530004,43.03990298358695,15.266629011894477,1.5841654901690714,2.091082780421718,5.895211046910195,0.0299763877293348,0.3568092027319389,2013-04-24,0.46,amc,393674418.0,2025-04-22,2013-03-31,-0.0652173913043478,37.92941666666666,3943727.5833333335
2012-12-31,AKAM,USD,1086222,2013-03-01,2013-03-01 16:20:00,2012,Q4,377872000.0,111882000.0,265990000.0,0.7039156116,20371000,58819000.0,85308000.0,144127000.0,5754000.0,170252000.0,282134000.0,1589000.0,0.0,54960000.0,157788000.0,0.4175699708,95738000.0,0.2533609265,1790000.0,97528000.0,0.2580979803,29236000.0,68292000.0,0.1807278655,0.38,0.38,177478999,181767999,https://www.sec.gov/Archives/edgar/data/1086222/000126643213000021/0001266432-13-000021-index.htm,https://www.sec.gov/Archives/edgar/data/1086222/000126643213000021/akam10k123112.htm,2.12910824451968,0.3847891884943525,0.8274443783627605,0.485606750576726,2.465536781622258,13.21707927820801,8.620033968075287,13.21707927820801,0.0,7260665849.089999,7058676849.089999,26.57948899245153,19.214617248936147,49.44138974144388,84.24512211046004,3.095237543702366,3.095237543702366,18.680073805653763,44.73519436896341,48.06594882733872,81.90145441886638,0.0094057489243303,0.0118701234557987,0.0,0.0,-1.280129033893579,3.5890886155786816,0.0,2.15038364669361,0.0,0.0,0.1556585298725494,0.0539097895583689,0.3137239596451163,0.4131245999428003,0.1605543676165474,1.1038755458515284,0.0566461658974467,10.697207916968877,0.0279597381626513,0.0382642255377229,2.011515458231765,525440000.0,1529875000.0,473511000.0,1686410000.0,227504500.0,48020000.0,10211000.0,52.107406740906974,34.82410039148389,16.427843620957795,1.7272016711080231,2.584417084382435,5.478503574576437,0.0291130271972252,0.3418376277860345,2013-02-06,0.5,amc,349907407.0,2025-04-22,2012-12-31,0.08,38.05615322580645,2567869.64516129
2012-09-30,AKAM,USD,1086222,2012-11-09,2012-11-09 13:12:26,2012,Q3,345321000.0,134200000.0,211121000.0,0.611376082,19351000,46100000.0,55206000.0,101306000.0,10305000.0,130962000.0,265162000.0,1593000.0,0.0,53457000.0,133940000.0,0.3878709954,80159000.0,0.2321289467,1352000.0,81511000.0,0.2360441444,33280000.0,48231000.0,0.1396700461,0.27,0.27,177454999,181052999,https://www.sec.gov/Archives/edgar/data/1086222/000126643212000082/0001266432-12-000082-index.htm,https://www.sec.gov/Archives/edgar/data/1086222/000126643212000082/akam10q9302012.htm,1.9459637764276227,0.2717928504228838,0.7973627161667054,0.4575920681727315,2.6216731149963266,12.735273803134731,8.204682923584475,12.735273803134731,0.0,6779668236.795,6597018236.795,35.14165286224109,19.63294510555396,47.91420419513626,83.49139475376222,2.999935501237202,2.999935501237202,19.104016948853385,49.25353319990294,46.62335498385114,81.24206591949705,0.0071140649240383,0.0119772822450656,0.0,0.0,-1.3636703001343886,3.539775502536164,0.0,2.9337148307105387,0.0,0.0,0.1334989763147911,0.0560377156327011,0.3165940395061301,0.4261180528071465,0.1746027609094147,1.1278760896404654,0.0655477077849305,8.824993953373115,0.0203869816589493,0.0277911906690836,2.044952252937095,540769000.0,1455962000.0,474173000.0,1675963000.0,221274000.0,48647500.0,0.0,61.56845369960124,35.37563338301044,0.0,1.4617875647668397,2.544124059223872,0.0,0.0213417359237288,0.3397706479939739,2012-10-24,0.41,amc,329239534.0,2025-04-22,2012-09-30,0.048780487804878,35.346714285714285,2811180.095238095
2012-06-30,AKAM,USD,1086222,2012-08-09,2012-08-09 15:00:00,2012,Q2,331306000.0,131300000.0,200006000.0,0.6036896404,17542000,47500000.0,56480000.0,103980000.0,11473000.0,132995000.0,264295000.0,1622000.0,0.0,50112000.0,117433000.0,0.3544547941,67011000.0,0.2022631646,2757000.0,69768000.0,0.2105847766,25529000.0,44239000.0,0.1335291241,0.25,0.24,178546999,181816999,https://www.sec.gov/Archives/edgar/data/1086222/000154256712000005/0001542567-12-000005-index.htm,https://www.sec.gov/Archives/edgar/data/1086222/000154256712000005/akam10q6302012.htm,1.8555674520186136,0.2477722966377049,0.8376057891625499,0.5265448342819808,2.781116472307664,12.403641687643264,7.958179123469894,12.403641687643264,0.0,5668867218.25,5485871218.25,32.03546202587084,17.11066874203908,37.90565969194661,60.29875887643198,2.5597321173530783,2.5597321173530783,16.558321365293715,46.714903121354304,36.68203178994597,58.35226211534575,0.0078038518626048,0.0165840892687238,0.0,0.0,-1.5583013292686043,4.56192870752237,0.0,3.380546576550103,0.0,0.0,0.1433719884336534,0.052948029917961,0.3245550332518801,0.3713691558788916,0.1676365655919301,1.1082974137931034,0.077333341382287,8.315574106543538,0.0186385814346072,0.0267814549971789,2.354304482037248,590753000.0,1420909000.0,525662000.0,1700343000.0,211085500.0,38745000.0,0.0,56.0461929454945,30.534196496572733,0.0,1.605818259369123,2.947514928388632,0.0,0.0199757702517753,0.311060954880569,2012-07-25,0.37,amc,285072093.0,2025-04-22,2012-06-30,0.1621621621621621,32.29190476190476,3574235.4444444445
2012-03-31,AKAM,USD,1086222,2012-05-10,2012-05-10 13:12:57,2012,Q1,319448000.0,124900000.0,194548000.0,0.6090130475,17480000,51642000.0,48995000.0,100637000.0,4852000.0,122969000.0,247869000.0,1633000.0,0.0,45634000.0,117298000.0,0.3671896521,71579000.0,0.2240708973,1205000.0,72784000.0,0.2278430292,29557000.0,43227000.0,0.1353177982,0.24,0.24,178119999,182341999,https://www.sec.gov/Archives/edgar/data/1086222/000126643212000032/0001266432-12-000032-index.htm,https://www.sec.gov/Archives/edgar/data/1086222/000126643212000032/akam10q3312012.htm,1.793442633019552,0.2426847083016208,0.5193296683097332,0.2759880994609707,2.271176747536362,12.3578936242864,7.871328362179027,12.3578936242864,0.0,6537003963.3,6392279963.3,37.80625513741412,20.463436813816333,70.66802118093467,132.97674817022315,2.969761766509721,2.969761766509721,20.01039281291478,54.49606952633464,69.10348813876307,130.03275012307003,0.0066126623515428,0.0075201117019338,0.0,0.0,-1.2338147282988627,4.574862998020708,0.0,2.1399356883429337,0.0,0.0,0.1616601136961258,0.0547193909493876,0.3310306289916234,0.468568586964747,0.1356840549948661,0.9498181180698602,0.0655004883423906,8.21456728697435,0.0187639990015275,0.0267664249079395,1.9846353693276184,531003000.0,1402041000.0,466611000.0,1633668000.0,213395500.0,35595500.0,0.0,60.81412311236884,23.7386709367494,0.0,1.4799193903314725,3.791282175813502,0.0,0.01963803182645,0.2433415688487624,2012-04-25,0.38,amc,296029268.0,2025-04-22,2012-03-31,0.0789473684210525,35.152096774193545,3465740.85483871
2011-12-31,AKAM,USD,1086222,2012-02-29,2012-02-29 11:20:49,2011,Q4,323740000.0,102544000.0,221196000.0,0.6832519923,15191000,51016000.0,66609000.0,117625000.0,9044000.0,141860000.0,244404000.0,1995000.0,0.0,43650000.0,131804000.0,0.4071291777,79336000.0,0.2450608513,8818000.0,88154000.0,0.2722987583,28073000.0,60081000.0,0.1855841107,0.34,0.33,178915999,182955999,https://www.sec.gov/Archives/edgar/data/1086222/000126643212000010/0001266432-12-000010-index.htm,https://www.sec.gov/Archives/edgar/data/1086222/000126643212000010/akam10k123111.htm,1.8094524906070584,0.3358056313342888,0.7596134541327408,0.4993237077697003,4.7465067671225984,12.051745020298604,9.266639144998988,12.051745020298604,0.0,5775408447.72,5216211447.72,24.03175899086234,17.839650484092175,42.49529787074985,64.64744112428221,2.6784502945947826,2.6784502945947826,16.11234771026132,39.57551703832964,38.38074159329542,58.38803012995736,0.0104029005989556,0.0154685163497428,0.0,0.0,-4.242640587539073,7.561189282441102,0.0,2.2620628817762687,0.0,0.0,0.1575832458145425,0.0469234570951998,0.212449280558823,0.3426607900991119,0.1438500030888985,1.0668957617411226,0.058194847717304,9.542457048238573,0.0246101253877615,0.0325254263071533,4.57296722804538,973628000.0,1657950000.0,932769000.0,1764971000.0,196800500.0,34298000.0,0.0,58.64039043677025,33.568321891090655,0.0,1.5347783213865818,2.6810991711768244,0.0,0.027863652173913,0.2602897463630405,2012-02-08,0.4,amc,287733333.0,2025-04-22,2011-12-31,0.1249999999999999,27.014444444444447,5148697.253968254
2011-09-30,AKAM,USD,1086222,2011-11-09,2011-11-09 14:27:26,2011,Q3,281856000.0,93284000.0,188572000.0,0.6690366712,13542000,50834000.0,54520000.0,105354000.0,4343000.0,123239000.0,216523000.0,2703000.0,0.0,41761000.0,107252000.0,0.3805205495,65333000.0,0.2317956687,2814000.0,68147000.0,0.2417794902,25862000.0,42285000.0,0.1500234162,0.23,0.23,183084999,185703999,https://www.sec.gov/Archives/edgar/data/1086222/000144530511003341/0001445305-11-003341-index.htm,https://www.sec.gov/Archives/edgar/data/1086222/000144530511003341/akam10q93011.htm,1.5394816699318987,0.2309582993197602,0.6351639983350028,0.3767211971309566,3.755446944072136,11.590305112872738,8.845044699702568,11.590305112872738,0.0,3639729780.12,3284130780.12,21.5190361837531,12.913437287551089,31.299003174160926,52.771121326335326,1.7152266317752358,1.7152266317752358,11.65180368741485,30.620694999813523,28.241112917988804,47.61542046221655,0.0116176206901287,0.0189497584069897,0.0,0.0,-3.315546563234252,6.65677069082216,0.0,2.7501241575026607,0.0,0.0,0.1803545072661217,0.0480458106267029,0.2183429143116053,0.4068914514700444,0.1678765043142597,1.1330427911209022,0.0537189202997275,7.760781922138368,0.0187413043241019,0.0235002703767657,3.5208714723809784,785601000.0,1619395000.0,744533000.0,1573693000.0,180462500.0,29701000.0,0.0,58.32712448910082,29.28058402298358,0.0,1.5430213779322803,3.0737091831691323,0.0,0.0199268524055718,0.2584428012040462,2011-10-26,0.33,amc,273608823.0,2025-04-22,2011-09-30,0.0303030303030303,24.15515625,4700259.515625
2011-06-30,AKAM,USD,1086222,2011-08-09,2011-08-09 14:26:08,2011,Q2,276989000.0,89647000.0,187342000.0,0.6763517685,11006000,45975000.0,52837000.0,98812000.0,4292000.0,114110000.0,203757000.0,3021000.0,0.0,41333000.0,114565000.0,0.4136084826,73232000.0,0.2643859503,2989000.0,76221000.0,0.2751769926,28300000.0,47921000.0,0.1730068703,0.26,0.25,186611999,190178999,https://www.sec.gov/Archives/edgar/data/1086222/000144530511002451/0001445305-11-002451-index.htm,https://www.sec.gov/Archives/edgar/data/1086222/000144530511002451/akam10q63011.htm,1.4843043399368976,0.2567948484384436,0.5993612447182456,0.3703298843071714,2.664758979405178,11.940898827197064,9.2250981138678,11.940898827197064,0.0,5872679608.53,5667050608.53,30.63729684548528,21.201851367852157,52.50589736544239,84.97828917824275,2.635479996557937,2.635479996557937,20.459478927069306,49.46581074961812,50.66742908706458,82.00281600581698,0.0081599888286763,0.0117677116081084,0.0,0.0,-1.7948675424431546,5.413912679874268,0.0,2.3340080549237285,0.0,0.0,0.165981320557856,0.0397344298871074,0.2108026582379045,0.3821257420785351,0.1543021564033228,1.0340405971015896,0.0419222423995176,8.306210288233096,0.0203235405738016,0.0252568321678469,2.438948205040127,612245000.0,1721514000.0,575119000.0,1393423000.0,173958000.0,28800500.0,25500.0,57.92071165280932,29.167401028478366,0.0,1.5538483114551778,3.0856365951881046,0.0,0.0215054873301126,0.2290313604110741,2011-07-27,0.36,amc,284914285.0,2025-04-22,2011-06-30,-0.0277777777777778,33.955460317460314,5695714.666666667
2011-03-31,AKAM,USD,1086222,2011-05-10,2011-05-10 16:01:06,2011,Q1,275953000.0,89068000.0,186885000.0,0.6772348914,12594000,43901000.0,53365000.0,97266000.0,4277000.0,114137000.0,203205000.0,2951000.0,0.0,41134000.0,113882000.0,0.4126862183,72748000.0,0.2636246027,1925000.0,74673000.0,0.2706004283,24056000.0,50617000.0,0.1834261632,0.27,0.26,186848999,191382999,https://www.sec.gov/Archives/edgar/data/1086222/000119312511134164/0001193125-11-134164-index.htm,https://www.sec.gov/Archives/edgar/data/1086222/000119312511134164/d10q.htm,1.476877058356625,0.2708978922600489,0.4737033672842957,0.226257567481001,3.015900556149086,11.828738777455264,9.093412376268605,11.828738777455264,0.0,7100261962.0,6883087962.0,35.068563733528265,25.729968371425567,80.21897800273413,167.95018360298988,3.212514936285963,3.212514936285963,24.94297203509293,60.44052582497673,77.76533947193005,162.81313184785694,0.0071288919015802,0.0059541465126579,0.0,0.0,-1.9070090093254424,6.091308400760655,0.0,1.7486417606732916,0.0,0.0,0.1590886853920776,0.0456382065061804,0.2152152666394082,0.522364451876038,0.1675466474363388,1.1240093353430252,0.0569372320648806,8.491087036735351,0.0220074321055979,0.0271593266319902,2.816041310448765,682719000.0,1699095000.0,652203000.0,1460780000.0,172511000.0,27461500.0,25500.0,55.33203117922255,28.846723851439343,0.0515336596757533,1.626544301409912,3.1199383494465462,1746.4313725490197,0.0229016717129945,0.2474457998032946,2011-04-27,0.37,amc,268736842.0,2025-04-22,2011-03-31,0.027027027027027,42.90420967741936,5861089.548387097
2010-12-31,AKAM,USD,1086222,2011-03-01,2011-03-01 12:47:11,2010,Q4,284688000.0,86277000.0,198411000.0,0.6969419154,13775000,41793000.0,66230000.0,108023000.0,4267000.0,126065000.0,212342000.0,2842000.0,148000.0,39129000.0,113262000.0,0.3978460631,72346000.0,0.2541238127,1639000.0,73985000.0,0.2598809925,21475000.0,52510000.0,0.1844475355,0.28,0.27,186848999,191382999,https://www.sec.gov/Archives/edgar/data/1086222/000119312511051569/0001193125-11-051569-index.htm,https://www.sec.gov/Archives/edgar/data/1086222/000119312511051569/d10k.htm,1.5236260377290003,0.2810290677554017,0.590632010824955,0.3299937400253345,3.247922136312863,11.654357324119248,8.896140781573038,11.654357324119248,0.0007920834513006,8791245402.949999,8559379402.949999,41.85510094720053,30.88028087924324,79.66043007774626,142.5784622350346,4.0371166501500495,4.0371166501500495,30.065824351395207,75.57150150050325,77.55941430195996,138.81800552960635,0.0059729876249819,0.007013682040921,0.0,0.0,-2.047164980311137,5.914303036148563,488.8243243243243,2.1016758712626165,0.0,0.0,0.1468028157140448,0.0483863036025403,0.2190569377168807,0.4412870721916654,0.1710644635530826,1.2446011909325565,0.0649658573596358,8.584421728743605,0.0232598673461195,0.028579888162342,3.0148649605556623,713316000.0,1662235000.0,683396000.0,1484615000.0,166740500.0,28012000.0,301000.0,55.43942842690946,27.51312632567196,0.0,1.6233933601724393,3.271165876777251,0.0,0.0241136477919549,0.2606382707996204,2011-02-09,0.38,amc,270465000.0,2025-04-22,2010-12-31,0.0526315789473684,49.45046875,4592911.828125
2010-09-30,AKAM,USD,1086222,2010-11-09,2010-11-09 15:00:45,2010,Q3,253551000.0,77812000.0,175739000.0,0.6931110506,14235000,42729000.0,55603000.0,98332000.0,4130000.0,116697000.0,194509000.0,2809000.0,222000.0,36479000.0,97013000.0,0.3826173038,59042000.0,0.2328604502,1270000.0,60312000.0,0.2378693044,20603000.0,39709000.0,0.1566114904,0.22,0.21,181456999,191270999,https://www.sec.gov/Archives/edgar/data/1086222/000119312510253961/0001193125-10-253961-index.htm,https://www.sec.gov/Archives/edgar/data/1086222/000119312510253961/d10q.htm,1.3973062565638483,0.2188342153724255,0.6500879031951807,0.4183084720804845,3.3451120835520927,11.210077380371532,8.346186745874707,11.210077380371532,0.3242751744174938,9105512209.82,8966565209.82,57.32650161059206,35.911955424431376,77.18956121682221,119.95932033225742,4.476329493306039,4.476329493306039,35.36395127536472,92.42642954882336,76.01167493044429,118.12878215954152,0.0043609847623042,0.008336159268244,0.0288179762819501,0.025906506766981,-1.432251347757517,4.254258941664802,265.9549549549549,2.9706867460777158,0.0,0.0,0.1685223091212419,0.0561425512027166,0.2296641434854548,0.3565355238506989,0.1658758987343769,1.1509495922500137,0.0733146388694976,7.429390350186887,0.0188557848205566,0.0227809525557935,2.7404633204586397,654643000.0,1514474000.0,627203000.0,1413824000.0,161344500.0,31589000.0,602000.0,56.124211697055024,34.293039633989615,0.696293630802447,1.6035859975334408,2.6244392728253905,129.25581395348837,0.0195212047113605,0.2317794311146962,2010-10-27,0.33,amc,246141176.0,2025-04-22,2010-09-30,0.0303030303030303,45.6170328125,4797197.328125
2010-06-30,AKAM,USD,1086222,2010-08-09,2010-08-09 16:01:56,2010,Q2,245318000.0,71840000.0,173478000.0,0.7071556103,13577000,43707000.0,55203000.0,98910000.0,4152000.0,116639000.0,188479000.0,3262000.0,618000.0,34674000.0,94730000.0,0.3861518519,56839000.0,0.2316951875,2599000.0,59438000.0,0.2422895996,21315000.0,38123000.0,0.1554023757,0.22,0.2,173316999,190478999,https://www.sec.gov/Archives/edgar/data/1086222/000119312510183302/0001193125-10-183302-index.htm,https://www.sec.gov/Archives/edgar/data/1086222/000119312510183302/d10q.htm,1.4154295390263478,0.2199611129892688,0.4983931206886406,0.1170283360375977,2.9055776577345425,11.384272814462935,8.362047625807323,11.384272814462935,0.3703041269483324,7031470649.43,6974526649.43,46.11042316600215,28.662677216633107,81.40160511032646,346.66817775624907,3.563688314677297,3.563688314677297,28.430554013280723,73.62532090604877,80.74237843748553,343.86070351673817,0.0054217676359198,0.0028846028108848,0.0322144780161857,0.028852500093055,-0.6011189697033674,3.8940670756728086,91.97249190938513,2.265823780919655,0.0,0.0,0.1781646679004394,0.0553444916394231,0.237768259435551,0.7651887010882149,0.2694339591876666,1.896178782488955,0.0826519048744894,7.506143462122327,0.0181992211894926,0.0227031404929147,2.2929516567500685,578333000.0,1449285000.0,548257000.0,1330024000.0,156635000.0,29741000.0,602000.0,60.3773877171671,42.004593541202674,0.7541759465478841,1.4906242784400938,2.1426228041397,119.33554817275748,0.0193214899690231,0.3813647846510428,2010-07-28,0.34,amc,245300000.0,2025-04-22,2010-06-30,0.0,38.77626984126984,4571758.888888889
2010-03-31,AKAM,USD,1086222,2010-05-10,2010-05-10 16:13:15,2010,Q1,240029000.0,67474000.0,172555000.0,0.7188923005,13179000,39550000.0,49668000.0,89218000.0,4108000.0,106505000.0,173979000.0,3250000.0,709000.0,32960000.0,102306000.0,0.426223498,66050000.0,0.275175083,2587000.0,68637000.0,0.2859529474,27759000.0,40878000.0,0.1703044215,0.24,0.22,171100999,189012999,https://www.sec.gov/Archives/edgar/data/1086222/000119312510114602/0001193125-10-114602-index.htm,https://www.sec.gov/Archives/edgar/data/1086222/000119312510114602/d10q.htm,1.4028497869845868,0.238911521492636,0.5128725168927857,0.3072045184259853,3.533117886705033,10.405836379716288,7.404614861424625,10.405836379716288,1.1714367605767164,5375993388.58,5402494388.58,32.878280423332846,22.397266116094304,61.26278746686723,102.2771414983924,3.019459354679634,3.019459354679634,22.507673608522303,52.80720963169316,61.56478284024477,102.78131743964386,0.0076038039940367,0.0097773557742197,0.1121767599071919,0.0943575396032377,0.2590366156432663,2.762813693376749,93.15937940761636,2.146704829003376,0.0,0.0,0.1647717567460598,0.0549058655412471,0.2426022224395433,0.4010119312160268,0.1466072849530681,1.060898402170636,0.0796070474817626,7.479082132343009,0.0195985776914199,0.0254982157237125,2.2215475200118497,545166000.0,1266937000.0,518191000.0,1248889000.0,151482500.0,24975000.0,301000.0,55.75426302655096,34.61733408423986,0.8029759611109464,1.6142263409910151,2.599853581474203,112.08305647840533,0.0229593771009447,0.2056679984668003,2010-04-28,0.31,amc,212571428.0,2025-04-22,2010-03-31,0.129032258064516,27.727049180327867,3931299.672131148
2009-12-31,AKAM,USD,1086222,2010-03-01,2010-03-01 15:17:40,2009,Q4,238305000.0,67580000.0,170725000.0,0.7164138394,12520000,40233000.0,51608000.0,91841000.0,4142000.0,108503000.0,176083000.0,3410000.0,709000.0,32573000.0,97851000.0,0.4106124504,62222000.0,0.2611023688,2347000.0,64569000.0,0.2709510921,24489000.0,40080000.0,0.1681878265,0.23,0.21,171100999,189012999,https://www.sec.gov/Archives/edgar/data/1086222/000119312510044561/0001193125-10-044561-index.htm,https://www.sec.gov/Archives/edgar/data/1086222/000119312510044561/d10k.htm,1.3927738668550964,0.2342476095069439,0.7297970247385873,0.5588804306163052,3.312318474540292,10.161962876674965,7.136732147309087,10.161962876674965,1.1716120956137726,4335699314.66,4354149314.66,27.04403265132236,18.193908288369947,34.72198315562709,45.34064642781699,2.493612730879347,2.493612730879347,18.27133007977172,44.49774978957803,34.86973800270683,45.53358760428758,0.0092441834848833,0.0220552656123245,0.1148861060019945,0.0956905595661817,0.1885519820952264,2.325662327028076,87.76022566995769,3.115494011976048,0.0,0.0,0.1688298608925536,0.0525377142737248,0.2479604888120296,0.2341974389159839,0.1227166865991061,0.8977987904092346,0.0704894987515998,7.318425309763493,0.0197059670310639,0.025530451178108,1.950045598506412,433880000.0,1221102000.0,412385000.0,1133904000.0,153200500.0,24069500.0,970500.0,58.26235286712406,31.95812370523824,0.0,1.5447367909301286,2.816185356502896,0.0,0.0230514136244897,0.1709165941222821,2010-02-03,0.43,amc,301379411.0,2025-04-22,2009-12-31,-0.2093023255813952,23.269375,4523140.890625
2009-09-30,AKAM,USD,1086222,2009-11-09,2009-11-09 16:03:07,2009,Q3,206500000.0,61987000.0,144513000.0,0.6998208232,10904000,34655000.0,44106000.0,78761000.0,4103000.0,93768000.0,155755000.0,3434000.0,710000.0,31565000.0,85168000.0,0.4124358354,50745000.0,0.2457384988,2148000.0,52893000.0,0.2561404358,20148000.0,32745000.0,0.1585714286,0.19,0.18,171685999,188272999,https://www.sec.gov/Archives/edgar/data/1086222/000119312509229337/0001193125-09-229337-index.htm,https://www.sec.gov/Archives/edgar/data/1086222/000119312509229337/d10q.htm,1.202777169965968,0.1907260940946034,0.6051337942822,0.4235057047371696,3.3790117038023584,9.892746117288224,6.850622688225148,9.892746117288224,1.1676257887517083,3378780460.32,3375733460.32,25.796155598717363,16.36213297975787,32.52173351736883,46.46926778049787,1.9893364053493603,1.9893364053493603,16.347377531815983,39.63617157054293,32.492405266187326,46.427361577774725,0.0096913665698477,0.0215195988179456,0.1176104509651764,0.0984659414956885,-0.0357763479241029,7.0402248311499935,71.47183098591549,3.1727897388914337,0.0,0.0,0.167820823244552,0.0528038740920096,0.257454264392797,0.3001453418420875,0.1510072639225181,0.981369000786782,0.0659176755447941,6.5156050067087845,0.0163760283995066,0.0217375285535332,2.125819822966461,666267000.0,1176156000.0,446347000.0,1368383000.0,148334500.0,21710500.0,2635500.0,66.30450363196125,35.05218836207592,2.818171552099633,1.3573738595430285,2.5676000331372717,31.93560020607934,0.0192793883349838,0.1816280895450304,2009-10-28,0.35,amc,258124999.0,2025-04-22,2009-09-30,-0.1999999999999998,18.69246875,6719477.125
2009-06-30,AKAM,USD,1086222,2009-08-10,2009-08-10 16:07:02,2009,Q2,204600000.0,60009000.0,144591000.0,0.7067008798,9378000,35144000.0,41437000.0,76581000.0,4238000.0,90197000.0,150206000.0,4059000.0,710000.0,29678000.0,88420000.0,0.4321603128,54394000.0,0.2658553275,3638000.0,58032000.0,0.2836363636,22025000.0,36007000.0,0.1759872923,0.21,0.19,172560999,189555999,https://www.sec.gov/Archives/edgar/data/1086222/000119312509170630/0001193125-09-170630-index.htm,https://www.sec.gov/Archives/edgar/data/1086222/000119312509170630/d10q.htm,1.185667683808437,0.208662445214518,0.6095293873443558,0.4666639650133226,3.5737855226487185,9.740851117812548,6.690376195608372,9.740851117812548,1.1622846481086957,3309719960.82,3188491960.82,22.9796981199489,16.176539397947217,31.466899542883223,41.10023793984701,1.9690271176536729,1.9690271176536729,15.584027178983384,36.06075504207193,30.31433396545004,39.59482367400159,0.0108791681550843,0.0243307593854704,0.1188982509871252,0.1004816563346858,-1.371047274372314,8.921203629570323,76.6112676056338,2.921126447635182,0.0,0.0,0.1717693059628543,0.0458357771260997,0.2646560782716682,0.2343864386153392,0.1204936461388074,0.8248460920770878,0.0651026392961876,6.762571314673886,0.0177719804784759,0.0246188747669353,2.4262999891418104,712338000.0,1154498000.0,494187000.0,1413473000.0,146908500.0,18335000.0,1665000.0,63.57932551319648,28.914162875568667,4.994250862370644,1.4155544946968597,3.1126614450957,18.02072072072072,0.0214213771148753,0.1428654223310332,2009-07-29,0.41,amc,289262068.0,2025-04-22,2009-06-30,-0.2926829268292683,20.89428571428571,4298453.174603174
2009-03-31,AKAM,USD,1086222,2009-05-11,2009-05-11 15:39:07,2009,Q1,210368000.0,60362000.0,150006000.0,0.7130647247,10856000,36068000.0,42270000.0,78338000.0,4693000.0,93887000.0,154249000.0,4740000.0,710000.0,28678000.0,91126000.0,0.433174247,56119000.0,0.2667658579,5619000.0,61738000.0,0.2934761941,24657000.0,37081000.0,0.176267303,0.22,0.2,170518999,188182999,https://www.sec.gov/Archives/edgar/data/1086222/000119312509107041/0001193125-09-107041-index.htm,https://www.sec.gov/Archives/edgar/data/1086222/000119312509107041/d10q.htm,1.2336924403362233,0.2174596392041921,0.5305508508175092,0.3952756021046077,2.662483375239612,9.56692221727152,6.456858217892775,9.56692221727152,1.1762032452465898,3308068580.6,3292713580.6,22.302989270785577,15.725151071455734,36.565769275663484,49.07967984036082,2.027820396091071,2.027820396091071,15.652159932118954,36.13363453460044,36.396042628966825,48.85186760926975,0.0112092597527934,0.0203750310363199,0.1225095657440316,0.1030545884313612,-0.1685029519566314,7.018830590640768,79.04084507042253,2.439766996575065,0.0,0.0,0.1714519318527532,0.0516048068147246,0.2734603818261321,0.2549713161414407,0.1096507073319136,0.8043447939186833,0.0716221098265895,6.841742300569701,0.0182358595125568,0.0263174890896793,1.5129926959048123,547527000.0,1101017000.0,330526000.0,1252503000.0,144446000.0,19278000.0,0.0,63.86522665044114,25.930055332825287,0.0,1.4092175777063236,3.4708757403254555,0.0,0.0227303655517972,0.1352752487129014,2009-04-29,0.4,amc,271483870.0,2025-04-22,2009-03-31,-0.225,16.497868852459018,5433811.196721312
2008-12-31,AKAM,USD,1086222,2009-03-02,2009-03-02 15:23:19,2008,Q4,212554000.0,60688000.0,151866000.0,0.7144819669,10477000,0.0,0.0,80389000.0,6160000.0,97026000.0,157714000.0,0.0,0.0,27452000.0,84801000.0,0.3989621461,54840000.0,0.2580050246,5233000.0,60073000.0,0.2826246507,19540000.0,40533000.0,0.1906950704,0.24,0.22,170518999,188182999,https://www.sec.gov/Archives/edgar/data/1086222/000119312509042423/0001193125-09-042423-index.htm,https://www.sec.gov/Archives/edgar/data/1086222/000119312509042423/d10k.htm,1.2465121261942196,0.2377037176954106,0.5423032069288655,0.422457323948987,1.9389686893482176,9.199971904596977,6.06687234892811,9.199971904596977,1.1720394863448618,2573131694.91,2616912694.91,15.870597383058248,12.105778742860638,27.825762059303795,35.7195843095909,1.6402224002944985,1.6402224002944985,12.311754636045428,30.859455606773505,28.299208362549063,36.32734143440177,0.0157524001123532,0.0279958465174941,0.1273959853898277,0.106252103324329,0.516279289159326,4.996306840805925,0.0,2.2814250117188464,0.0,0.0,0.0,0.0492910036978838,0.2840334490372157,0.2209942361554183,0.0961449796287061,0.744426635582107,0.2723966615542403,7.014593309619642,0.0207819413850359,0.0300980620747933,0.7222596937717186,401453000.0,1034517000.0,189728000.0,1110189000.0,133273000.0,23702000.0,0.0,59.11476613001873,31.387588979699444,0.0,1.522462252528436,2.867375383888495,0.0,0.0258374395226833,0.1198458829798783,2009-02-04,0.4,amc,193272727.0,2025-04-22,2008-12-31,0.0999999999999999,13.72375,4492902.796875
2008-09-30,AKAM,USD,1086222,2008-11-10,2008-11-10 16:10:51,2008,Q3,197347000.0,56659000.0,140688000.0,0.712896573,9943000,33776000.0,42027000.0,75803000.0,3173000.0,88919000.0,145578000.0,5678000.0,684000.0,24150000.0,81752000.0,0.4142550938,51769000.0,0.2623247376,5149000.0,56918000.0,0.2884158361,23558000.0,33360000.0,0.1690423467,0.2,0.18,168473999,187768999,https://www.sec.gov/Archives/edgar/data/1086222/000119312508231714/0001193125-08-231714-index.htm,https://www.sec.gov/Archives/edgar/data/1086222/000119312508231714/d10q.htm,1.1713795670036895,0.1980127509171311,0.5533079321041107,0.3370846560127061,1.78908912822803,8.93985427389303,6.334757923090554,8.93985427389303,1.1903261107964795,2938186542.5600004,2996019542.5600004,22.018784041966427,14.888427706324396,31.51951921903495,51.73774507061104,1.950814796940244,1.950814796940244,15.181480045604951,36.64766051668461,32.13992514922011,52.756110980102136,0.0113539421397437,0.0193282486245817,0.1326941246224603,0.1109777178310104,0.7074200019571386,5.556168722107587,75.68567251461988,2.7943045563549163,0.0,0.0,0.1711503088468535,0.0503833349379519,0.2437122991997699,0.3907828960072089,0.1845885673458426,1.5084057971014493,8.61426826858275e-06,6.3110708754827165,0.0176664459089437,0.0244940035213801,0.6047906537791626,379784000.0,1067242000.0,168416000.0,993144000.0,126349500.0,26045500.0,0.0,57.88818679787379,41.67934485253887,0.0,1.5547213512534073,2.1593429627653493,0.0,0.0221494383298154,0.2162232760914044,2008-10-30,0.39,amc,192367500.0,2025-04-22,2008-09-30,0.0256410256410256,24.3975,6901851.28125
2008-06-30,AKAM,USD,1086222,2008-08-11,2008-08-11 16:05:53,2008,Q2,194004000.0,53688000.0,140316000.0,0.7232634379,9519000,0.0,0.0,74991000.0,3491000.0,88001000.0,141689000.0,0.0,0.0,23621000.0,75936000.0,0.39141461,52315000.0,0.2696593885,3874000.0,56189000.0,0.2896280489,21855000.0,34334000.0,0.1769757325,0.21,0.19,167416999,187640999,https://www.sec.gov/Archives/edgar/data/1086222/000119312508173424/0001193125-08-173424-index.htm,https://www.sec.gov/Archives/edgar/data/1086222/000119312508173424/d10q.htm,1.158807057579619,0.2050807277939559,0.4168871764330216,0.2358422396521395,1.7423380047566135,8.736251448396827,6.095754947799536,8.736251448396827,1.1937557189159749,5824437395.21,5858875395.21,42.41012840922992,30.022254155635967,83.45183533269335,147.51386372226725,3.9822571735139616,3.9822571735139616,30.1997659595163,77.15543872748104,83.94525883614638,148.3860651203019,0.0058948182751927,0.0067790238474314,0.1366439285736262,0.113850441234191,0.4535134850400337,5.584040225221902,0.0,2.032795479699423,0.0,0.0,0.0,0.0490659986392033,0.2518284829188734,0.4342780181677508,0.1562338920846993,1.2831802209897971,8.24725263396631e-06,6.34915963869511,0.0190952091079783,0.0261422481236956,0.5566982478284658,372875000.0,1020533000.0,161397000.0,973006000.0,124236500.0,24502500.0,0.0,58.34338467248098,43.33705856057219,0.0,1.542591340993122,2.076744545876528,0.0,0.0234746823629475,0.1810449367808821,2008-07-30,0.41,amc,194000000.0,2025-04-22,2008-06-30,0.0,35.34125,4666422.3125
2008-03-31,AKAM,USD,1086222,2008-05-12,2008-05-12 16:01:27,2008,Q1,187019000.0,51575000.0,135444000.0,0.7242258808,9304000,0.0,0.0,69210000.0,3590000.0,82104000.0,133679000.0,0.0,0.0,22857000.0,76197000.0,0.4074291917,53340000.0,0.285211663,8015000.0,61355000.0,0.3280682711,24444000.0,36911000.0,0.1973649736,0.22,0.2,165958999,185743999,https://www.sec.gov/Archives/edgar/data/1086222/000119312508111487/0001193125-08-111487-index.htm,https://www.sec.gov/Archives/edgar/data/1086222/000119312508111487/d10q.htm,1.1268988191474931,0.2224103557047846,0.5303056811038008,0.3603118864316601,1.9418410688292955,8.421471619023203,5.7367422419799,8.421471619023203,1.219096290162608,4673405411.84,4667230411.84,31.65320237761101,24.988933808008813,53.101448850003976,78.15451296620232,3.343833628363667,3.343833628363667,24.95591577240815,61.2521544396761,53.0312855712484,78.05124691606602,0.0078980950179255,0.0127951664215788,0.1447604819339176,0.1190694083076689,-0.0810399359554838,5.290722545284406,0.0,2.384356966757877,0.0,0.0,0.0,0.0497489559884289,0.2622181208902898,0.3205581247372427,0.1508509830551976,1.234282714266964,0.0601596629219491,6.491764491473465,0.0199384731099623,0.0294434845591414,0.6793183899596792,385161000.0,952064000.0,173369000.0,976678000.0,120826000.0,20846500.0,0.0,59.05132633582683,40.40271449345614,0.0,1.5240978583303453,2.227573100678098,0.0,0.0264099157209511,0.1699937946721406,2008-04-30,0.39,amc,177878048.0,2025-04-22,2008-03-31,0.0512820512820511,31.309634426229508,5709292.065573771
2007-12-31,AKAM,USD,1086222,2008-02-29,2008-02-29 16:14:04,2007,Q4,183238000.0,49394000.0,133844000.0,0.7304380096,10466000,0.0,0.0,69497000.0,2835000.0,82798000.0,132192000.0,0.0,0.0,20436000.0,71482000.0,0.3901046726,51046000.0,0.2785775876,6894000.0,57940000.0,0.316200788,22062000.0,35878000.0,0.1957999978,0.22,0.19,165958999,185743999,https://www.sec.gov/Archives/edgar/data/1086222/000119312508043671/0001193125-08-043671-index.htm,https://www.sec.gov/Archives/edgar/data/1086222/000119312508043671/d10k.htm,1.1041160835153023,0.2161859267420623,0.3882344457862149,0.2924216239699059,3.2909875528955195,8.186070102772794,5.479757081446364,8.186070102772794,1.2042432239543697,5742181365.400001,5796958365.400001,40.01185521350131,31.337284653838186,89.12140686005183,118.32230301669073,4.226692364664731,4.226692364664731,31.636223738525853,81.09675674155733,89.9715721531561,119.4510275169998,0.0062481481717359,0.0084514920222516,0.1471088335227507,0.120681961321146,0.7663048040066031,7.864690240452616,0.0,1.7958358882880874,0.0,0.0,0.0,0.0571169735535205,0.2712102977753651,0.2467911409104313,0.0867778517556402,0.7780876883930319,0.3632161451227365,6.31019380920484,0.0201630510304682,0.0297271544688502,2.035936599015037,606667000.0,909415000.0,397547000.0,1190350000.0,113574500.0,23002000.0,0.0,58.421069865420925,33.78143094302952,0.0,1.5405400860909335,2.664185544768069,0.0,0.02640900017077,0.0958128218163089,2008-02-06,0.37,amc,165326829.0,2025-04-22,2007-12-31,0.108108108108108,35.897971875,5691446.515625
2007-09-30,AKAM,USD,1086222,2007-11-09,2007-11-09 16:06:33,2007,Q3,161240000.0,43811000.0,117429000.0,0.7282870256,11408000,0.0,0.0,67415000.0,2835000.0,81658000.0,125469000.0,0.0,0.0,18822000.0,54593000.0,0.3385822377,35771000.0,0.221849417,7185000.0,42956000.0,0.26641032,18692000.0,24264000.0,0.1504837509,0.15,0.13,165473999,185105999,https://www.sec.gov/Archives/edgar/data/1086222/000119312507242428/0001193125-07-242428-index.htm,https://www.sec.gov/Archives/edgar/data/1086222/000119312507242428/d10q.htm,0.974412904591736,0.1466333088378434,0.4674510827528861,0.3264863381950417,2.640058272840798,7.685781498518084,4.916506550373512,7.685781498518084,1.2077728296153645,4757377471.25,4804428471.25,49.01683019339351,29.504945864859835,61.50376169991338,88.05881483109671,3.7406736069121096,3.7406736069121096,29.79675310871992,88.00447806953272,62.11204084304017,88.92972644608977,0.0051002890030554,0.0113560465459144,0.1571437894569652,0.1269226861083944,0.8618504203835656,6.039922525745372,0.0,3.187891526541378,0.0,0.0,0.0,0.070751674522451,0.2910181504108928,0.3015604193869504,0.1446663358967998,1.1991568990335184,5.581741503349045e-06,5.035604270887325,0.013651102568241,0.021734593242247,1.3004565750538246,476187000.0,813554000.0,267847000.0,1068615000.0,103681000.0,26906500.0,0.0,60.39723393698834,56.41870763050376,0.0,1.4901344669839656,1.5952155549082436,0.0,0.0190785164613535,0.1409647445578444,2007-10-24,0.33,amc,156458823.0,2025-04-22,2007-09-30,0.0303030303030303,36.53406666666667,6303572.047619048
2007-06-30,AKAM,USD,1086222,2007-08-09,2007-08-09 16:01:34,2007,Q2,152654000.0,39759000.0,112895000.0,0.7395482595,11663000,0.0,0.0,67518000.0,2754000.0,81935000.0,121694000.0,0.0,0.0,17788000.0,48570000.0,0.3181705032,30960000.0,0.202811587,4671000.0,35631000.0,0.2334101956,13985000.0,21646000.0,0.1417977911,0.13,0.12,164797999,185600999,https://www.sec.gov/Archives/edgar/data/1086222/000119312507177435/0001193125-07-177435-index.htm,https://www.sec.gov/Archives/edgar/data/1086222/000119312507177435/d10q.htm,0.9263097909338086,0.1313486822130649,0.2265136726569113,0.0463415820965156,2.163151264961657,7.465509335462259,4.625201790223193,7.465509335462259,1.2133642472200163,8015774671.36,8115572671.36,92.57801292802364,52.509430944226814,214.7331745120416,1049.5973119497185,6.51529558324345,6.51529558324345,53.16318387569274,167.09023412312126,217.40664553992875,1062.6650086892755,0.0027004252099725,0.0009527463424448,0.1625293322528389,0.1315547953091334,2.054725138974676,5.78371338647244,0.0,1.724521851612307,0.0,0.0,0.0,0.0764015354985784,0.3079504597115084,0.795413753382089,0.1945052209571973,1.669215201259276,5.24060948288286e-06,4.697143631868393,0.0130881818434759,0.020578040836659,0.8566654380311984,396699000.0,762224000.0,189952000.0,990553000.0,93015000.0,30874000.0,0.0,58.45985038059926,59.64460876782615,0.0,1.5395181379025182,1.508937720596607,0.0,0.0175940684434134,0.1801720905603957,2007-07-25,0.3,amc,152700000.0,2025-04-22,2007-06-30,0.0,47.160114285714286,4904198.920634921
2007-03-31,AKAM,USD,1086222,2007-05-10,2007-05-10 16:16:45,2007,Q1,139274000.0,34480000.0,104794000.0,0.7524304608,10604000,0.0,0.0,64227000.0,2812000.0,77643000.0,112123000.0,0.0,0.0,15059000.0,42210000.0,0.3030716429,27151000.0,0.1949466519,4527000.0,31678000.0,0.2274509241,12499000.0,19179000.0,0.1377069661,0.12,0.11,161568999,183156999,https://www.sec.gov/Archives/edgar/data/1086222/000095013507003075/0000950135-07-003075-index.htm,https://www.sec.gov/Archives/edgar/data/1086222/000095013507003075/b65115ate10vq.htm,0.8620094254591502,0.1187047027505567,0.348321771802275,0.153092487748841,2.11793105185977,7.187752645543097,4.379082648150837,7.187752645543097,1.2376136587935411,8065524430.08,8141239430.08,105.13484058188644,57.91119972198688,143.31576157788123,326.0773976179503,6.945147177672266,6.945147177672266,58.4548403153496,192.87466074579484,144.66113632467395,329.13844471720233,0.0023778986929198,0.0030667565654815,0.1721836740668791,0.1363391214049557,1.7937692489931296,4.565890300463804,0.0,2.9343552844256737,0.0,0.0,0.0,0.0761376854258512,0.3094112585459115,0.5604854472440385,0.2264816117868374,2.0946277973305,0.120840932263021,4.381489578643173,0.012020993316641,0.0189358074252376,0.6314809810760789,353665000.0,707524000.0,147526000.0,917006000.0,86552500.0,29014500.0,0.0,56.138044430403376,92.3987819025522,0.0,1.603190864825665,0.9740388146557812,0.0,0.0165148563959225,0.195229284053434,2007-04-25,0.28,amc,139300000.0,2025-04-22,2007-03-31,0.0,53.36020491803279,4281852.147540984
2006-12-31,AKAM,USD,1086222,2007-03-01,2007-03-01 16:01:53,2006,Q4,125703000.0,28605000.0,97098000.0,0.7724397986,9141000,0.0,0.0,59507000.0,2047000.0,70695000.0,99300000.0,0.0,0.0,12013000.0,38416000.0,0.3056092536,26403000.0,0.2100427197,4927000.0,31330000.0,0.2492382839,10707000.0,20623000.0,0.1640613191,0.13,0.11,161568999,183156999,https://www.sec.gov/Archives/edgar/data/1086222/000095013507001307/0000950135-07-001307-index.htm,https://www.sec.gov/Archives/edgar/data/1086222/000095013507001307/b63630ate10vk.htm,0.778014351626948,0.1276420608386637,0.1396926399228357,0.0005817947785886,1.6701285622249848,5.908887261225156,4.062846239457112,5.908887261225156,1.2378612310397492,8582545226.879999,8701950226.88,104.0409400533385,68.27637547934417,380.263412799291,91303.67262638298,8.989848283039679,8.989848283039679,69.22627325425805,226.51890428154937,385.5538425733274,92573.93858382976,0.0024029002416917,1.0952461946323083e-05,0.2094914281344893,0.1602651426520034,3.1082101207830077,4.197358397562288,0.0,1.0944091548271349,0.0,0.0,0.0,0.0727190281854848,0.2390058112140725,0.9958351794417368,0.1788024152168206,1.8709731124615,0.3942308457236502,4.1194668725379255,0.0149998083362198,0.0217159873598064,0.2554698008619834,285409000.0,656430000.0,81434000.0,670295000.0,76803500.0,21278000.0,0.0,61.739815278871625,71.20083901415836,0.0,1.4577303089340383,1.2640300486080425,0.0,0.0216017086120878,0.139110845144247,2007-02-07,0.26,amc,121044444.0,2025-04-22,2006-12-31,0.0384615384615384,50.40404761904762,5061581.793650794
2006-09-30,AKAM,USD,1086222,2006-11-09,2006-11-09 16:06:16,2006,Q3,111495000.0,24984000.0,86511000.0,0.7759182026,8862000,0.0,0.0,53945000.0,1943000.0,64750000.0,89734000.0,0.0,0.0,10732000.0,32493000.0,0.291430109,21761000.0,0.1951746715,3522000.0,25283000.0,0.226763532,11264000.0,14019000.0,0.1257365801,0.09,0.08,155738999,177062999,https://www.sec.gov/Archives/edgar/data/1086222/000095013506006834/0000950135-06-006834-index.htm,https://www.sec.gov/Archives/edgar/data/1086222/000095013506006834/b62603ate10vq.htm,0.7159093144036452,0.0900159888660899,0.3113542549480493,0.2057223958399784,1.7831564462540304,4.762423058851175,3.934069205106423,4.762423058851175,1.2841998554260643,7785392560.01,7886269560.01,138.83644625169416,69.82727978842101,160.55666240482574,242.997364462374,10.49675750815362,10.49675750815362,70.73204681833266,242.70672329455576,162.63702949082287,246.14593339398857,0.0018006799133044,0.0041152709709937,0.2696526200122692,0.1946102686108232,3.104576370295141,4.404219605729058,0.0,3.4588772380340966,0.0,0.0,0.0,0.0794833849051526,0.1255304346133823,0.3392658280057744,0.1475492174536974,1.5328922847558704,0.0,3.105739843165561,0.0127538485225903,0.0155994071357356,0.2712117727172498,277849000.0,612688000.0,73468000.0,478779000.0,65669000.0,18503500.0,0.0,54.38584689896408,71.77953890489914,0.0,1.6548423005565862,1.2538392050587173,0.0,0.01890130039976,0.1056318591080709,2006-10-26,0.22,amc,102208333.0,2025-04-22,2006-09-30,0.0909090909090908,39.12730158730159,4600394.523809524
2006-06-30,AKAM,USD,1086222,2006-08-09,2006-08-09 14:51:32,2006,Q2,100649000.0,21195000.0,79454000.0,0.7894166857,8373000,0.0,0.0,51590000.0,2198000.0,62161000.0,83356000.0,0.0,0.0,9778000.0,27071000.0,0.2689644209,17293000.0,0.1718149212,3813000.0,21106000.0,0.2096990531,9842000.0,11264000.0,0.1119136802,0.07,0.07,154701999,175611999,https://www.sec.gov/Archives/edgar/data/1086222/000095013506004880/0000950135-06-004880-index.htm,https://www.sec.gov/Archives/edgar/data/1086222/000095013506004880/b61530ate10vq.htm,0.650599220763786,0.0728109531409481,0.1793512700504923,0.087387364658423,1.6758736259122289,4.486729353768725,3.6329976576450056,4.486729353768725,1.2928081168492205,5598665343.809999,5725163343.809999,124.26015056396484,55.62564301493308,201.78279189108332,414.13309740439377,8.066009145303456,8.066009145303456,56.88246623225268,211.4869544460862,206.3419355514308,423.490150440861,0.0020119080724218,0.0024146826377016,0.2881404281190481,0.206296797139076,4.672823316464113,4.764037480390633,0.0,2.463245738636364,0.0,0.0,0.0,0.0831900962751741,0.1362322159267316,0.5127585958336337,0.1413526214865522,1.4550010227040295,0.0,2.7111562877305406,0.0102691061459893,0.0134511101584302,0.2059588771053954,266332000.0,562032000.0,61718000.0,461649000.0,59880500.0,17746000.0,0.0,57.19550119722997,72.5307855626327,0.0,1.5735503337867205,1.240852409109537,0.0,0.0162280689116647,0.0919639053920693,2006-07-26,0.18,amc,90539999.0,2025-04-22,2006-06-30,0.1111111111111112,32.49523809523809,3789817.761904762
2006-03-31,AKAM,USD,1086222,2006-05-10,2006-05-10 13:40:40,2006,Q1,90825000.0,19316000.0,71509000.0,0.7873272777,6726000,0.0,0.0,44838000.0,2296000.0,53860000.0,73176000.0,0.0,0.0,8903000.0,26552000.0,0.2923424167,17649000.0,0.1943187448,3101000.0,20750000.0,0.2284613267,9255000.0,11495000.0,0.1265620699,0.07,0.07,153818999,173810999,https://www.sec.gov/Archives/edgar/data/1086222/000095013506003350/0000950135-06-003350-index.htm,https://www.sec.gov/Archives/edgar/data/1086222/000095013506003350/b60528ate10vq.htm,0.590466721214328,0.0747306904526143,0.2155845520747407,0.1104349924940026,1.8524694729030189,4.258290615972609,3.385069486767366,4.258290615972609,1.3002294989580578,5059106877.11,5194084877.11,110.02842272966508,55.701699720451415,152.56195160308798,297.8222686236534,7.723756541329392,7.723756541329392,57.18783239317368,195.619346079768,156.63233548777177,305.7682272979337,0.0022721401779451,0.0033577072816662,0.3053407144362036,0.2147614108106599,5.083534197047303,4.94303258670016,0.0,2.8848194867333623,0.0,0.0,0.0,0.0740545004128819,0.144231615886331,0.487741624197099,0.1780787228186072,1.8166910030326853,0.0780291769887145,2.675829301784633,0.0113738897279019,0.0144237767081415,0.3285257369279851,282538000.0,520688000.0,77933000.0,471795000.0,53980000.0,17216500.0,0.0,55.29116432700248,85.78328846552081,0.0,1.627746514211979,1.0491553962305145,0.0,0.0175494575622208,0.1051495595807381,2006-04-26,0.16,amc,85458823.0,2025-04-22,2006-03-31,0.0625,25.163062903225804,2740988.3387096776
2005-12-31,AKAM,USD,1086222,2006-03-16,2006-03-16 14:34:07,2005,Q4,82657000.0,16084000.0,66573000.0,0.8054127297,4982000,0.0,0.0,38231000.0,2296000.0,45509000.0,61593000.0,0.0,0.0,8164000.0,29228000.0,0.3536058652,21064000.0,0.254836251,1488000.0,22552000.0,0.2728383561,-3207000.0,25759000.0,0.3116372479,0.17,0.15,153818999,173810999,https://www.sec.gov/Archives/edgar/data/1086222/000095013506001650/0000950135-06-001650-index.htm,https://www.sec.gov/Archives/edgar/data/1086222/000095013506001650/b58056ate10vk.htm,0.5373653484768809,0.167463058318303,0.1799062546233316,0.1420175670236938,1.9009875366566389,4.058107282313026,3.168841321090641,4.058107282313026,1.311600005926446,3065612650.07,3175569650.07,29.752830564754067,37.08836093821455,110.77991725038846,140.33475166262303,4.911156510539654,4.911156510539654,38.41864149521517,108.64820206890651,114.75335706537058,145.36826047470817,0.0084025618825039,0.0071258187166931,0.3232048624349982,0.2263031141930613,3.762043246202272,5.737248690930247,0.0,1.0743041267129936,0.0,0.0,0.0,0.0602731771053873,0.153433711086608,0.2106023922234669,0.0705082449157361,0.7138657520823126,0.0465659290804166,3.9103220801870178,0.0289393910697291,0.0341308550402603,0.4176629702290547,293122000.0,487428000.0,87713000.0,474793000.0,48048500.0,14442500.0,0.0,56.79591565142698,89.65307137527978,0.0,1.5846209884590314,1.003869679191112,0.0,0.0412662964944714,0.0378886875996378,2006-02-08,0.15,amc,77531250.0,2025-04-22,2005-12-31,0.0666666666666667,18.29531746031746,2445983.26984127
2005-09-30,AKAM,USD,1086222,2005-11-09,2005-11-09 16:06:16,2005,Q3,75713000.0,15295000.0,60418000.0,0.7979871356,4953000,0.0,0.0,34371000.0,2296000.0,41620000.0,56915000.0,0.0,0.0,7792000.0,26590000.0,0.3511946429,18798000.0,0.2482796878,-2027000.0,16771000.0,0.221507535,-255489000.0,272260000.0,3.5959478557,1.96,1.71,139203999,160361999,https://www.sec.gov/Archives/edgar/data/1086222/000095013505006344/0000950135-05-006344-index.htm,https://www.sec.gov/Archives/edgar/data/1086222/000095013505006344/b57397ate10vq.htm,0.5438996044934025,1.9558346165040847,0.1400749988511465,0.1286169946884931,0.4816384621249279,2.7125082807427106,1.7103603467598658,2.7125082807427106,1.4397574885761724,2220303784.05,2386639784.05,2.03877156399214,29.32526493534796,113.867571878045,124.01160545408844,5.880166380776076,5.880166380776076,31.52219280770805,89.75704340165474,122.39806062105748,133.30204334506254,0.1226228599689081,0.008063761422476,0.5307845505201382,0.3097494895979995,6.255584806318165,2.074802673621306,0.0,0.0716190406229339,0.0,0.0,0.0,0.0654180920053359,0.2156021507204357,0.0817990666188009,0.0210663954670928,0.2046971252566735,0.0,10.92553869807745,0.5176169820926699,0.5364348538822862,-1.2172764519502055,62230000.0,238089000.0,-149318000.0,244262000.0,42150500.0,15489500.0,0.0,52.22550948978379,75.68944099378882,0.0,1.7232957778536475,1.1890694239290989,0.0,0.7210428187037861,0.0114580041626534,2005-10-25,0.14,amc,75700000.0,2025-04-22,2005-09-30,0.0,14.356328125,1414229.859375
2005-06-30,AKAM,USD,1086222,2005-08-09,2005-08-09 16:01:45,2005,Q2,64649000.0,12752000.0,51897000.0,0.8027502359,4507000,0.0,0.0,29704000.0,520000.0,34731000.0,47483000.0,0.0,0.0,5074000.0,22240000.0,0.3440115083,17166000.0,0.2655261489,-693000.0,16473000.0,0.2548067255,573000.0,15900000.0,0.2459434794,0.12,0.11,130118999,149985999,https://www.sec.gov/Archives/edgar/data/1086222/000095013505004601/0000950135-05-004601-index.htm,https://www.sec.gov/Archives/edgar/data/1086222/000095013505004601/b55524ate10vq.htm,0.496845199370155,0.122195837058353,0.1300655563758218,0.038410993309286,0.7984460439939289,0.3144583059695994,-0.7616566432393167,0.3144583059695994,1.976682897783436,1708462456.87,1914638456.87,26.86261724638365,26.426742205911925,100.94909340995038,341.8292230632253,41.75434310604395,41.75434310604395,29.615902131046116,86.08985867221223,113.13155618470812,383.0809237434974,0.009306613637346,0.0029254374188336,6.285993596793509,0.7051882071992783,9.270503597122302,2.503904267683795,0.0,1.0644025157232704,0.0,0.0,0.0,0.0697149221178981,0.3839075921706682,0.704679744741196,0.184473077696484,2.3504138746551044,0.0,0.92982453084058,0.0544610219591693,0.0707584954696762,-1.4574850825589274,91869000.0,-99106000.0,-170858000.0,271200000.0,37325500.0,15659000.0,0.0,56.19483673374685,127.85759096612296,0.0,1.601570628746965,0.703908147493928,0.0,0.3885915389691326,0.0916545630665357,2005-07-26,0.11,amc,59216666.0,2025-04-22,2005-06-30,0.0909090909090908,12.8628125,1620714.28125
2005-03-31,AKAM,USD,1086222,2005-05-10,2005-05-10 16:02:03,2005,Q1,60096000.0,11524000.0,48572000.0,0.8082401491,3629000,0.0,0.0,28584000.0,12000.0,32225000.0,43749000.0,0.0,0.0,4140000.0,20487000.0,0.3409045527,16347000.0,0.2720147764,-1739000.0,14608000.0,0.2430777423,529000.0,14079000.0,0.2342751597,0.11,0.1,127050999,147281999,https://www.sec.gov/Archives/edgar/data/1086222/000095013505002767/0000950135-05-002767-index.htm,https://www.sec.gov/Archives/edgar/data/1086222/000095013505002767/b54781ate10vq.htm,0.4730069064628134,0.1108137685717843,0.1472007315739406,0.0873979747298169,0.664418230981403,-0.8697530981240061,-0.910020392677117,-0.8697530981240061,2.020542947482058,1617359217.27,1834190217.27,28.71935537449393,26.912926272464052,86.48054845845364,145.65554910572766,-14.636337631286027,-14.636337631286027,30.521003349141377,89.52946831014789,98.07454910009623,165.18283656970462,0.0087049307597631,0.0068655125475111,-2.323122449164276,1.2733098556619216,10.583833650607705,2.4809420821841703,0.0,1.3283613893032176,0.0,0.0,0.0,0.0603867145899893,0.0253757254104459,0.4062667094428403,0.1264310436634717,1.835265700483092,0.0037772896698615,,0.104124840782465,0.0716510427799322,-1.589788758764502,74638000.0,-115619000.0,-187076000.0,110761000.0,32309000.0,11775500.0,0.0,51.345347444089455,103.10482471364112,0.0,1.7528365174274465,0.8728980457506439,0.0,-0.1274083056568599,0.0598027568441236,2005-04-27,0.1,amc,60100000.0,2025-04-22,2005-03-31,0.0,11.909016393442624,2352736.918032787
2004-12-31,AKAM,USD,1086222,2005-03-16,2005-03-16 14:24:47,2004,Q4,57576000.0,11173000.0,46403000.0,0.8059434487,3344000,0.0,0.0,28480000.0,12000.0,31836000.0,43009000.0,0.0,0.0,4051000.0,12702000.0,0.2206127553,14567000.0,0.2530047242,-989000.0,13578000.0,0.2358274281,187000.0,13391000.0,0.232579547,0.11,0.09,127050999,147281999,https://www.sec.gov/Archives/edgar/data/1086222/000095013505001475/0000950135-05-001475-index.htm,https://www.sec.gov/Archives/edgar/data/1086222/000095013505001475/b53269ate10vk.htm,0.4531723516790293,0.1053986202816083,0.1225885677608878,0.0836435768600292,0.5559184938010602,-0.9911846501891732,-1.0315463950031594,-0.9911846501891732,2.0215976420618307,1655474516.97,1877002516.97,30.90647668153984,28.75285738797416,106.29049868186196,155.7800430008469,-13.145885579960456,-13.145885579960456,32.60043276660414,147.77220256416314,120.51380526292137,176.62581320880776,0.0080889194383429,0.0064193075103629,-2.0395772287998986,1.4055039043903186,17.440403086128168,2.3237250080188177,0.0,1.1630946157867224,0.0,0.0,0.0,0.0580797554536612,0.028061266368616,0.3176886035313002,0.0859385855217451,1.2214268081955073,0.0224399055161873,,0.105472279688565,0.0753934070883652,-1.694549839785203,61904000.0,-131059000.0,-200005000.0,92274000.0,29429000.0,9933000.0,0.0,47.41506877865777,83.36257048241296,0.0,1.898130748689546,1.079621219441492,0.0,-0.1063360094019741,0.0389449909008586,2005-02-17,0.1,amc,57600000.0,2025-04-22,2004-12-31,0.0,13.678671875,2559203.375
2004-09-30,AKAM,USD,1086222,2004-11-09,2004-11-09 16:17:43,2004,Q3,53286000.0,11748000.0,41538000.0,0.7795293323,3222000,0.0,0.0,24839000.0,12000.0,28073000.0,39821000.0,0.0,0.0,4469000.0,17934000.0,0.3365611981,13465000.0,0.2526930151,-2145000.0,11320000.0,0.2124385392,71000.0,11249000.0,0.2111061067,0.09,0.08,125617999,147293999,https://www.sec.gov/Archives/edgar/data/1086222/000095013504005247/0000950135-04-005247-index.htm,https://www.sec.gov/Archives/edgar/data/1086222/000095013504005247/b52052ate10vq.htm,0.4241908040582623,0.0895492691298163,0.1158114292204256,0.117586652530582,0.5777197581375262,-1.143235851098058,-1.1841535543007655,-1.143235851098058,2.243794696968545,1764932885.95,2000850885.95,39.22421739599075,33.121887286529294,121.31790527563928,119.48635068377226,-12.28967757309677,-12.28967757309677,37.54927909676088,111.56746325136612,137.53442988383284,135.45805199038656,0.0063736134611968,0.0083691567637424,-1.9626699904603409,1.491430627503479,13.154789784766365,2.371157046509591,0.0,1.293270512934483,0.0,0.0,0.0,0.0604661637203017,0.0271976379327678,0.0153285675006873,0.0041849641556881,0.0498993063325128,0.0,,0.0931202815631589,0.0611867476760567,-1.8996660661662028,62618000.0,-148751000.0,-224312000.0,89569000.0,27338000.0,11678500.0,0.0,48.178696092782346,72.90858018386109,0.0,1.868045574057844,1.2344226121677,0.0,-0.0783296544136591,0.0017752233101563,2004-10-27,0.09,amc,59962500.0,2025-04-22,2004-09-30,-0.111111111111111,14.2180625,2537069.4375
2004-06-30,AKAM,USD,1086222,2004-08-09,2004-08-09 16:27:32,2004,Q2,50786000.0,11151000.0,39635000.0,0.780431615,2872000,0.0,0.0,24124000.0,12000.0,27008000.0,38159000.0,0.0,0.0,5189000.0,17816000.0,0.3508053401,12627000.0,0.2486315126,-5394000.0,7233000.0,0.1424211397,430000.0,6803000.0,0.1339542394,0.06,0.05,123644999,146407999,https://www.sec.gov/Archives/edgar/data/1086222/000095013504003886/0000950135-04-003886-index.htm,https://www.sec.gov/Archives/edgar/data/1086222/000095013504003886/b51102ate10vq.htm,0.4107404295421604,0.055020421812612,0.1009179514005253,0.0639168592657758,0.5455376322984159,-1.2673541288960664,-1.3090218068585209,-1.2673541288960664,2.386784765957255,2219427732.05,2470459732.05,81.56062516720564,43.7015660231166,177.86726495031257,280.83357358598,-14.163365700820666,-14.163365700820666,48.64450305300673,138.6652296839919,197.98523257332903,312.59771378590403,0.0030652045578056,0.0035608278142493,-1.8832816428635244,1.5497894150885927,14.090255949708128,2.1672348484848483,0.0,1.8341907981772747,0.0,0.0,0.0,0.0565510179970858,0.0270556973458949,0.366645295720468,0.0900838813846335,0.8816727693197148,0.0,,0.0828126522162371,0.0367193825228045,-2.1032613700777336,55467000.0,-161854000.0,-244137000.0,81215000.0,25328000.0,13338500.0,0.0,46.34328358208956,111.70298627925746,0.0,1.9420289855072463,0.8057080924855491,0.0,-0.0434136131000242,0.0370010921347494,2004-07-27,0.07,amc,44450000.0,2025-04-22,2004-06-30,0.1428571428571427,14.441370967741936,3194615.080645161
2004-03-31,AKAM,USD,1086222,2004-05-10,2004-05-10 16:00:34,2004,Q1,48367000.0,12146000.0,36221000.0,0.7488783675,2694000,0.0,0.0,25207000.0,12000.0,27913000.0,40059000.0,0.0,0.0,6497000.0,14805000.0,0.3060971323,8308000.0,0.1717700085,-5303000.0,3005000.0,0.0621291376,84000.0,2921000.0,0.0603924163,0.02,0.02,122103999,133824999,https://www.sec.gov/Archives/edgar/data/1086222/000095013504002541/0000950135-04-002541-index.htm,https://www.sec.gov/Archives/edgar/data/1086222/000095013504002541/b50318ate10vq.htm,0.3961131526904373,0.0239222304258847,0.0707265943026157,0.0458134053414581,1.1493972445570764,-1.3900855122689306,-1.4323773294271878,-1.3900855122689306,2.979189895328489,1604446546.86,1835364546.86,137.3199714875043,33.17233954679844,185.78584377721168,286.8156143832678,-9.45265588629334,-9.45265588629334,37.94662780118677,123.96923653225262,212.52484331403429,328.09519965319987,0.0018205654814219,0.0034865605282692,-2.143170235956049,1.483792415658154,15.597298210064167,3.755599188711,0.0,2.9565217391304346,0.0,0.0,0.0,0.0556991337068662,0.0210635373200686,0.3522464103751737,0.0628941220253478,0.4682160997383408,0.0110199102693985,,0.0405171814825833,0.0121708840453501,-2.097992302447031,127711000.0,-174899000.0,-240841000.0,153754000.0,22616000.0,12303000.0,0.0,45.5982384683772,95.1202041824469,0.0,1.9737604570495817,0.9461712238061852,0.0,-0.0172091790143458,0.0249131889611576,2004-04-28,0.036,amc,48400000.0,2025-04-22,2004-03-31,0.1111111111111112,14.220870967741934,4386986.467741936
2003-12-31,AKAM,USD,1086222,2004-03-10,2004-03-10 09:03:00,2003,Q4,45169000.0,13123000.0,32046000.0,0.7094688835,2909000,0.0,0.0,24573000.0,12000.0,27494000.0,40617000.0,0.0,0.0,8332000.0,12884000.0,0.2852398769,4552000.0,0.1007770816,-6280000.0,-1728000.0,-0.0382563262,351000.0,-2079000.0,-0.0460271425,-0.017,-0.0155,122103999,133824999,https://www.sec.gov/Archives/edgar/data/1086222/000095013504001174/0000950135-04-001174-index.htm,https://www.sec.gov/Archives/edgar/data/1086222/000095013504001174/b48973ate10vk.htm,0.3699223642953741,-0.0170264693787793,0.0682287236145312,0.1071054192090793,1.3511760577145389,-1.4361036611094122,-1.4784937551472004,-1.4361036611094122,3.167586673389788,1313839029.24,1540540029.24,-157.98930125541125,29.08718433527419,157.704840864242,100.46177009022786,-7.492495347924769,-7.492495347924769,34.10613538577343,119.5700115833592,184.9165801512424,117.79630136412295,-0.001582385629998,0.0099540352424794,-2.2056810794164945,1.3865835427563535,17.595544861844147,3.2303862112990744,0.0,-4.007215007215007,0.0,0.0,0.0,0.0644025769886426,0.0185558953327047,0.5697995438722843,0.105094201775554,0.5697311569851177,0.2172507693329496,,0.0252313918988648,-0.0075941044326338,-2.2420703027097417,139756000.0,-180530000.0,-251879000.0,168810000.0,23038000.0,12551500.0,0.0,41.29889968783901,80.71401356397165,0.0,2.179234814493173,1.1150480074772708,0.0,0.0118560169713836,0.038876695594548,2004-02-04,-0.00518,amc,45200000.0,2025-04-22,2003-12-31,2.0000000000000004,9.23640625,5128963.703125
2003-09-30,AKAM,USD,1086222,2003-11-13,2003-11-13 17:06:43,2003,Q3,41767000.0,14275000.0,27492000.0,0.658222999,3595000,0.0,0.0,25006000.0,12000.0,28613000.0,42888000.0,0.0,0.0,11298000.0,10177000.0,0.2436612637,-1121000.0,-0.0268393708,-2706000.0,-3827000.0,-0.0916273613,82000.0,-3909000.0,-0.0935906338,-0.033,-0.033,118595999,118595999,https://www.sec.gov/Archives/edgar/data/1086222/000095013503005654/0000950135-03-005654-index.htm,https://www.sec.gov/Archives/edgar/data/1086222/000095013503005654/b48016ate10vq.htm,0.3521788285623362,-0.0329606397598623,0.0051435124721197,-0.012647981488819,0.7253448744084529,-1.539470146880756,-1.5832152988567514,-1.539470146880756,2.563113448709176,508776835.71,728855835.71,-32.53881016308519,12.181311459046617,834.060386409836,-339.18455714,-2.7866730697521565,-2.7866730697521565,17.45051920679005,71.61794592807311,1194.8456323114756,-485.9038904733334,-0.0076831328111567,-0.0029482474332911,-1.664932219635766,1.783817566179793,21.625135108578167,2.476216604060271,0.0,-0.1560501407009465,0.0,0.0,0.0,0.086072736849666,0.0304447587247002,3.459016393442623,0.0505183518088443,0.1867587183572313,0.0,,-0.0090161842600928,-0.0236595064732264,-2.0906881521357223,69952000.0,-187763000.0,-235644000.0,104427000.0,23676500.0,13482000.0,0.0,54.62230947877512,84.06725043782836,0.0,1.6476784094047103,1.0705714714264287,0.0,0.0214103792961796,0.0177914939609387,2003-10-29,-0.07,amc,97533333.0,2025-04-22,2003-09-30,-0.5714285714285715,4.595140625,1677405.28125
2003-06-30,AKAM,USD,1086222,2003-08-14,2003-08-14 13:01:11,2003,Q2,37759000.0,15832000.0,21927000.0,0.5807092349,2816000,0.0,0.0,28055000.0,1311000.0,32182000.0,48014000.0,0.0,0.0,13744000.0,4788000.0,0.1268042056,-10255000.0,-0.271590879,-4268000.0,-14523000.0,-0.3846235335,123000.0,-14646000.0,-0.387881035,-0.13,-0.13,117108999,117108999,https://www.sec.gov/Archives/edgar/data/1086222/000095013503004409/0000950135-03-004409-index.htm,https://www.sec.gov/Archives/edgar/data/1086222/000095013503004409/b47128ate10vq.htm,0.3224261185940117,-0.1250629765864534,-0.1190429439158642,-0.1348999661417992,0.7883851863510506,-1.543416829991007,-1.5878199078449984,-1.543416829991007,2.570716192356832,559781015.22,770116015.22,-9.555185976034414,14.825101703434944,-40.15357687540349,-35.43366345233574,-3.0970246709230533,-3.0970246709230533,20.39556172621097,160.84294386382624,-55.24108853166918,-48.74769054437271,-0.0261638026331492,-0.0282217502388701,-1.6656007258724854,1.700668282294191,43.9296157059315,2.375156114900567,0.0,0.951863990167964,0.0,0.0,0.0,0.0745782462459281,0.0293750458985092,-0.1332042177749085,0.0491803278688524,0.1351135040745052,0.0,,-0.0820586600249925,-0.0852398717269716,-2.12570342267207,71570000.0,-185948000.0,-234154000.0,114913000.0,21535000.0,14422500.0,0.0,52.4473635424667,77.48231430015159,0.0,1.7160061806944191,1.1615553925165076,0.0,0.0810299422400247,0.015857022225935,2003-07-30,-0.09,amc,37800000.0,2025-04-22,2003-06-30,-0.0,3.311269841269841,1940484.126984127
2003-03-31,AKAM,USD,1086222,2003-05-15,2003-05-15 11:58:15,2003,Q1,36564000.0,17885000.0,18679000.0,0.5108576742,3472000,0.0,0.0,27160000.0,-7622000.0,23010000.0,40895000.0,0.0,0.0,17792000.0,3641000.0,0.0995788207,-4331000.0,-0.1184498414,-4243000.0,-8574000.0,-0.2344929439,73000.0,-8647000.0,-0.2364894432,-0.0743,-0.0743,116397999,116397999,https://www.sec.gov/Archives/edgar/data/1086222/000095013503003086/0000950135-03-003086-index.htm,https://www.sec.gov/Archives/edgar/data/1086222/000095013503003086/b46491ate10vq.htm,0.314129111446323,-0.0742882186488446,-0.111694359969195,-0.1306122109539013,0.9169487527014962,-1.4910307865343977,-1.5358081885926578,-1.4910307865343977,2.5937387463164208,164121178.59,367395178.59,-4.745032340407077,4.488600223990811,-12.62373498884701,-10.795315305531805,-0.945654518158718,-0.945654518158718,10.048002915162456,100.90502021148038,-28.25899381509115,-24.16596583503256,-0.0526866798927976,-0.0926327737261711,-1.7395608257996116,1.513131252380666,55.829167811040925,2.0361498586951594,0.0,1.5035272348791489,0.0,0.0,0.0,0.0949567880975823,0.026122170766424,-0.1693715868010153,0.0602231703314735,0.123763489208633,0.0812547861284323,,-0.0322945828196985,-0.0445005969780559,-2.1524983432060547,68561000.0,-178765000.0,-238347000.0,123738000.0,19320000.0,16031000.0,0.0,51.85264194289465,76.56415991053956,0.0,1.7356878382227283,1.1754847190272757,0.0,0.0498233968874061,0.0189178509847063,2003-04-30,-0.15,bmo,49909090.0,2025-04-22,2003-03-31,-0.2666666666666666,1.471967213114754,708701.6393442623
2002-12-31,AKAM,USD,1086222,2003-03-28,2003-03-28 15:40:00,2002,Q4,35352000.0,53536000.0,-18184000.0,-0.5143697669,7453000,0.0,0.0,74164000.0,-48074000.0,33543000.0,87079000.0,0.0,0.0,21095000.0,-3957000.0,-0.1119314325,-51727000.0,-1.4631986875,-1954000.0,-53681000.0,-1.5184713736,123000.0,-55604000.0,-1.5728671645,-0.48,-0.48,114865999,116397999,https://www.sec.gov/Archives/edgar/data/1086222/000095013503002051/0000950135-03-002051-index.htm,https://www.sec.gov/Archives/edgar/data/1086222/000095013503002051/b45644ake10vk.htm,0.3077673141553402,-0.4840771027464794,-0.0903313433943146,-0.0376090404263144,1.0005223564894952,-1.4633573160322229,-1.5278672673190263,-1.4633573160322229,2.631004845916153,198718178.27,389669178.27,-0.893452711450615,5.6211297315569135,-19.15171340304549,-45.999578303240746,-1.18221297084895,-1.18221297084895,11.022549736082825,-98.47591060652007,-37.55485526888975,-90.2011986736111,-0.2798133541887164,-0.0217393297261933,-1.797923731334404,1.314752700521615,-48.25650745514279,1.7470375713633954,0.0,0.1866052801956693,0.0,0.0,0.0,0.2108225842950893,0.032236593101108,-0.5836545875096376,0.171305725277212,0.2870822469779568,0.5995417515274949,,-0.3457036545293473,-0.2499584181827172,-2.349228686898026,60584000.0,-175500000.0,-256270000.0,131153000.0,16816500.0,21126500.0,0.0,44.740325865580445,28.32169007770472,0.0,2.01160805735746,3.1777764587166857,0.0,0.3307989767386519,0.0527223029680001,2003-01-28,-0.25,bmo,36766080.0,2025-04-22,2002-12-31,-0.04,1.32015625,1234078.125
2002-09-30,AKAM,USD,1086222,2002-11-14,2002-11-14 18:41:31,2002,Q3,35375000.0,9580000.0,25795000.0,0.7291872792,4820000,0.0,0.0,29404000.0,33720000.0,67944000.0,77524000.0,0.0,0.0,25083000.0,-10928000.0,-0.3089187279,-42149000.0,-1.1914911661,-5261000.0,-47410000.0,-1.3402120141,123000.0,-47533000.0,-1.3436890459,-0.42,-0.42,114250999,114250999,https://www.sec.gov/Archives/edgar/data/1086222/000095012302010980/0000950123-02-010980-index.htm,https://www.sec.gov/Archives/edgar/data/1086222/000095012302010980/b44455ate10vq.htm,0.30962530139452,-0.4160401258285715,-0.0997890618006762,-0.1597360212141339,1.1983265021603882,-0.9873961802294612,-1.0717805627240071,-0.9873961802294612,2.6476967610585183,94828329.17,273836329.17,-0.4987499693370921,2.680659481837456,-8.317544879396543,-5.196072831232877,-0.8405947041511909,-0.8405947041511909,7.740956301625443,-25.058229243228407,-24.018623732128763,-15.004730365479451,-0.5012531636488814,-0.1924530376073903,-2.6814938259566885,1.1355862213946784,-16.380673499267935,2.248867775577192,0.0,0.239854416931395,0.0,0.0,0.0,0.1362544169611307,0.0361921136404588,-0.60073677747566,0.1936113074204947,0.2730534625044851,0.0,,-0.2162880075623295,-0.1851384458388349,-2.0152187028141437,90172000.0,-122452000.0,-216820000.0,181086000.0,16545500.0,23790500.0,0.0,40.85681978798586,238.678496868476,0.0,2.20281462108475,0.3770762811934189,0.0,0.4213507548022799,0.0599469594134577,2002-10-16,-0.28,bmo,35400000.0,2025-04-22,2002-09-30,-0.0,1.0521875,797573.4375
2002-06-30,AKAM,USD,1086222,2002-08-13,2002-08-13 14:24:48,2002,Q2,36322000.0,10946000.0,25376000.0,0.6986399427,4624000,0.0,0.0,30298000.0,28081000.0,63003000.0,73949000.0,0.0,0.0,24425000.0,-12600000.0,-0.3468971973,-37627000.0,-1.0359286383,-4492000.0,-42119000.0,-1.1596002423,123000.0,-42242000.0,-1.1629866197,-0.38,-0.38,112252999,112252999,https://www.sec.gov/Archives/edgar/data/1086222/000095013502003694/0000950135-02-003694-index.htm,https://www.sec.gov/Archives/edgar/data/1086222/000095013502003694/b43655ate10vq.htm,0.3235726468207767,-0.3763106587468545,-0.0713655766114542,-0.1040150383866359,1.344543142228209,-0.6297381863267635,-0.7354992805136547,-0.6297381863267635,2.698208535167956,157154198.6,371895198.6,-0.9300826109085744,4.326694526733109,-19.617301036075396,-13.459592206235012,-2.2231461111897017,-2.2231461111897017,10.23884143494301,-29.515491952380955,-46.42306810635377,-31.85125030832477,-0.2687933276763246,-0.0742964559904542,-4.28465129438393,0.9701475326871704,-17.042936507936506,2.43874390670868,0.0,0.1896453766393636,0.0,0.0,0.0,0.1273057651010407,0.0380266622250978,-0.4574959430782674,0.1009030339739001,0.1500511770726714,0.0,,-0.1577279366392038,-0.1406519495221922,-1.9526338000109915,106844000.0,-82562000.0,-201786000.0,216174000.0,17163000.0,25192000.0,0.0,42.20252188756126,182.3268773981363,0.0,2.132573978393612,0.493618940248027,0.0,0.5975668411373604,0.0326494617751816,2002-07-17,-0.28,bmo,35048275.0,2025-04-22,2002-06-30,0.0357142857142855,2.428125,1309573.4375
2002-03-31,AKAM,USD,1086222,2002-05-14,2002-05-14 16:30:01,2002,Q1,37927000.0,11242000.0,26685000.0,0.7035884726,4869000,0.0,0.0,28822000.0,44027000.0,77718000.0,88960000.0,0.0,0.0,26838000.0,-11786000.0,-0.3107548712,-51033000.0,-1.345558573,-7902000.0,-58935000.0,-1.5539061882,123000.0,-59058000.0,-1.5571492604,-0.54,-0.54,109692999,109692999,https://www.sec.gov/Archives/edgar/data/1086222/000095013502002681/0000950135-02-002681-index.htm,https://www.sec.gov/Archives/edgar/data/1086222/000095013502002681/b43007ate10-q.htm,0.3457558854781607,-0.538393521358642,-0.3279060680982931,-0.3533315740597082,1.4961939366795869,-0.317987477031237,-0.4465645068196193,-0.317987477031237,2.737193829480403,445353575.94,681795575.9399999,-1.88523813852484,11.7423886924882,-12.381594593677889,-11.490623250425717,-12.767798398555088,-12.767798398555088,17.976522686740314,-57.84791922110978,-18.95508843559732,-17.591092830899427,-0.1326092417139512,-0.0870274812954946,-8.607866746939594,0.8558914496657687,-20.061259120991007,2.522220523405448,0.0,0.6090453452538183,0.0,0.0,0.0,0.1283782002267514,0.0402046721112869,-0.0775389919097,0.0735360033749044,0.1039198151874208,0.0,,-0.1876741183012202,-0.1754019144582285,-1.9016117883694656,119473000.0,-48985000.0,-187727000.0,248294000.0,18680500.0,30142500.0,0.0,41.03831043847391,225.8325920654688,0.0,2.193072741991442,0.3985252933460952,0.0,1.6931280639889912,0.025425505961415,2002-04-18,-0.31,bmo,43514814.0,2025-04-22,2002-03-31,-0.129032258064516,4.2668333333333335,1200746.6666666667
2001-12-31,AKAM,USD,1086222,2002-02-27,2002-02-27 00:00:00,2001,Q4,37110000.0,11948000.0,25162000.0,0.6780382646,12254000,0.0,0.0,28632000.0,45436000.0,86322000.0,98270000.0,0.0,0.0,25703000.0,-21155000.0,-0.5700619779,-61160000.0,-1.6480732956,-3328000.0,-64488000.0,-1.7377526273,277000.0,-64765000.0,-1.7452169227,-0.6,-0.59,108356999,109692999,https://www.sec.gov/Archives/edgar/data/1086222/000095013502001140/0000950135-02-001140-index.htm,https://www.sec.gov/Archives/edgar/data/1086222/000095013502001140/b42039ate10-k405.htm,0.3424790308192275,-0.5977002002427181,-0.3103168259578691,-0.3770868552754954,1.778196164328988,0.159048332447819,-0.0195372704997117,0.159048332447819,2.7734064506529936,643640574.0600001,865384574.0600001,-2.484523176329808,17.34412756831043,-19.14172710959108,-15.75233906167401,37.347137870488574,37.347137870488574,23.319444194556723,-40.90685767241787,-25.736344209962827,-21.179260255996084,-0.1006229293337909,-0.0634826355682652,17.43750725310433,0.7130099317164834,-10.48187189789648,2.4973055269556834,0.0,0.5191847448467537,0.0,0.0,0.0,0.3302074912422527,0.0459122421573605,-0.2151672862453531,0.1949609269738615,0.2814846515970898,0.8476690918889788,,-0.1858000362974113,-0.1610560842718842,-1.8135768968647792,136701000.0,-2117000.0,-176245000.0,288289000.0,19840500.0,36093000.0,0.0,48.66693613581245,241.61700703046537,0.0,1.8493048288234413,0.3724903354532984,0.0,-3.757978414761518,0.0667700293176262,2002-01-23,-0.39,bmo,40916153.0,2025-04-22,2001-12-31,-0.1025641025641026,4.65921875,1786976.5625
2001-09-30,AKAM,USD,1086222,2001-10-22,2001-10-22 00:00:00,2001,Q3,42754000.0,13402000.0,29352000.0,0.6865322543,13828000,0.0,0.0,33912000.0,35273000.0,83013000.0,96415000.0,0.0,0.0,28722000.0,-24939000.0,-0.583313842,-53661000.0,-1.2551106329,-1421000.0,-55082000.0,-1.2883472891,277000.0,-55359000.0,-1.2948262151,-0.53,-0.53,104165999,104165999,https://www.sec.gov/Archives/edgar/data/1086222/000095013501503139/0000950135-01-503139-index.htm,https://www.sec.gov/Archives/edgar/data/1086222/000095013501503139/b40794ate10-q.htm,0.4104410307628308,-0.531449806380679,-0.1079334918105091,-0.2494671989849586,2.3002323435692293,0.6705258978027946,0.4461628597254657,0.6705258978027946,2.8876985089923632,276039897.35,476185897.35,-1.2465899734008925,6.456469508116199,-24.55215666192297,-10.622639011390747,3.9521217729003806,3.9521217729003806,11.13780926579969,-19.09402531577048,-42.35398891310148,-18.32470935696144,-0.200547096747426,-0.0941385656547013,4.306617415456862,0.6417641687361855,-8.025422029752596,3.098372554578962,0.0,0.2030925414115139,0.0,0.0,0.0,0.3234317256864855,0.0498626010223849,-1.3113048118829491,0.3448332319782944,0.513299909477056,0.0,,-0.1414717073692054,-0.1243081082416237,-1.387645694253842,185024000.0,46475000.0,-125663000.0,354778000.0,22420000.0,39111000.0,0.0,41.288768302381065,269.3553201014774,0.0,2.179769552360559,0.3341311393667414,0.0,-0.7925865475474616,0.1415337071744495,2001-10-11,-0.43,bmo,49740540.0,2025-04-22,2001-09-30,-0.1395348837209302,5.8783050847457625,1589091.5254237289
2001-06-30,AKAM,USD,1086222,2001-07-24,2001-07-24 00:00:00,2001,Q2,43141000.0,16439000.0,26702000.0,0.6189471732,9595000,0.0,0.0,45617000.0,60964000.0,116176000.0,132615000.0,0.0,0.0,26092000.0,-37188000.0,-0.8620106164,-89474000.0,-2.07398994,-2790000.0,-92264000.0,-2.138661598,344000.0,-92608000.0,-2.1466354512,-0.91,-0.91,101628999,101628999,https://www.sec.gov/Archives/edgar/data/1086222/000095013501502140/0000950135-01-502140-index.htm,https://www.sec.gov/Archives/edgar/data/1086222/000095013501502140/b39895ake10-q.htm,0.4244949810043883,-0.9112359750783336,-0.3014001938560863,-0.480660052550552,2.6282163814286905,1.1516496388988344,0.8484782970262258,1.1516496388988344,2.962599287236904,932954210.82,1113786210.82,-2.518557281282394,21.625697383463525,-30.45784371453756,-19.09873714548916,7.971174296357686,7.971174296357686,25.81734801743121,-29.95015087716467,-36.36140546570468,-22.80059388769473,-0.0992631781131082,-0.052359482848644,2.5724831469314173,0.5794628508742385,-4.862643863611918,3.6138123474014647,0.0,0.3307597615756738,0.0,0.0,0.0,0.2224102362022206,0.0592981071796302,-0.5947569455780092,0.4222897012123038,0.6982216771424191,0.0,,-0.2066918243411586,-0.1894661036367802,-1.146636306040956,224814000.0,86230000.0,-91730000.0,406449000.0,24545500.0,43574500.0,0.0,52.626040193783176,208.6550276780826,0.0,1.710179973043685,0.4313339630562552,0.0,-0.7912440939499833,0.1792598586944657,2001-07-18,-0.49,bmo,45910869.0,2025-04-22,2001-06-30,-0.0612244897959183,9.044742063492064,3174198.412698413
2001-03-31,AKAM,USD,1086222,2001-05-15,2001-05-15 00:00:00,2001,Q1,40209000.0,16160000.0,24049000.0,0.5980999279,18632000,0.0,0.0,42276000.0,2172744000.0,2233652000.0,2249812000.0,0.0,0.0,256128000.0,-41373000.0,-1.0289487428,-2209603000.0,-54.9529458579,-13013000.0,-2222616000.0,-55.2765798702,164000.0,-2222780000.0,-55.280658559,-22.5,-22.5,98779999,98779999,https://www.sec.gov/Archives/edgar/data/1086222/000095013501501291/0000950135-01-501291-index.htm,https://www.sec.gov/Archives/edgar/data/1086222/000095013501501291/b39177ate10-q.htm,0.4070560883484115,-22.50232863436251,-0.4432375019562412,-0.6895424244740072,3.169811734863452,1.979753006476544,1.616288738775954,1.979753006476544,3.0506175647966955,845803741.4375,1012997741.4375,-0.0951290435217947,21.035184695901417,-19.3180855911541,-12.417655094291838,4.325034472476478,4.325034472476478,25.193308499030067,-24.484512639583787,-23.13678234560217,-14.872311327316371,-2.6280091835751835,-0.0805305021283512,1.540908161178155,0.5225672978376944,-4.041137940202548,4.523217247097844,0.0,0.0196974059511062,0.0,0.0,0.0,0.4633788455320948,0.0622610131222763,-0.555695132814106,0.6050884130418563,0.0949915667166416,0.0,,-4.435784795110777,-4.110550161812298,-0.5069877556892869,280434000.0,159657000.0,-21063000.0,467426000.0,23267500.0,50624500.0,0.0,53.417145415205546,273.10210396039605,0.0,1.6848522941546198,0.3295470766971878,0.0,-11.366230312947431,0.2463049225177659,2001-04-18,-0.55,bmo,41716981.0,2025-04-22,2001-03-31,-0.0363636363636363,19.711441532258064,3310575.806451613
2000-12-31,AKAM,USD,1086222,2001-02-12,2001-02-12 00:00:00,2000,Q4,37244000.0,24037000.0,13207000.0,0.3546074535,17408000,0.0,0.0,62424000.0,239329000.0,319161000.0,343198000.0,0.0,0.0,235440000.0,-66625000.0,-1.7888787456,-305954000.0,-8.2148533992,2932000.0,-303022000.0,-8.1361293094,55000.0,-303077000.0,-8.1376060574,-3.15,-3.07,96103999,98779999,https://www.sec.gov/Archives/edgar/data/1086222/000095013501000445/0000950135-01-000445-index.htm,https://www.sec.gov/Archives/edgar/data/1086222/000095013501000445/b37716ate10-k.htm,0.3875385039908693,-3.1536356775330443,-0.2473466270638748,-0.620348795267094,3.222051144822808,25.01871956441688,2.2708940550954595,25.01871956441688,3.13723677617203,2024190478.9375,2175561478.9375,-1.669699844377419,54.3494382702583,-85.15377892968323,-33.95267333586333,0.8418696226946942,0.8418696226946942,58.413743930230375,-32.65383082833021,-91.52166416799882,-36.49168839842833,-0.1497275099125481,-0.0294527617930964,0.1253955770236138,0.1080347874445002,-2.271984990619137,4.1830767057494,0.0,0.0784322135958848,0.0,0.0,0.0,0.4674041456341961,0.783350658257539,-1.5080139665979555,0.9624906025131564,0.1522553516819572,0.0,,-0.1130475875519205,-0.501268565379908,-0.6214465643620095,270396000.0,218242000.0,-31034000.0,2599594000.0,19131000.0,40547500.0,0.0,54.78197830523037,195.49361401173192,0.0,1.642876047640053,0.460373094307822,0.0,-0.1260510422770929,0.3730021682032191,2001-01-24,-0.68,bmo,41468852.0,2025-04-22,2000-12-31,-0.1029411764705883,40.35987103174603,3192139.6825396824
2000-09-30,AKAM,USD,1086222,2000-11-14,2000-11-14 00:00:00,2000,Q3,27156000.0,18182000.0,8974000.0,0.3304610399,18352000,0.0,0.0,59601000.0,238700000.0,316653000.0,334835000.0,0.0,0.0,275703000.0,-31976000.0,-1.1774930034,-307679000.0,-11.3300559729,3624000.0,-304055000.0,-11.1966048019,20000.0,-304075000.0,-11.1973412874,-3.27,-3.27,93098999,93098999,https://www.sec.gov/Archives/edgar/data/1086222/000095013500005091/0000950135-00-005091-index.htm,https://www.sec.gov/Archives/edgar/data/1086222/000095013500005091/b36897ake10-q.txt,0.2916894949643873,-3.266146825058774,-0.532884354642739,-0.9667021231882418,4.712650025377824,29.02603711131201,2.9762726020287285,29.02603711131201,3.241237856918312,4889152119.359375,4819713119.359375,-4.019692608204699,180.03948001765264,-98.54975951622372,-54.3245160430602,1.8092592109149352,1.8092592109149352,177.48243921635645,-150.72908179132395,-97.1500900880727,-53.55296302580445,-0.0621938104146865,-0.0184078952347656,0.1116665649013153,0.0986670485749393,2.1715974480860645,8.685532055276566,0.0,0.1631538271807942,0.0,0.0,0.0,0.6757990867579908,0.7929851166945577,-0.8140936485859991,1.4872588010016203,0.152930975073175,0.0,,-0.1024015122241234,-0.4802809582400781,1.014038829783766,419338000.0,277088000.0,117869000.0,2966357000.0,13621000.0,29047500.0,0.0,51.67476800707026,142.96942030579694,0.0,1.741662390969728,0.6295052453000035,0.0,-0.1125247243546689,0.4338177685455028,2000-10-18,-0.67,bmo,30373333.0,2025-04-22,2000-09-30,-0.1044776119402986,80.20486111111111,2099087.301587302
2000-06-30,AKAM,USD,1086222,2000-08-14,2000-08-14 00:00:00,2000,Q2,18144000.0,-4079000.0,22223000.0,1.2248126102,12931000,0.0,0.0,49083000.0,205806000.0,267820000.0,263741000.0,0.0,0.0,194196000.0,-39791000.0,-2.1930665785,-245597000.0,-13.5359898589,2431000.0,-243166000.0,-13.4020061728,70000.0,-243236000.0,-13.4058641975,-2.78,-2.78,87373999,87373999,https://www.sec.gov/Archives/edgar/data/1086222/000095013500004045/0000950135-00-004045-index.htm,https://www.sec.gov/Archives/edgar/data/1086222/000095013500004045/e10-q.txt,0.207659031378431,-2.7838487740500466,-0.3985396158873305,-0.7823723393958425,5.901904524250973,34.16019678806278,3.761290587145954,34.16019678806278,3.455536011348181,10374297162.515623,10321681162.515623,-10.66278959787575,571.7756372638682,-297.92364489448124,-151.76197958594517,3.475810626521084,3.475810626521084,568.8757254472897,-259.3973803753518,-296.4126461006153,-150.9922784492989,-0.0234460220475329,-0.0065892656561829,0.1011567946398866,0.0905098697079242,1.322309064863914,10.826052822288428,0.0,0.1431613741386965,0.0,0.0,0.0,0.7126873897707231,0.7962298845888544,-0.9630980414680376,1.848379629629629,0.1629544328153698,0.0,,-0.0747355467363944,-0.357837346393248,1.9835477600149671,488119000.0,328639000.0,186695000.0,3236756000.0,7393000.0,23141500.0,0.0,57.78769841269841,-644.5403285118903,0.0,1.5574248927038628,-0.1396343968232233,0.0,-0.0814939325824627,0.3838327235085119,2000-07-24,-0.6,bmo,21720000.0,2025-04-22,2000-06-30,-0.1666666666666666,91.26636904761904,1910653.9682539685
2000-03-31,AKAM,USD,1086222,2000-05-15,2000-05-15 00:00:00,2000,Q1,7222000.0,6636000.0,586000.0,0.0811409582,6915000,0.0,0.0,23693000.0,9000000.0,39608000.0,46244000.0,0.0,0.0,14252000.0,-24770000.0,-3.4297978399,-39022000.0,-5.4032124065,39022000.0,0.0,0.0,0.0,-35397000.0,-4.9012738854,-0.47,-0.47,75028999,75028999,https://www.sec.gov/Archives/edgar/data/1086222/000095013500002888/0000950135-00-002888-index.html,https://www.sec.gov/Archives/edgar/data/1086222/000095013500002888/,0.0962561155853885,-0.4717775856239266,-0.1955243998390542,-0.4899039103533821,3.001052966200442,5.8506045109305,3.3599142113038187,5.8506045109305,0.0177797920508042,12065600901.6875,12040322901.6875,-85.21626763346823,1670.6730686357655,-822.4676824599522,-328.2531463853824,27.486475918780545,27.486475918780545,1667.1729301699668,-486.0848971210133,-820.7445740754943,-327.56544064225864,-0.0029337121531219,-0.0030464292909654,0.003038966660212,0.0028273913605602,1.020508679854663,7.370515451097432,0.0,0.4144419018560895,0.0,0.0,0.0,0.9574909997230684,0.3960764116291836,-1.505589638718473,3.0582941013569647,1.5497474038731407,0.0,,,-0.1242265888488413,2.594596790502296,204914000.0,252091000.0,204232000.0,435263000.0,2362000.0,13029000.0,0.0,39.08058709498754,231.5235081374322,0.0,2.302933673469388,0.3887294241696444,0.0,-0.0806374084494208,0.2943795105143279,2000-04-24,-0.6,bmo,9818181.82,2025-04-22,2000-03-31,-0.2666666666666666,245.1994047619048,685646.0317460317
1999-12-31,AKAM,USD,1086222,2000-03-03,2000-03-03 00:00:00,1999,Q4,2700000.0,100000.0,2600000.0,0.962962963,6300000,0.0,0.0,10000000.0,4400000.0,20700000.0,20800000.0,0.0,0.0,4400000.0,-13700000.0,-5.0740740741,-18100000.0,-6.7037037037,18100000.0,0.0,0.0,0.0,-29300000.0,-10.8518518519,-0.39,-0.39,75028999,75028999,https://www.sec.gov/Archives/edgar/data/1086222/000095013500001233/0000950135-00-001233-index.html,https://www.sec.gov/Archives/edgar/data/1086222/000095013500001233/,0.0359860858599486,-0.3905156724801833,-0.2319103310974467,-0.4038438524283124,3.593277314015612,3.7505498374035353,3.7452185654242833,3.7505498374035353,0.0533127197925164,24581375797.375,24315775797.375,-209.73870134279008,9104.213258287036,-1412.7227469755746,-811.2665279661716,87.35385855499288,87.35385855499288,9005.842887916666,-1774.8741457937956,-1397.4583791594828,-802.5008513985149,-0.0011919593208094,-0.0012326405262977,0.0142146410803127,0.0132978723404255,19.38686131386861,14.71505376344086,0.0,0.5938566552901023,0.0,0.0,0.0,2.333333333333333,0.0013297872340425,-0.7413793103448276,4.777777777777778,2.9318181818181817,0.0,,,-0.0975366178428761,3.350584485340128,255100000.0,281000000.0,254300000.0,279400000.0,1094000.0,7593500.0,0.0,52.93333333333333,8088.3,0.0,1.7002518891687657,0.011127183709803,0.0,-0.1041222459132907,0.1719335213308656,2000-03-03,,amc,,2025-04-22,1999-12-31,,224.6292613636364,981745.4545454546
1999-09-30,AKAM,USD,1086222,1999-09-30,1999-09-29 20:00:00,1999,Q3,883000.0,3125000.0,-2242000.0,-2.5390713477,3320000,0.0,0.0,13100000.0,13000.0,16433000.0,19558000.0,0.0,0.0,13000.0,-18662000.0,-21.1347678369,-18675000.0,-21.1494903737,133000.0,-18542000.0,-20.9988674972,0.0,-18542000.0,-20.9988674972,-0.74,-0.74,24848999,24848999,,,0.0355346305901497,-0.7461869993233933,,,3.702362417093743,3.537365831114565,3.521268603214158,3.537365831114565,0.5151112928130425,3607764042.3125,3528764042.3125,-48.64313507594245,4085.8029924263874,0.0,0.0,41.04395952573948,41.04395952573948,3996.335268757078,-189.08820288889183,0.0,0.0,-0.005139471368564,,0.1456200227531285,0.1164695177434031,4.233201157432215,9.649484536082474,0.0,0.0,,,0.0,3.759909399773499,0.0036396724294813,0.0,,0.0,,,-0.1854518371400198,-0.1693333333333333,2.8351242639592846,83900000.0,87500000.0,71600000.0,97100000.0,,,,61.15515288788222,178.56000000000003,0.0,1.471666666666667,0.5040322580645161,0.0,-0.2109442548350398,,2000-01-27,-0.3,bmo,2699998.5,2025-04-22,1999-09-30,0.3333333333333335,,
1999-06-30,AKAM,USD,1086222,1999-06-30,1999-06-29 20:00:00,1999,Q2,400000.0,0.0,0.0,0.0,0,0.0,0.0,0.0,0.0,0.0,0.0,0.0,0.0,0.0,400000.0,1.0,400000.0,1.0,-400000.0,0.0,0.0,0.0,-6900000.0,-17.25,-0.34,-0.34,20294118,20294118,,,0.0197101445847511,-0.3399999940869566,,,,,,,,2946452257.125,,-106.7555165625,7366.1306428125,0.0,0.0,0.0,0.0,,,0.0,0.0,-0.002341799356604,,0.0,0.0,,0.0,0.0,0.0,,,0.0,0.0,0.0,0.0,,0.0,,,0.0,0.0,,,,,,,,,,0.0,0.0,0.0,0.0,0.0,0.0,,1999-06-29,,amc,,2025-04-22,1999-06-30,,,
1999-03-31,AKAM,USD,1086222,1999-03-31,1999-03-30 19:00:00,1999,Q1,100000.0,0.0,0.0,0.0,0,0.0,0.0,0.0,0.0,0.0,0.0,0.0,0.0,0.0,100000.0,1.0,100000.0,1.0,-100000.0,0.0,0.0,0.0,-2900000.0,-29.0,-0.17,-0.17,17058823,17058823,,,0.0058620691474435,-0.1700000052758622,,,,,,,,2476727864.3125,,-213.5110227855604,24767.278643125,0.0,0.0,0.0,0.0,,,0.0,0.0,-0.0011708997350037,,0.0,0.0,,0.0,0.0,0.0,,,0.0,0.0,0.0,0.0,,0.0,,,0.0,0.0,,,,,,,,,,0.0,0.0,0.0,0.0,0.0,0.0,,1999-03-30,,amc,,2025-04-22,1999-03-31,,,
