date,symbol,reportedCurrency,cik,fillingDate,acceptedDate,calendarYear,period,revenue,costOfRevenue,grossProfit,grossProfitRatio,researchAndDevelopmentExpenses,generalAndAdministrativeExpenses,sellingAndMarketingExpenses,sellingGeneralAndAdministrativeExpenses,otherExpenses,operatingExpenses,costAndExpenses,interestIncome,interestExpense,depreciationAndAmortization,ebitda,ebitdaratio,operatingIncome,operatingIncomeRatio,totalOtherIncomeExpensesNet,incomeBeforeTax,incomeBeforeTaxRatio,incomeTaxExpense,netIncome,netIncomeRatio,eps,epsdiluted,weightedAverageShsOut,weightedAverageShsOutDil,link,finalLink,revenuePerShare,netIncomePerShare,operatingCashFlowPerShare,freeCashFlowPerShare,cashPerShare,bookValuePerShare,tangibleBookValuePerShare,shareholdersEquityPerShare,interestDebtPerShare,marketCap,enterpriseValue,peRatio,priceToSalesRatio,pocfratio,pfcfRatio,pbRatio,ptbRatio,evToSales,enterpriseValueOverEBITDA,evToOperatingCashFlow,evToFreeCashFlow,earningsYield,freeCashFlowYield,debtToEquity,debtToAssets,netDebtToEBITDA,currentRatio,interestCoverage,incomeQuality,dividendYield,payoutRatio,salesGeneralAndAdministrativeToRevenue,researchAndDdevelopementToRevenue,intangiblesToTotalAssets,capexToOperatingCashFlow,capexToRevenue,capexToDepreciation,stockBasedCompensationToRevenue,grahamNumber,roic,returnOnTangibleAssets,grahamNetNet,workingCapital,tangibleAssetValue,netCurrentAssetValue,investedCapital,averageReceivables,averagePayables,averageInventory,daysSalesOutstanding,daysPayablesOutstanding,daysOfInventoryOnHand,receivablesTurnover,payablesTurnover,inventoryTurnover,roe,capexPerShare,report_date,epsEstimated,time,revenueEstimated,updatedFromDate,fiscalDateEnding,surprise(%),QuarterAvgPrice,QuarterAvgVolume
2025-03-31,ALGN,USD,1097149,2025-04-30,2025-04-30 16:06:37,2025,Q1,979262000.0,299154000.0,680108000.0,0.6945107642,97201000,0.0,0.0,447629000.0,0.0,544830000.0,843984000.0,5316000.0,0.0,0.0,131100000.0,0.1338763273,131100000.0,0.1338763273,9342000.0,140442000.0,0.1434161644,47212000.0,93230000.0,0.0952043478,1.27,1.27,73562000,73615000,https://www.sec.gov/Archives/edgar/data/1097149/000109714925000028/0001097149-25-000028-index.htm,https://www.sec.gov/Archives/edgar/data/1097149/000109714925000028/algn-q125earningspressrele.htm,13.3120632935483,1.2673663032543976,0.7160762350126424,0.7160762350126424,11.867703433838123,51.57884505587124,43.96131154672249,51.57884505587124,1.1757021288165086,11686059320.000002,10899534320.000002,31.33663874289392,11.933537010524256,221.84788746298128,221.84788746298128,3.079944884921709,3.079944884921709,11.130355635161992,83.13908710907705,206.91651454172683,206.91651454172683,0.0079778818031876,0.0045075930694488,0.0227942701613997,0.0141716452394139,-5.999427917620137,1.2064750058765974,0.0,0.0,0.0,0.0,0.0,0.0992594423147227,0.0918200110768464,0.0,0.0,0.0,0.0,38.35112813403662,0.0211651710919025,0.0168210536153718,-7.01176558549251,411081000.0,3233882000.0,93452000.0,2349468000.0,1045844500.0,117037500.0,250427000.0,97.6019083758994,37.72097314426683,74.17928558535068,0.9221131174339156,2.3859405656314303,1.21327671586222,0.0245714362522379,0.0,2025-04-30,1.98,amc,975811650.0,2025-05-11,2025-03-31,0.0757575757575757,196.33283333333333,1008344.1833333332
2024-12-31,ALGN,USD,1097149,2025-02-28,2025-02-28 07:03:45,2024,Q4,995219000.0,298278000.0,696941000.0,0.7002890821,94878000,0.0,0.0,424971000.0,32943000.0,552792000.0,829086000.0,8522000.0,0.0,38129000.0,178906000.0,0.1797654587,144149000.0,0.1448414872,-3372000.0,140777000.0,0.1414532882,36970000.0,103807000.0,0.1043056855,1.39,1.39,74419000,74465000,https://www.sec.gov/Archives/edgar/data/1097149/000109714925000012/0001097149-25-000012-index.htm,https://www.sec.gov/Archives/edgar/data/1097149/000109714925000012/algn-20241231.htm,13.37318426745858,1.3948991520982543,3.8441527029387657,3.535615904540508,14.027157043228208,51.760773458391,44.42235181875596,51.760773458391,1.6027761727515824,15517105690.0,14592495690.0,37.37008508578419,15.591649365617014,54.24082134942218,58.97416620742863,4.02834011295475,4.02834011295475,14.66259756897728,81.56515538886343,51.008800711694015,55.46010212186974,0.0066898429432557,0.016956577164359,0.0309650738515336,0.0191930293180574,-5.16813298603736,1.2229676054340792,0.0,2.755864248075756,0.0,0.0,0.0,0.0953337908540733,0.0878766131368068,0.0802613273303085,0.0230713039039648,0.6021925568464948,0.0390346245399253,40.305382118320594,0.0254499241022122,0.018313015724492,-5.63431045835069,454414000.0,3305867000.0,129826000.0,2385042000.0,1094608500.0,108864000.0,254203000.0,93.11937372578298,32.79614990042846,76.72651016836642,0.966501345520548,2.7442245590792416,1.1729974399005847,0.0269489626776843,0.3085367983982585,2025-02-05,2.43,amc,999155080.0,2025-05-05,2024-12-31,0.0041152263374484,223.38875,786623.265625
2024-09-30,ALGN,USD,1097149,2024-11-05,2024-11-05 16:09:39,2024,Q3,977872000.0,296098000.0,681774000.0,0.6972016787,85272000,0.0,0.0,434138000.0,0.0,519410000.0,815508000.0,4003000.0,0.0,37793000.0,203723000.0,0.2083329925,162298000.0,0.1659705974,3632000.0,165930000.0,0.1696847849,49967000.0,115963000.0,0.1185870952,1.55,1.55,74736000,74757000,https://www.sec.gov/Archives/edgar/data/1097149/000109714924000060/0001097149-24-000060-index.htm,https://www.sec.gov/Archives/edgar/data/1097149/000109714924000060/algn-20240930.htm,13.084350246199955,1.5516350888460717,3.527911582102333,3.12917469492614,13.941540890601583,52.77716227788482,44.91726878612717,52.77716227788482,1.7073833226289874,19006859520.0,18092527520.0,40.97612928261601,19.43696058379829,72.08797445213948,81.27382610257331,4.818750933612956,4.818750933612956,18.50193841320745,88.80944969394717,68.62015580553891,77.36411866827446,0.0061011131206592,0.0123040842046482,0.0323507981281599,0.0200445367825881,-4.488113762314515,1.2586599328459358,0.0,2.273673499305813,0.0,0.0,0.0,0.0872015969370224,0.0922744893397302,0.1130234921983448,0.0304743361094294,0.7885058079538539,0.0501486902171245,42.92487833182536,0.02617375240472,0.0200678127774806,-5.124672179404838,533774000.0,3356937000.0,175767000.0,2532697000.0,1184243000.0,107413500.0,256805500.0,106.7167891094131,33.141561239859776,77.24033934710805,0.843353709862148,2.7156234236712984,1.1651942593824154,0.0293997445462552,0.3987368871761935,2024-10-23,2.31,amc,990046373.0,2025-04-24,2024-09-30,0.0173160173160173,235.95453125,764488.859375
2024-06-30,ALGN,USD,1097149,2024-08-02,2024-08-02 16:07:30,2024,Q2,1028490000.0,300352000.0,728138000.0,0.7079679919,92193000,0.0,0.0,452262000.0,-5510000.0,549965000.0,850317000.0,3301000.0,0.0,36166000.0,214339000.0,0.2084016374,178173000.0,0.1732374646,-3180000.0,143866000.0,0.1398807961,47302000.0,96564000.0,0.0938890996,1.28,1.28,75184000,75223000,https://www.sec.gov/Archives/edgar/data/1097149/000109714924000049/0001097149-24-000049-index.htm,https://www.sec.gov/Archives/edgar/data/1097149/000109714924000049/algn-20240630.htm,13.679639284954243,1.2843690146839752,2.125811342838902,1.4148888061289635,10.402625558629495,49.98281549265801,42.39878165567142,49.98281549265801,1.717000957650564,17941909760.0,17309571760.0,46.4508247379976,17.444904432712033,112.25831530342182,168.66343062880134,4.774440928303727,4.774440928303727,16.830082703769605,80.757919743957,108.30192495635906,162.71911935850795,0.005382035763845,0.0059289675080831,0.0343518255369742,0.0209620344756138,-2.9501770559720817,1.1824674761300455,0.0,1.6551406321196305,0.0,0.0,0.0,0.0896391797683983,0.0925898020305524,0.3344240960538582,0.0519693920213127,1.4779074268650114,0.0457252865851879,38.005506685509566,0.0288241062697386,0.0172802116487709,-7.738647850606512,372255000.0,3187710000.0,11956000.0,2342453000.0,1183317500.0,111515000.0,269784000.0,105.7943003821136,31.7004048582996,77.75636586405284,0.8507074547015588,2.839080459770115,1.157461501703328,0.025696211828496,0.7109225367099383,2024-07-24,2.34,amc,1037716210.0,2025-04-24,2024-06-30,0.02991452991453,278.39952380952377,763592.4603174604
2024-03-31,ALGN,USD,1097149,2024-05-03,2024-05-03 16:25:47,2024,Q1,997431000.0,294166000.0,703265000.0,0.7050763411,91859000,0.0,0.0,451822000.0,-5449000.0,549130000.0,843296000.0,4392000.0,4251000.0,32946000.0,187081000.0,0.187562849,154135000.0,0.1545319927,4251000.0,158386000.0,0.1587939416,53358000.0,105028000.0,0.1052985119,1.4,1.39,75175000,75322000,https://www.sec.gov/Archives/edgar/data/1097149/000109714924000033/0001097149-24-000033-index.htm,https://www.sec.gov/Archives/edgar/data/1097149/000109714924000033/algn-20240331.htm,13.268121050881277,1.3971134020618556,0.381296973727968,0.2566677751912204,11.95751247090123,50.01476554705687,42.30397073495178,50.01476554705687,1.7381709344861989,24029688750.0,23290299750.0,57.19829176505313,24.09158001906899,838.3229399246442,1245.3842316662349,6.391112634512987,6.391112634512987,23.350286636368832,124.49313265377027,812.527900851242,1207.0639932625031,0.004370759900084,0.0008029650404855,0.0336225284984015,0.0205362332542853,-3.952239938850017,1.22553818731306,36.25852740531639,0.2729176981376395,0.0,0.0,0.0,0.0920955935799067,0.0941653938737642,0.326855986603405,0.0093931309534193,0.2843744395184374,0.0388879030228657,39.65118829306924,0.0245456756720174,0.0188354036292423,-6.500967741935484,456273000.0,3180201000.0,83420000.0,2436637000.0,1030538500.0,115181500.0,288489000.0,104.45712034215902,35.86893114771932,85.68916870066562,0.8615975598905717,2.509135263310531,1.0503077736043074,0.0279340188198496,0.1246291985367475,2024-04-24,1.97,amc,974530763.0,2025-04-24,2024-03-31,0.0862944162436549,293.3867213114754,783657.8032786886
2023-12-31,ALGN,USD,1097149,2024-02-28,2024-02-28 17:13:47,2023,Q4,956726000.0,283756000.0,672970000.0,0.7034093356,82160000,0.0,0.0,401637000.0,-3639000.0,487436000.0,771192000.0,4978000.0,1335000.0,33371000.0,206251000.0,0.2155800093,185534000.0,0.1939259516,1335000.0,172880000.0,0.1806995942,48866000.0,124014000.0,0.1296233195,1.64,1.64,75703000,75802000,https://www.sec.gov/Archives/edgar/data/1097149/000109714924000011/0001097149-24-000011-index.htm,https://www.sec.gov/Archives/edgar/data/1097149/000109714924000011/algn-20231231.htm,12.637887534179622,1.638164934018467,0.6194998877191128,0.1781171155700566,12.849451144604574,47.9570030249792,41.33047567467604,47.9570030249792,1.2985350646605816,20742622000.0,19902152000.0,41.81508136178173,21.680838610009552,442.29225126871086,1538.3137051320084,5.713451273368409,5.713451273368409,20.80235302479498,96.49481457059602,424.3710179538573,1475.98279442302,0.0059787041387535,0.0006500624655841,0.0267093496220481,0.0159385207820605,-4.074986303096712,1.1838793082896972,138.97677902621723,0.3781669811472898,0.0,0.0,0.0,0.085876206980891,0.0824553159112191,0.7124824086314981,0.0349253600299354,0.9905727499110636,0.0405852877417358,42.04323150833099,0.032887069197723,0.022215856784091,-8.64730591918418,380007001.0,3128841000.0,-6770000.0,2290517001.0,903801000.0,106409000.0,296545500.0,84.98583711532875,35.880298566373924,94.16956822058388,1.0589999822896004,2.5083403314917128,0.955722763740224,0.0341590347746543,0.4413827721490562,2024-01-31,2.18,amc,932540000.0,2025-04-24,2023-12-31,0.1100917431192659,237.05817460317465,1240687.857142857
2023-09-30,ALGN,USD,1097149,2023-11-03,2023-11-03 16:03:19,2023,Q3,960214000.0,297138000.0,663076000.0,0.6905502315,88738000,0.0,0.0,407992000.0,-9757000.0,496730000.0,793868000.0,5522000.0,0.0,37030000.0,203376000.0,0.2118027856,166346000.0,0.1732384656,-4235000.0,162111000.0,0.1688279904,40684000.0,121427000.0,0.1264582687,1.59,1.58,76569000,76826000,https://www.sec.gov/Archives/edgar/data/1097149/000109714923000082/0001097149-23-000082-index.htm,https://www.sec.gov/Archives/edgar/data/1097149/000109714923000082/algn-20230930.htm,12.540505948882709,1.5858506706369415,3.7509435933602377,3.4683488095704527,16.766641852446813,49.65280988389557,43.29206336768144,49.65280988389557,1.286721780354974,23378047080.0,22237557080.0,48.13189628336367,24.34670508865732,81.39818485686231,88.03036163995662,6.149098121817024,6.149098121817024,23.15895944029144,109.34209090551492,77.42720235649674,83.73583067237017,0.0051940608890244,0.011359717049556,0.0259143799386932,0.0155926572405603,-5.607790496420424,1.2726433429141784,0.0,2.3652564915545966,0.0,0.0,0.0,0.0924148158639636,0.077080330601114,0.0753396516785861,0.0225345600043323,0.5843370240345666,0.0412428896058586,42.0914919158391,0.0294990125372128,0.0208225478284802,-5.310922174770469,578818000.0,3314830000.0,185119000.0,2453208000.0,906286500.0,104924000.0,304462500.0,84.74779580385206,30.19596954950225,89.71255780142559,1.06197452271566,2.980530227799344,1.003204035261269,0.0319387900573034,0.2825947837897843,2023-10-25,2.26,amc,996480000.0,2025-04-24,2023-09-30,-0.0530973451327432,345.546507936508,699677.0793650794
2023-06-30,ALGN,USD,1097149,2023-08-04,2023-08-04 16:07:39,2023,Q2,1002173000.0,288564000.0,713609000.0,0.7120616899,88485000,0.0,0.0,453193000.0,-4763000.0,541678000.0,830242000.0,4421000.0,0.0,43595000.0,171931000.0,0.171558204,171931000.0,0.171558204,-342000.0,171589000.0,0.1712169456,59775000.0,111814000.0,0.111571555,1.46,1.46,76524000,76689000,https://www.sec.gov/Archives/edgar/data/1097149/000109714923000059/0001097149-23-000059-index.htm,https://www.sec.gov/Archives/edgar/data/1097149/000109714923000059/algn-20230630.htm,13.096192044325964,1.4611625111076263,3.290170404056244,2.525116303381945,13.169214886832888,47.5445742512153,40.95760807067064,47.5445742512153,1.367544822539334,27061947360.0,26214641360.0,60.50661670273848,27.003269255906915,107.4837946277857,140.04899478347272,7.438072704814693,7.438072704814693,26.157800459601287,152.47187162291848,104.11849120451828,135.6640792415335,0.0041317795246794,0.0071403582835141,0.0287634255659441,0.0170313529876069,-4.928174674724163,1.1700901490936444,0.0,2.2320656028368795,0.0,0.0,0.0,0.0882931390089335,0.082033834861788,0.2325271966859562,0.0584180575609201,15.87015451341827,0.0377779086046022,39.53584277342645,0.027552836792045,0.019823458568929,-8.6355097747112,358391000.0,3134240000.0,-40793000.0,2267375000.0,968746500.0,120358000.0,312310500.0,81.57828039669798,34.356156693142594,97.53898615211877,1.1032348262595018,2.619617811265944,0.9227079709403458,0.0307324765048301,0.7650541006742982,2023-07-26,2.02,amc,991600000.0,2025-04-24,2023-06-30,0.0990099009900991,318.43306451612904,710557.0483870967
2023-03-31,ALGN,USD,1097149,2023-05-05,2023-05-05 16:03:56,2023,Q1,943147000.0,282493000.0,660654000.0,0.7004782924,87447000,0.0,0.0,439691000.0,0.0,527138000.0,809631000.0,2337000.0,0.0,35820000.0,169336000.0,0.1795435918,133516000.0,0.1415643585,1108000.0,134624000.0,0.1427391488,46826000.0,87798000.0,0.0930904726,1.14,1.14,77015789,77111000,https://www.sec.gov/Archives/edgar/data/1097149/000109714923000046/0001097149-23-000046-index.htm,https://www.sec.gov/Archives/edgar/data/1097149/000109714923000046/algn-20230331.htm,12.246151240494337,1.1400000070115492,2.59550674732424,1.762963176291033,11.47851643771383,45.186176045018506,38.59607281306954,45.186176045018506,1.6461299903062734,25734055736.46,25028450736.46,73.27631533878903,27.285307313133583,128.73786606198254,189.53317034277043,7.39473948109926,7.39473948109926,26.53716836978753,147.80348382186895,125.20798787593486,184.33633879669452,0.0034117436015189,0.00527612131529,0.0364299468197143,0.0214825242889541,-4.166893041054472,1.163266649971715,0.0,2.2767602906672133,0.0,0.0,0.0,0.0927183143242781,0.0860029606293235,0.3207634007854123,0.0679841000395484,1.790033500837521,0.0400096697545557,34.0444624378663,0.022186927735634,0.0162772580760584,-7.915337983488035,327284000.0,2972507000.0,-89517000.0,2215530000.0,944391500.0,129215500.0,325318500.0,98.20189217587502,41.59568555681026,99.36405503853192,0.9164792857434376,2.1636859399054846,0.9057601359475448,0.0252289551095401,0.8325435710332072,2023-04-26,1.69,amc,903200000.0,2025-04-24,2023-03-31,0.076923076923077,295.0270967741936,1062425.5
2022-12-31,ALGN,USD,1097149,2023-02-27,2023-02-27 16:05:31,2022,Q4,901515000.0,283814000.0,617701000.0,0.6851810563,83520000,0.0,0.0,410067000.0,-100000.0,493587000.0,777401000.0,2760000.0,2760000.0,41468000.0,156789000.0,0.1739172393,112661000.0,0.1249685252,2660000.0,115321000.0,0.1279191139,73546000.0,41775000.0,0.0463386633,0.54,0.54,77541000,77683000,https://www.sec.gov/Archives/edgar/data/1097149/000109714923000013/0001097149-23-000013-index.htm,https://www.sec.gov/Archives/edgar/data/1097149/000109714923000013/algn-20221231.htm,11.626300924672108,0.5387472433938174,1.8661998168710747,1.1800595813827524,12.89103828942108,46.44456481087425,39.95417907945474,46.44456481087425,1.6722508092493005,16353396900.0,15538254900.0,97.8659299820467,18.13990549242109,113.0104065456405,178.71978951509786,4.540897322621078,4.540897322621078,17.23571421440575,99.10296576928228,107.37735493099852,169.81142585489,0.002554515141744,0.0055953512630761,0.0352389293149972,0.0213364375977122,-5.198974417848191,1.258843847016985,40.81920289855073,3.4639616995810893,0.0,0.0,0.0,0.0926440491838738,0.0846125562315871,0.3676670789941053,0.0590162115993632,1.5788942635842953,0.0384774518449498,23.72745937528689,0.0100802926972109,0.0076726328619003,-6.87204511161837,498504000.0,3098087000.0,77802000.0,2352510000.0,859657000.0,133394000.0,329827500.0,85.82402955025707,40.548739667528736,107.42133932786966,1.0486573570552005,2.219551106592633,0.8378223597203854,0.0115997909677405,0.6861402354883223,2023-02-01,1.52,amc,891812328.0,2025-04-24,2022-12-31,0.1381578947368421,200.1671428571429,1060582.6984126985
2022-09-30,ALGN,USD,1097149,2022-11-04,2022-11-04 16:04:25,2022,Q3,890348000.0,271179000.0,619169000.0,0.6954235872,76966000,0.0,0.0,398547000.0,-22700000.0,475513000.0,746692000.0,1685000.0,1685000.0,39870000.0,143656000.0,0.161348147,111467000.0,0.1251948676,-21015000.0,122641000.0,0.1377450166,49941000.0,72700000.0,0.0816534658,0.93,0.93,78093000,78237000,https://www.sec.gov/Archives/edgar/data/1097149/000109714922000067/0001097149-22-000067-index.htm,https://www.sec.gov/Archives/edgar/data/1097149/000109714922000067/algn-20220930.htm,11.40112430051349,0.930941313562035,3.4123673056483934,2.447517703251252,13.967513093363042,47.31053999718284,41.30069276375603,47.31053999718284,1.5693083887160182,16173841230.000002,15250185230.000002,55.61843614167813,18.16575230134734,60.693935162600106,84.62042980317474,4.37767144514378,4.37767144514378,17.128342210012267,106.15766295873478,57.22782488123026,79.78792485899946,0.0044949124308919,0.0118174772017345,0.0327143074447128,0.0204415774450083,-6.429637467282954,1.3819917398169452,66.15252225519288,3.665502063273728,0.0,0.0,0.0,0.0864448507774488,0.0793747194646463,0.2827508049324157,0.0846275838211575,2.34079965205505,0.0369720603629142,31.479756441749966,0.016008490510507,0.013355439310367,-4.126384567118691,691177000.0,3225295000.0,282400000.0,2476415000.0,895741500.0,142262500.0,315474500.0,86.89479843836342,46.10467624705453,106.50260529023264,1.0357351834337836,1.9520796441065955,0.8450497502360527,0.0196772497971375,0.964849602397142,2022-10-26,2.21,amc,963757528.0,2025-04-24,2022-09-30,-0.3846153846153846,257.42140625,845685.9375
2022-06-30,ALGN,USD,1097149,2022-08-04,2022-08-04 16:06:00,2022,Q2,969553000.0,281994000.0,687559000.0,0.7091505054,72965000,0.0,0.0,426398000.0,-14832000.0,499363000.0,781357000.0,245000.0,245000.0,37830000.0,188196000.0,0.1941059437,188196000.0,0.1941059437,-14587000.0,173609000.0,0.1790608662,60809000.0,112800000.0,0.1163422732,1.44,1.44,78395000,78545000,https://www.sec.gov/Archives/edgar/data/1097149/000109714922000054/0001097149-22-000054-index.htm,https://www.sec.gov/Archives/edgar/data/1097149/000109714922000054/algn-20220630.htm,12.36753619491039,1.4388672746986415,1.6205752917915683,0.650870591236686,11.47571911473946,45.90957331462466,39.7367689265897,45.90957331462466,1.5714012373238089,18553744650.0,17799188650.0,41.12088796542553,19.13639032626375,146.04073084340197,363.6206692797648,5.155133949472101,5.155133949472101,18.35813890524809,94.57793284660671,140.10144948640246,348.8327025967663,0.0060796352503428,0.0027501186936945,0.0341601092056555,0.0211604960242638,-4.009415715530617,1.317216558949332,768.1469387755102,1.1262854609929078,0.0,0.0,0.0,0.0752563294631649,0.0832886555335613,0.598370656066748,0.0784072660287782,2.5104851226841918,0.0352121028969019,38.5525629413961,0.0303394664105419,0.021178318058534,-5.835646406020792,572390000.0,3115164000.0,165766000.0,2356663000.0,941373000.0,166058000.0,292857500.0,86.5005420023454,46.47130790016809,98.95295644588184,1.0404559083289873,1.9366788684609944,0.9095231030234224,0.0313413340794497,0.9697047005548824,2022-07-27,2.12,amc,984655443.0,2025-04-24,2022-06-30,-0.0566037735849057,307.2326612903226,1126019.9193548388
2022-03-31,ALGN,USD,1097149,2022-05-05,2022-05-05 16:11:18,2022,Q1,973219000.0,263873000.0,709346000.0,0.7288657538,71807000,0.0,0.0,439457000.0,-11273000.0,511264000.0,775137000.0,677000.0,677000.0,37152000.0,198082000.0,0.2035328122,188163000.0,0.1933408616,-10596000.0,187486000.0,0.192645232,53188000.0,134298000.0,0.1379936068,1.71,1.7,78742000,79193000,https://www.sec.gov/Archives/edgar/data/1097149/000109714922000036/0001097149-22-000036-index.htm,https://www.sec.gov/Archives/edgar/data/1097149/000109714922000036/algn-20220331.htm,12.3595920855452,1.7055446902542482,0.3873155368164385,-0.7217241116557872,12.86312260293109,46.56793071042138,40.02169109242844,46.56793071042138,1.6624291991567397,34331512000.0,33535619000.0,63.90920192407928,35.276245120574096,1125.697160469539,-604.1089565370403,9.362666396134886,9.362666396134886,34.458450770073334,169.30169828656818,1099.6005967604433,-590.1041527362308,0.0039117997482895,-0.0016553305313206,0.0355143867273617,0.0219109757455899,-4.017997596954796,1.331136207661644,277.9364844903988,0.2270919894562837,0.0,0.0,0.0,0.0737829820420686,0.0867286041322378,2.863400878746148,0.0897310882750953,2.9476810909336395,0.0324911453639931,42.27331258115403,0.0328337669143234,0.0247419375639053,-5.241046709506998,617121000.0,3151388000.0,204206000.0,2398759000.0,924045000.0,175197500.0,252949500.0,87.93527458876163,63.61321544834068,94.02329908706082,1.0234800587238089,1.4148003581596598,0.9572095520352306,0.0366248760517195,1.1090396484722258,2022-04-27,2.22,amc,1001971838.0,2025-04-24,2022-03-31,-0.0405405405405406,486.7275806451613,925216.5161290322
2021-12-31,ALGN,USD,1097149,2022-02-25,2022-02-25 16:03:58,2021,Q4,1031099000.0,286536000.0,744563000.0,0.7221062187,72476000,0.0,0.0,451195000.0,-1556000.0,523671000.0,810207000.0,676000.0,880000.0,36333000.0,256345000.0,0.2486133727,220892000.0,0.2142296714,-880000.0,220012000.0,0.2133762131,29051000.0,190961000.0,0.185201421,2.42,2.4,78759000,79431000,https://www.sec.gov/Archives/edgar/data/1097149/000109714922000011/0001097149-22-000011-index.htm,https://www.sec.gov/Archives/edgar/data/1097149/000109714922000011/algn-20211231.htm,13.09182442641476,2.4246244873601746,3.464353280260034,2.079165555682525,14.872484414479617,45.99746060767658,39.29021445168171,45.99746060767658,1.3145926179865155,51758839619.99999,50762125619.99999,67.76100829488743,50.197740100611085,189.69774351381164,316.0787260080731,14.287310458402182,14.287310458402182,49.231088013857054,198.02268669176303,186.0447559639214,309.99203446654406,0.0036894374256066,0.0031637687630215,0.0283367663028326,0.0172760181147774,-3.888174140318711,1.2962489429963864,251.01363636363635,1.4288205445090882,0.0,0.0,0.0,0.0702900497430411,0.0889004074310303,0.3998402046553221,0.1058055531040181,3.687170474516696,0.0289380554146595,50.09339088422291,0.0474477319201135,0.0352726541942209,-4.571420409096104,570004000.0,3094458000.0,174679000.0,2301443000.0,876117500.0,169401000.0,218673000.0,78.31238319501813,51.47604489488232,72.31447357400117,1.14924353375732,1.7483860732460368,1.2445641315206533,0.0527121379164902,1.3851877245775086,2022-02-02,2.71,amc,1023309334.0,2025-04-24,2021-12-31,0.044280442804428,642.93234375,610937.890625
2021-09-30,ALGN,USD,1097149,2021-11-02,2021-11-02 16:07:09,2021,Q3,1015906000.0,260750000.0,755156000.0,0.7433325524,65587000,0.0,0.0,428409000.0,427000.0,493996000.0,754746000.0,401000.0,828000.0,34565000.0,261160000.0,0.2570710282,261160000.0,0.2570710282,828000.0,261988000.0,0.2578860643,81019000.0,180969000.0,0.1781355755,2.29,2.28,78904000,79516000,https://www.sec.gov/Archives/edgar/data/1097149/000109714921000073/0001097149-21-000073-index.htm,https://www.sec.gov/Archives/edgar/data/1097149/000109714921000073/algn-20210930.htm,12.875215451688128,2.2935339146304368,4.499188887762344,2.9234259353137992,15.687696441245055,44.57013586129981,37.69611173071074,44.57013586129981,0.9528034066713982,52505088719.99999,51341618719.99999,72.53326359763274,51.68301862573899,147.89999188741535,227.6199276889062,14.929952245844328,14.929952245844328,50.537765029441694,196.59066748353496,144.62264853353764,222.57605549052755,0.003446694490225,0.0043932884530511,0.0211421756718253,0.01315939214624,-4.455008423954664,1.3714385457307792,315.41062801932367,1.9616840453337312,0.0,0.0,0.0,0.0645601069390278,0.0959960241474987,0.3502326734346655,0.12238730748711,4.502571159556746,0.0279573110110581,47.95852540472331,0.0464705639996674,0.0354304786811965,-1.9097796055966745,664992000.0,2974374000.0,321960000.0,2302876000.0,831558000.0,199997500.0,192933500.0,75.74847476046013,60.373691275167786,71.48778523489933,1.1881427353436167,1.4907155434608612,1.2589563336487766,0.0514589841450743,1.575762952448545,2021-10-27,2.6,amc,980320000.0,2025-04-24,2021-09-30,0.1038461538461538,679.08921875,530938.90625
2021-06-30,ALGN,USD,1097149,2021-08-04,2021-08-04 16:02:35,2021,Q2,1010808000.0,252270000.0,758538000.0,0.7504273809,57715000,0.0,0.0,431921000.0,-483000.0,489636000.0,741906000.0,383000.0,0.0,32394000.0,268902000.0,0.2660267825,268902000.0,0.2660267825,-100000.0,268802000.0,0.2659278518,69088000.0,199714000.0,0.1975785708,2.53,2.51,79008000,79638000,https://www.sec.gov/Archives/edgar/data/1097149/000109714921000054/0001097149-21-000054-index.htm,https://www.sec.gov/Archives/edgar/data/1097149/000109714921000054/algn-20210630.htm,12.79374240583232,2.52776933981369,4.018631024706359,2.4461700081004456,13.749962029161605,42.83629505872823,35.87624038072094,42.83629505872823,0.9389428918590522,48273888000.0,47261715000.0,60.42877314559821,47.75772253484341,152.04182624470872,249.77822390785803,14.263605177859656,14.263605177859656,46.756372130018754,175.75813865274338,148.8539199506148,244.54104942902825,0.0041371020291549,0.0040035515680858,0.021919330104804,0.0137490621932667,-3.764096213490417,1.3154839055724423,0.0,1.589793404568533,0.0,0.0,0.0,0.0570978860475975,0.1019169807516094,0.3912927081233622,0.1229086038100212,4.7982774602193725,0.0285464697548891,49.35895206358197,0.0536843940725206,0.0412149573598521,-2.903076270757392,535244000.0,2834510000.0,220667000.0,2139421000.0,763518000.0,174688500.0,164697000.0,71.94948001994445,80.2993221548341,63.77131644666429,1.2508776988388512,1.120806472394137,1.4112928039563415,0.0590099899243885,1.5724610166059134,2021-07-28,2.53,amc,980320000.0,2025-04-24,2021-06-30,0.2015810276679843,591.8365079365079,581686.4761904762
2021-03-31,ALGN,USD,1097149,2021-05-05,2021-05-05 16:06:19,2021,Q1,894771000.0,217673000.0,677098000.0,0.756727699,54537000,0.0,0.0,397115000.0,34532000.0,451652000.0,669325000.0,1643000.0,36175000.0,25635000.0,251081000.0,0.2806092285,225446000.0,0.2519594399,36175000.0,261621000.0,0.2923887788,61245000.0,200376000.0,0.2239410978,2.54,2.51,79000000,79798000,https://www.sec.gov/Archives/edgar/data/1097149/000109714921000027/0001097149-21-000027-index.htm,https://www.sec.gov/Archives/edgar/data/1097149/000109714921000027/algn-20210331.htm,11.326215189873418,2.5364050632911392,2.875784810126582,2.3260253164556963,14.325291139240507,42.9566582278481,36.01944303797468,42.9566582278481,1.2660759493670886,42780870000.0,41713017000.0,53.37574110671937,47.81208823263159,188.30685734659116,232.8134591523542,12.606427556064752,12.606427556064752,46.61865102914601,166.1337058558792,183.60653118356245,227.00220400966492,0.0046837757156411,0.0042952843174998,0.0188134876012795,0.0125932436542636,-4.253021933161012,1.517786807973931,6.23209398756047,1.133803449514912,0.0,0.0,0.0,0.060950790760988,0.1080993226138717,0.1911685087615048,0.0485386763764136,1.6942071386775892,0.0304446612596966,49.51260871941177,0.0466995798644212,0.0443138949546435,0.8864715189873418,721713000.0,2845536000.0,439349000.0,2116058000.0,688330500.0,133215000.0,144940000.0,72.31585511823695,51.39277723925338,62.28549245887179,1.2445403549864595,1.7512188450337094,1.4449592745763162,0.0590456792480852,0.5497594936708861,2021-04-28,2.02,amc,686581707.0,2025-04-24,2021-03-31,0.2326732673267327,552.7893442622951,637479.5737704918
2020-12-31,ALGN,USD,1097149,2021-02-26,2021-02-26 16:08:39,2020,Q4,834520000.0,224057000.0,610463000.0,0.7315139242,48887000,282906000.0,65486000.0,348392000.0,1021000.0,397279000.0,621336000.0,337000.0,0.0,24769000.0,237953000.0,0.2851375641,213184000.0,0.2554570292,1358000.0,214542000.0,0.2570843119,55554000.0,158988000.0,0.1905143076,2.02,2.0,78853000,79505000,https://www.sec.gov/Archives/edgar/data/1097149/000109714921000007/0001097149-21-000007-index.htm,https://www.sec.gov/Archives/edgar/data/1097149/000109714921000007/algn-20201231.htm,10.58323716282196,2.01625810051615,4.837076585545255,4.162923414454745,12.185243427643844,41.01131218850266,33.7206701076687,41.01131218850266,0.8172802556656056,42137466140.0,41241068140.0,66.25887824867286,50.49305725446963,110.47581954705862,128.36652198416493,13.030063450391404,13.030063450391404,49.41890924124047,173.3160251814434,108.12564729509356,125.6357575572947,0.0037730792703996,0.0077901931480495,0.0199281664509804,0.0133435258587364,-3.7671220787298334,1.3952448738345853,0.0,2.39903640526329,0.0,0.0,0.3390044576523031,0.0585809806835066,0.1190324499558252,0.13937202753934,0.0637000910703158,2.146190803019904,0.0302736902650625,43.13364445869914,0.0448071024815509,0.037366791435731,-0.9140869719604834,523937000.0,2658976000.0,253720000.0,1916100000.0,641875000.0,130658000.0,131165000.0,70.93102621866463,57.09207924769144,55.92920551466815,1.2688382615888,1.57640081051417,1.6091771583702608,0.0491634622966635,0.6741531710905102,2021-02-03,2.14,amc,651237570.0,2025-04-24,2020-12-31,0.2196261682242989,449.6196875,691068.828125
2020-09-30,ALGN,USD,1097149,2020-10-30,2020-10-30 16:08:53,2020,Q3,734144000.0,200056000.0,534088000.0,0.7274976027,44527000,0.0,0.0,312492000.0,7147000.0,357019000.0,557075000.0,329000.0,7476000.0,24486000.0,201555000.0,0.2745442311,177069000.0,0.2411911015,7476000.0,184545000.0,0.2513743898,45174000.0,139371000.0,0.1898415025,1.77,1.76,78824000,79163000,https://www.sec.gov/Archives/edgar/data/1097149/000109714920000052/0001097149-20-000052-index.htm,https://www.sec.gov/Archives/edgar/data/1097149/000109714920000052/algn-20200930.htm,9.313711559930985,1.7681289962447986,2.677763117832132,2.408111742616462,7.808941439155587,38.48410382624581,31.431099665076623,38.48410382624581,0.9260377549984776,25803824640.0,25253810640.0,46.286215640269496,35.148178885886146,122.25129169193453,135.9405355684686,8.506369317524381,8.506369317524381,34.398987991456714,125.29488546550569,119.64547945724682,133.04293419451366,0.0054011760637976,0.0073561575715312,0.0215983604260597,0.014839558233341,-2.728853166629456,1.3132954891896371,23.684991974317818,1.5144614015828255,0.0,0.0,0.0,0.0606515887891203,0.1259194884091856,0.1007002349909035,0.0289520856943596,0.8680470472923303,0.0343651926597506,39.128114535047736,0.040351897715664,0.0361144761339623,-2.98141429006394,351453000.0,2477525000.0,91627000.0,1694442000.0,549680000.0,107085500.0,127184500.0,76.74807667160665,53.6177870196345,55.37634462350542,1.1726678231312075,1.678547456034367,1.6252427026719636,0.0459443983476354,0.2696513752156703,2020-10-21,0.64,amc,487587586.0,2025-04-24,2020-09-30,2.515625,305.265234375,719545.171875
2020-06-30,ALGN,USD,1097149,2020-07-31,2020-07-31 16:16:53,2020,Q2,352314000.0,127986000.0,224328000.0,0.6367274647,40361000,0.0,0.0,256967000.0,-966000.0,297328000.0,425314000.0,473000.0,0.0,23545000.0,-49455000.0,-0.1403719409,-73000000.0,-0.2072015305,-493000.0,-73493000.0,-0.2086008504,-32891000.0,-40602000.0,-0.1152437882,-0.52,-0.52,78080769,78769000,https://www.sec.gov/Archives/edgar/data/1097149/000109714920000049/0001097149-20-000049-index.htm,https://www.sec.gov/Archives/edgar/data/1097149/000109714920000049/algn-20200630.htm,4.512173797878451,-0.5200000015368701,0.7671543296403753,0.3263671749954204,5.178727171603548,36.43720517148083,29.480165596217425,36.43720517148083,0.6482902339243098,21428486244.36,21074746244.36,-131.94230730234963,60.8221252756348,357.7376668507512,840.8933894894636,7.531861972081286,7.531861972081286,59.81807774984815,-426.1398492439592,351.8321576687813,827.0119783526272,-0.0018947675321996,0.0011892113940949,0.0177919857155159,0.0125734719340503,7.152765140026286,1.220532884731391,0.0,-1.4752967834096842,0.0,0.0,0.0,0.1145597393234444,0.1349305253514965,0.5745742904841402,0.0976884256657413,1.4617540879167552,0.0709792968772174,,-0.0129391960866235,-0.0116583769926659,-4.557197688460266,207652000.0,2301834000.0,-31568000.0,1488392000.0,503159000.0,83838500.0,126126500.0,120.90992694017268,66.79504008250902,92.31353429281327,0.7443557553759238,1.347405434427869,0.9749382979371706,-0.0142711275217087,0.4407871546449549,2020-07-22,-0.05913,amc,50330571.0,2025-04-24,2020-06-30,4.919161170302722,225.2065873015873,1174613.8412698412
2020-03-31,ALGN,USD,1097149,2020-05-05,2020-05-05 16:40:23,2020,Q1,550963000.0,156607000.0,394356000.0,0.7157576825,41532000,282906000.0,0.0,282906000.0,-18549000.0,324438000.0,481045000.0,1986000.0,0.0,20738000.0,90656000.0,0.1645409946,69918000.0,0.1269014435,-16563000.0,53355000.0,0.0968395337,-1464776000.0,1518131000.0,2.7554137029,19.32,19.21,78592000,79028000,https://www.sec.gov/Archives/edgar/data/1097149/000109714920000025/0001097149-20-000025-index.htm,https://www.sec.gov/Archives/edgar/data/1097149/000109714920000025/algn-20200331.htm,7.010420907980456,19.31660983306189,0.1244910423452768,-0.4618917956026058,10.060769543973942,36.30126475977199,35.362861359934854,36.30126475977199,0.6838482288273615,13671078400.0,12934127400.0,2.2513008429443837,24.81306076814596,1397.2892886345053,-376.6033552794689,4.7918440624902505,4.7918440624902505,23.475491820684876,142.67260192375574,1321.9672322158626,-356.3022340982342,0.111046909071928,-0.0026553135705812,0.0188381378266793,0.0135554019834343,-8.129092393222733,1.7311400416828633,0.0,0.0064447666242241,0.0,0.0,0.513475496539695,0.0753807424454999,0.0186012550317288,4.710241210139002,0.083644455253801,2.2222490114765163,0.0416125946751415,125.60808403821738,0.6470915314808189,0.3901558149916386,1.7697284710912051,665839000.0,2779238000.0,464674000.0,1473447000.0,541647500.0,79970000.0,116514000.0,87.06639102807267,41.77399477673412,69.52390378463288,1.033693931002394,2.154450405832989,1.2945187928283888,0.5321194718942134,0.5863828379478827,2020-04-29,1.07,amc,754743835.0,2025-04-24,2020-03-31,-0.3177570093457944,239.4585483870968,1095697.6451612904
2019-12-31,ALGN,USD,1097149,2020-02-28,2020-02-28 16:17:53,2019,Q4,649787000.0,177829000.0,471958000.0,0.7263272426,41327000,279481000.0,119100000.0,279481000.0,1741000.0,320808000.0,498637000.0,2906000.0,0.0,21796000.0,172946000.0,0.2661579872,151150000.0,0.2326146876,4647000.0,155797000.0,0.2397662619,34535000.0,121262000.0,0.1866180764,1.54,1.53,78578000,79137000,https://www.sec.gov/Archives/edgar/data/1097149/000109714920000008/0001097149-20-000008-index.htm,https://www.sec.gov/Archives/edgar/data/1097149/000109714920000008/algn-20191231x10k.htm,8.269324747384765,1.5432054773600754,2.776565959937896,2.235065794497188,11.05432818346102,17.131627173000076,16.16835501030823,17.131627173000076,0.5531191936674387,21926405120.0,21419443120.0,45.20460886345269,33.743988599341016,100.49824280286192,124.84643659573985,16.288003304191378,16.288003304191378,32.96379139625754,123.85046846992702,98.17461565609574,121.95985309775833,0.0055304095375576,0.0080098401465638,0.0322864365469714,0.0173803196062545,-2.931331166953847,1.6822548585435184,0.0,1.799219871023074,0.0,0.0,0.4301117135307416,0.0636008415065244,0.0302683006611743,0.1950251401385113,0.0654829967358534,1.95219306294733,0.031544182939948,24.38947457435173,0.076122578291954,0.0500047422484855,2.3268313013820663,662449000.0,1270477000.0,478886000.0,1426115000.0,541053500.0,75275000.0,103423000.0,76.21911487918348,44.15758959449808,56.70947933126768,1.1808061552887472,2.0381547277936964,1.5870362602743393,0.0900793288212698,0.5415001654407086,2020-01-29,1.4,amc,594576339.0,2025-04-24,2019-12-31,0.0928571428571429,249.3453125,817109.5
2019-09-30,ALGN,USD,1097149,2019-10-31,2019-10-31 16:06:31,2019,Q3,607341000.0,169787000.0,437554000.0,0.7204420581,39680000,277514000.0,0.0,277514000.0,-2211000.0,317194000.0,486981000.0,3478000.0,0.0,19706000.0,140066000.0,0.2306216771,127152000.0,0.2093584988,1267000.0,128419000.0,0.2114446415,25895000.0,102524000.0,0.1688079678,1.29,1.28,79332000,79825000,https://www.sec.gov/Archives/edgar/data/1097149/000109714919000036/0001097149-19-000036-index.htm,https://www.sec.gov/Archives/edgar/data/1097149/000109714919000036/algn-20190930.htm,7.655687490546059,1.2923410477487016,2.956335400594968,2.6215524630666063,9.862010285887155,16.456776584480412,15.486020773458378,16.456776584480412,0.546626834064438,14352745439.999998,13905748439.999998,34.998501424056805,23.632103612303464,61.19738645472685,69.01254220499776,10.993647454059555,10.993647454059555,22.89611345191581,99.2799711564548,59.2914759606365,66.86323917046923,0.0071431629877774,0.0144901197383739,0.0332159114671299,0.018450208051464,-3.1913312295632057,1.7302641861576935,0.0,2.287581444344738,0.0,0.0,0.4569327610024681,0.0653339721836661,0.0327657655357857,0.1132425425954667,0.043729963891784,2.4089795918367347,0.0398063032135159,21.87520920150156,0.0673623380428178,0.0450978460152513,2.316864569152423,635435000.0,1228537000.0,460748000.0,1372951000.0,525955000.0,62625000.0,87959500.0,78.80818189452054,33.55380565060929,50.24854670852303,1.1420134031319102,2.6822590837282783,1.7910965768236722,0.0785294155945123,0.3347829375283618,2019-10-23,1.14,amc,540913078.0,2025-04-24,2019-09-30,0.1228070175438597,207.8925,1392934.625
2019-06-30,ALGN,USD,1097149,2019-08-01,2019-08-01 08:55:54,2019,Q2,600697000.0,168408000.0,432289000.0,0.7196456783,38851000,267948000.0,0.0,267948000.0,13892000.0,306799000.0,475207000.0,3465000.0,0.0,19172000.0,144662000.0,0.2408235766,176490000.0,0.2938086922,17357000.0,193847000.0,0.3227034595,43121000.0,147142000.0,0.244952114,1.84,1.83,79943000,80590000,https://www.sec.gov/Archives/edgar/data/1097149/000109714919000032/0001097149-19-000032-index.htm,https://www.sec.gov/Archives/edgar/data/1097149/000109714919000032/algn-20190630.htm,7.514066272218956,1.8405864178226987,2.218505685300777,1.6513891147442552,9.017950289581329,17.183268078505936,16.196915302152785,17.183268078505936,0.7397770911774639,21718914240.0,21354554240.0,36.90128284242432,36.156188960490894,122.46080855238677,164.51604141890817,15.810729295426452,15.810729295426452,35.54962691673173,147.61688791804343,120.4063863233984,161.75609383639986,0.0067748322210788,0.0060784346096299,0.043052176559058,0.0252086834835382,-2.5186987598678297,1.847007652278828,0.0,1.2053254679153471,0.0,0.0,0.4460618248468029,0.0646765340928954,0.03361100963889,0.2556299829719093,0.075473991047067,1.929973181218339,0.037401551863918,26.67609456760581,0.0872345892757691,0.0649013194893181,2.2418410617565017,668328000.0,1294830000.0,485039000.0,1404060000.0,499687500.0,62231000.0,74806500.0,77.92357877598856,33.10709705002137,43.3539974348012,1.1549777540213884,2.718450363196126,2.075933139391549,0.1071150382694102,0.5671165705565215,2019-07-24,1.51,amc,495657087.0,2025-04-24,2019-06-30,-0.1192052980132449,301.96746031746034,1056958.2857142857
2019-03-31,ALGN,USD,1097149,2019-05-02,2019-05-02 17:12:00,2019,Q1,548971000.0,146875000.0,402096000.0,0.7324539912,37503000,247110000.0,0.0,247110000.0,-5746000.0,284613000.0,431488000.0,2633000.0,0.0,18316000.0,135799000.0,0.2473700797,87701000.0,0.1597552512,-3113000.0,84588000.0,0.154084642,8796000.0,71848000.0,0.1308775873,0.9,0.89,79860000,80687000,https://www.sec.gov/Archives/edgar/data/1097149/000109714919000022/0001097149-19-000022-index.htm,https://www.sec.gov/Archives/edgar/data/1097149/000109714919000022/algn-20190331.htm,6.874167292762334,0.8996744302529427,1.467655897821187,1.0261207112446782,9.698347107438016,15.72381667918858,14.7179439018282,15.72381667918858,1.4451164537941397,22772079000.0,22299485000.0,79.23699685447053,41.48138790573637,194.2894110420026,277.8912820637981,18.13490997878481,18.13490997878481,40.62051547349496,164.20949344251432,190.25727985529875,272.12414272813805,0.0031550918122144,0.0035985295852873,0.0919062135662544,0.0516494139444959,-3.480099264353935,1.7879756586042213,0.0,1.6313188954459414,0.0,0.0,0.450133067138337,0.0683150840390476,0.0359505556226867,0.3008438062573054,0.0642310796016547,1.5548549254784372,0.0383335367441996,17.840742859411453,0.0523443254139589,0.0333540535007411,2.372767968945655,634229000.0,1175375000.0,460387000.0,1346209000.0,459145000.0,63384000.0,62065000.0,78.5748063194595,38.30522553191489,41.967727659574464,1.1454053050298258,2.3495488866137704,2.144504957000394,0.0572173059893095,0.4415351865765088,2019-04-24,0.83,amc,518129932.0,2025-04-24,2019-03-31,0.072289156626506,238.66180327868847,1493151.8196721312
2018-12-31,ALGN,USD,1097149,2019-02-28,2019-02-28 09:04:23,2018,Q4,534020000.0,150924000.0,383096000.0,0.7173813715,35804000,226819000.0,88400000.0,226819000.0,-730000.0,262623000.0,413547000.0,2249000.0,0.0,16542000.0,137015000.0,0.2565727875,120473000.0,0.2255964196,1519000.0,121992000.0,0.2284408824,22517000.0,97392000.0,0.1823751919,1.22,1.2,79891000,80943000,https://www.sec.gov/Archives/edgar/data/1097149/000109714919000009/0001097149-19-000009-index.htm,https://www.sec.gov/Archives/edgar/data/1097149/000109714919000009/algn-20181231x10k.htm,6.684357437007924,1.219060970572405,3.0203026623774893,2.340889461891828,9.204528670313302,15.682504912943886,14.656744814810178,15.682504912943886,0.0,16731572130.0,16094673130.0,42.94904132269591,31.33135861952736,69.3407328373982,89.46599290969756,13.35437171310194,13.35437171310194,30.138708531515675,117.46650461628288,66.70122932509999,86.06040729135475,0.0058208516954228,0.0111774314180959,0.0,0.0,-4.6483888625333,1.8819965523868147,0.0,2.4775648923936258,0.0,0.0,0.4247387738286955,0.067046178045766,0.0399272482067842,0.2249487142294701,0.101642260589491,3.2812840043525573,0.0352889404891202,20.740140244319644,0.0722121851473695,0.0494247932894495,3.665860359740146,610406000.0,1170942000.0,502912000.0,1213684000.0,429642500.0,53660500.0,52249500.0,73.98750983109247,38.3175638069492,33.18020990697305,1.2164215312214557,2.348792330677291,2.7124602361567907,0.0777338172275162,0.6794132004856617,2019-01-29,1.15,amc,511769166.0,2025-04-24,2018-12-31,0.0434782608695652,252.6611111111111,1482186.873015873
2018-09-30,ALGN,USD,1097149,2018-11-01,2018-11-01 16:37:05,2018,Q3,505289000.0,133508000.0,371781000.0,0.7357789305,32700000,213873000.0,0.0,213873000.0,-837000.0,246573000.0,380081000.0,2234000.0,0.0,14119000.0,139327000.0,0.2757372514,125208000.0,0.2477948263,1397000.0,126605000.0,0.2505595808,24601000.0,100872000.0,0.1996322896,1.26,1.24,80111000,81359000,https://www.sec.gov/Archives/edgar/data/1097149/000109714918000032/0001097149-18-000032-index.htm,https://www.sec.gov/Archives/edgar/data/1097149/000109714918000032/algn-20180930.htm,6.307361036561771,1.2591529253161238,1.2016452172610503,0.5308509443147633,7.55398135087566,14.891625369799405,13.847985919536644,14.891625369799405,0.0,31365058720.0,30944198720.0,77.73479934967088,62.073503915580986,325.8199628109905,737.532831377713,26.29128723544258,26.29128723544258,61.24059443209728,222.09764596955364,321.4480727159404,727.6365302043407,0.0032160628456173,0.0013558718438771,0.0,0.0,-3.020663618681232,1.9802073408830991,0.0,0.9543282575937824,0.0,0.0,0.4232686640714522,0.0647154400748878,0.0433555191985086,0.5582298862514933,0.1063510189218447,3.8060769176287272,0.0379940984268408,20.540052508687296,0.0769949345670994,0.0546791572844289,2.6135112531362736,605973000.0,1109376000.0,488760000.0,1181210000.0,397323500.0,45904500.0,48055000.0,74.85783383370705,29.030844593582408,32.936003834976184,1.202278978575983,3.1001509346336933,2.7325719431822835,0.0845544320413618,0.670794272946287,2018-10-24,1.19,amc,484924999.0,2025-04-24,2018-09-30,0.0420168067226891,368.9501587301588,693136.0158730159
2018-06-30,ALGN,USD,1097149,2018-08-02,2018-08-02 16:43:01,2018,Q2,490259000.0,124677000.0,365582000.0,0.745691563,30804000,212087000.0,0.0,212087000.0,-7099000.0,242891000.0,367568000.0,1917000.0,0.0,12632000.0,135323000.0,0.2760234896,122691000.0,0.2502575169,-5182000.0,117509000.0,0.2396875937,7703000.0,106105000.0,0.2164264195,1.32,1.3,80216000,81471000,https://www.sec.gov/Archives/edgar/data/1097149/000109714918000029/0001097149-18-000029-index.htm,https://www.sec.gov/Archives/edgar/data/1097149/000109714918000029/algn-20180630.htm,6.111735813304079,1.322741099032612,1.7426573252219009,1.023137528672584,8.883788770320136,15.195958412286826,14.132492270868656,15.195958412286826,0.0,27445102240.0,26897109240.0,64.66495980396776,55.98082287117626,196.33234546352,334.4027468564188,22.51519718054504,22.51519718054504,54.8630606271379,198.76228904177407,192.4122015323094,327.72576810605324,0.0038660814258274,0.0029904060579662,0.0,0.0,-4.049518559298862,2.225373513622261,0.0,1.317459120682343,0.0,0.0,0.4326019512135422,0.0628320948723022,0.0445098036146508,0.4128865647511607,0.1177275684893087,4.569110196326789,0.0344511778468115,21.266338929168043,0.0849282579558184,0.0579402844564627,3.98170252817393,694353000.0,1133652000.0,563369000.0,1227593000.0,367915000.0,45312500.0,41559000.0,68.72569396992202,35.186602180033205,34.10957915253014,1.3095538917277247,2.557791728212703,2.6385549817997123,0.0870455856185482,0.7195197965493169,2018-07-25,1.09,amc,411097692.0,2025-04-24,2018-06-30,0.1926605504587155,298.3,1019436.171875
2018-03-31,ALGN,USD,1097149,2018-05-03,2018-05-03 17:29:13,2018,Q1,436924000.0,109516000.0,327408000.0,0.7493477126,29591000,199625000.0,0.0,199625000.0,177000.0,229216000.0,338732000.0,2176000.0,0.0,11434000.0,109626000.0,0.2509040474,98192000.0,0.2247347365,2353000.0,100545000.0,0.2301201124,2902000.0,95866000.0,0.2194111562,1.2,1.17,80036000,81628000,https://www.sec.gov/Archives/edgar/data/1097149/000109714918000019/0001097149-18-000019-index.htm,https://www.sec.gov/Archives/edgar/data/1097149/000109714918000019/algn-20180331.htm,5.459093407966416,1.1977859963016642,0.9662152031585788,0.2468139337298215,8.280561247438653,14.086910890099457,12.99204108151332,14.086910890099457,0.0,20099440680.0,19601437680.0,52.4154566791146,46.00214380532999,259.911041742099,1017.4871256454388,17.82718737693577,17.82718737693577,44.86235061475222,178.80281757977122,253.4712367454611,992.2768897438492,0.0047695854589322,0.0009828134182687,0.0,0.0,-4.542745334136063,2.256389663793353,0.0,0.806667640247846,0.0,0.0,0.4568872389706219,0.0677257371991467,0.0491543592387185,0.7445559406196659,0.1317803553936153,5.035683050550988,0.036230557259386,19.48447724201209,0.0753968891216785,0.0565547088021841,3.704573566894897,650791000.0,1039831000.0,513505000.0,1138948000.0,342142000.0,39328500.0,33777000.0,74.45530572822733,34.41771065415099,29.474597319113187,1.208778865652813,2.614932785750101,3.053476830424357,0.0850282936866939,0.719401269428757,2018-04-25,0.98,amc,365950427.0,2025-04-24,2018-03-31,0.1938775510204081,256.8090163934426,1155101.1147540985
2017-12-31,ALGN,USD,1097149,2018-02-28,2018-02-28 16:03:20,2017,Q4,421323000.0,103406000.0,317917000.0,0.7545683478,26170000,182141000.0,70100000.0,182141000.0,0.0,208311000.0,311717000.0,0.0,11188000.0,11024000.0,120630000.0,0.2863124016,109606000.0,0.260147203,2581000.0,112187000.0,0.2662731444,103654000.0,10264000.0,0.024361357,0.13,0.13,80080000,81863000,https://www.sec.gov/Archives/edgar/data/1097149/000109714918000010/0001097149-18-000010-index.htm,https://www.sec.gov/Archives/edgar/data/1097149/000109714918000010/algn-20171231x10k.htm,5.261276223776224,0.1281718281718281,2.027047952047952,1.158603896103896,9.010264735264736,14.36525974025974,13.253021978021978,14.36525974025974,0.1397102897102897,17792975200.0,17343464200.0,433.3830670303975,42.23119839173271,109.6126018013134,191.77391060669748,15.467175952084984,15.467175952084984,41.16429485216805,143.7740545469618,106.843415102941,186.9290501287979,0.0005768568710195,0.005214473631144,0.0,0.0,-3.726361601591644,2.324157921802433,9.796746514122274,15.815081839438816,0.0,0.0,0.4323072796880303,0.0621138651343506,0.0500985456639907,0.4284279782659586,0.1650633836747578,6.308508708272859,0.0351986480681092,6.4364187300956175,0.0065128338440253,0.0060777314855387,4.395838536463536,659187000.0,1061302000.0,529517000.0,1097048000.0,322076500.0,41359000.0,34314500.0,68.95956309055047,32.00820068467981,27.57983095758467,1.3051126771470611,2.811779421361757,3.2632542287301187,0.0089223467232281,0.8684440559440559,2018-01-30,0.96,amc,339872268.0,2025-04-24,2017-12-31,0.2395833333333333,227.1446031746032,1108598.5873015872
2017-09-30,ALGN,USD,1097149,2017-11-02,2017-11-02 16:47:22,2017,Q3,385267000.0,92779000.0,292488000.0,0.7591825929,24201000,169524000.0,0.0,169524000.0,1924000.0,193725000.0,286504000.0,1826000.0,3750000.0,9972000.0,108735000.0,0.2822328411,98763000.0,0.2563494927,3750000.0,102513000.0,0.2660830022,18344000.0,82555000.0,0.2142799669,1.03,1.01,80163000,81789000,https://www.sec.gov/Archives/edgar/data/1097149/000109714917000035/0001097149-17-000035-index.htm,https://www.sec.gov/Archives/edgar/data/1097149/000109714917000035/algn-20170930x10q.htm,4.80604518293976,1.0298392026246523,1.4735601212529472,0.8734703042550803,8.471077679228571,14.744433217319711,13.620847523171538,14.744433217319711,0.0467796863889824,14931962010.0,14569349010.0,45.2182242444431,38.75743837390693,126.408144,213.25281362467865,12.633242475620962,12.633242475620962,37.81623915362593,133.989506690578,123.33840431746032,208.07410754070267,0.0055287443100051,0.0046892698999037,0.0,0.0,-3.334832390674576,2.3863827001814166,26.3368,1.430864272303313,0.0,0.0,0.4400169233284968,0.0628161768332091,0.0530565384658431,0.4072380952380952,0.1248614597149509,4.824007220216607,0.0388483830694038,18.483746787995443,0.0655933463868327,0.051354449899941,5.275108217007847,639634000.0,1091888000.0,585338000.0,1025605000.0,306511000.0,45947500.0,36037000.0,75.06357928397709,44.56590392222378,35.83450996453939,1.198983593088682,2.0194810848461104,2.511545437318968,0.0698459674540042,0.6000898169978669,2017-10-26,0.82,amc,312817821.0,2025-04-24,2017-09-30,0.2317073170731708,171.19904761904763,869157.3174603175
2017-06-30,ALGN,USD,1097149,2017-08-03,2017-08-03 16:05:15,2017,Q2,356482000.0,85565000.0,270917000.0,0.7599738556,24384000,162964000.0,0.0,162964000.0,1771000.0,187348000.0,272913000.0,1441000.0,3212000.0,8876000.0,92445000.0,0.2593258566,83569000.0,0.2344269837,3212000.0,86781000.0,0.2434372563,15387000.0,69179000.0,0.1940602892,0.86,0.85,80188000,81631000,https://www.sec.gov/Archives/edgar/data/1097149/000109714917000030/0001097149-17-000030-index.htm,https://www.sec.gov/Archives/edgar/data/1097149/000109714917000030/algn-20170630x10q.htm,4.445577891953908,0.8627101311916995,1.3776001396717714,1.1471915997406097,7.506958647179129,13.44699955105502,12.308325435227216,13.44699955105502,0.0400558687085349,12037822560.0,11679640560.0,43.5024449616213,33.768388193513275,108.97211438710202,130.8586987857508,11.163828735922127,11.163828735922127,32.76361936928092,126.3415064092163,105.7296799949306,126.96503527518996,0.0057468034318658,0.0076418305338436,0.0,0.0,-3.87454161934123,2.3616559477961188,26.01774595267746,1.5968285173246215,0.0,0.0,0.457145101295437,0.0684017706363855,0.0588633091948295,0.1672535689391402,0.0518287038335736,2.0815682739972963,0.0399599418764481,16.15609519047135,0.0610369885511886,0.0473868039748499,4.556866364044495,578426000.0,986980000.0,530323000.0,925273000.0,279411000.0,41490500.0,35153500.0,73.64315729826471,48.3348331677672,36.954011570151344,1.2221094708838716,1.8620111853415449,2.435459539464321,0.0641563292923597,0.2304085399311617,2017-07-27,0.73,amc,306170588.0,2025-04-24,2017-06-30,0.1643835616438356,135.61793650793652,1261440.174603175
2017-03-31,ALGN,USD,1097149,2017-05-04,2017-05-04 16:44:17,2017,Q1,310341000.0,74716000.0,235625000.0,0.7592454751,22804000,151148000.0,0.0,151148000.0,450000.0,173952000.0,248668000.0,1195000.0,1645000.0,7867000.0,69540000.0,0.2240760969,61673000.0,0.1987265621,1645000.0,63318000.0,0.204027183,-7223000.0,69420000.0,0.2236894255,0.87,0.85,79904000,81534000,https://www.sec.gov/Archives/edgar/data/1097149/000109714917000018/0001097149-17-000018-index.htm,https://www.sec.gov/Archives/edgar/data/1097149/000109714917000018/algn-20170331.htm,3.8839232078494192,0.8687925510612735,0.5959776732078494,-0.1495294353223868,6.828018622346816,13.076629455346415,11.91965358430116,13.076629455346415,0.0205872046455746,9165787840.0,8904760840.0,33.00845520023048,29.534569521912992,192.47365322021795,-767.1399263475058,8.772138140925948,8.772138140925948,28.69347214837872,128.0523560540696,186.99231095525084,-745.2930063608973,0.0075738170260768,-0.0013035431551075,0.0,0.0,-3.7536238136324416,2.5117137276572,37.491185410334346,0.685983866320945,0.0,0.0,0.4870384512520099,0.0734804618145846,0.063350540295883,1.250897713193759,0.191946922900938,7.572009660607601,0.0477281442026673,15.988113113665152,0.0628196915782311,0.0507884575145993,4.369005306367641,552613000.0,952428000.0,503749000.0,876752000.0,257271500.0,32812000.0,31152500.0,77.46807543959709,44.60249478023449,42.36923818191552,1.1617688898206104,2.0178243491411902,2.124182634900779,0.0664385692068429,0.7455071085302363,2017-04-27,0.67,amc,244589411.0,2025-04-24,2017-03-31,0.2686567164179103,101.01508064516128,831901.0967741936
2016-12-31,ALGN,USD,1097149,2017-02-28,2017-02-28 16:21:32,2016,Q4,293203000.0,72954000.0,220249000.0,0.7511826277,21609000,130268000.0,36000000.0,130268000.0,0.0,151877000.0,224831000.0,0.0,0.0,7216000.0,75588000.0,0.2578009093,68372000.0,0.2331899742,-7516000.0,60856000.0,0.2075558572,12028000.0,47621000.0,0.1624164828,0.6,0.58,79904000,81534000,https://www.sec.gov/Archives/edgar/data/1097149/000109714917000009/0001097149-17-000009-index.htm,https://www.sec.gov/Archives/edgar/data/1097149/000109714917000009/algn-20161231x10k.htm,3.669440828994794,0.5959776732078494,1.0134661593912695,0.835652783340008,8.012815378454144,12.457311273528234,11.43110482579095,12.457311273528234,0.0,7681171520.0,7291896520.0,40.3244971756158,26.197452004242795,94.85269844406028,115.0358162103876,7.716753470251328,7.716753470251328,24.869788235454617,96.46897020691117,90.04564732032601,109.20590247409092,0.006199705328283,0.0086929447970457,0.0,0.0,-5.149957665237868,2.6894831162600363,0.0,1.7005102790785578,0.0,0.0,0.4442928619420674,0.0736997916119548,0.0587314695903236,0.1754507285749567,0.0484578943598803,1.968957871396896,0.0484783579977012,12.924638726576598,0.0526565975837184,0.0362370287173563,5.489346590909091,598643000.0,913391000.0,552216000.0,855808000.0,246203500.0,30850000.0,26736000.0,75.9451642718526,35.27757216876388,33.47026893659018,1.1850655780773194,2.5511959714645407,2.688953595518042,0.0478415976065638,0.1778133760512615,2017-01-31,0.66,amc,288823880.0,2025-04-24,2016-12-31,0.0151515151515151,92.86079365079364,955127.3015873017
2016-09-30,ALGN,USD,1097149,2016-11-08,2016-11-08 16:47:15,2016,Q3,278589000.0,69387000.0,209202000.0,0.7509341718,20415000,126708000.0,0.0,126708000.0,0.0,147123000.0,216510000.0,0.0,1463000.0,6901000.0,68980000.0,0.2476048947,62079000.0,0.2228336366,1463000.0,63542000.0,0.2280851003,11698000.0,51367000.0,0.1843827287,0.64,0.63,79977000,81466000,https://www.sec.gov/Archives/edgar/data/1097149/000109714916000065/0001097149-16-000065-index.htm,https://www.sec.gov/Archives/edgar/data/1097149/000109714916000065/algn-20160930.htm,3.4833639671405527,0.6422721532440576,0.7480525651124699,0.5312027207822249,7.664278480063018,12.157370243945136,11.1197344236468,12.157370243945136,0.0182927591682608,7497843750.0,7077895750.0,36.49154004516519,26.91363890893036,125.32541745365803,176.4862948404105,7.711371630447079,7.711371630447079,25.406228350724543,102.60794070745143,118.30604492954686,166.6014440730628,0.0068509029679366,0.0056661623550103,0.0,0.0,-6.087967526819368,2.6578205572932303,42.43267259056733,1.1646971791227831,0.0,0.0,0.4548205420888836,0.073279993108127,0.0610695617682922,0.2898858374981196,0.062252996349461,2.513114041443269,0.0492158699733298,13.254722109429046,0.0498604472028283,0.0402592353982189,5.2927404128687,568717000.0,889323000.0,525185000.0,824362000.0,218826000.0,36181500.0,24666500.0,79.14626923532515,42.938302563880846,34.16619827921657,1.1371350901253918,2.096030691155148,2.634182453209825,0.0528298587898921,0.2168498443302449,2016-11-07,0.52,amc,229955555.0,2025-04-24,2016-09-30,0.2307692307692307,90.4334375,718355.953125
2016-06-30,ALGN,USD,1097149,2016-08-04,2016-08-04 16:03:13,2016,Q2,269362000.0,64146000.0,205216000.0,0.7618595051,18613000,121467000.0,0.0,121467000.0,0.0,140080000.0,204226000.0,0.0,125000.0,5093000.0,70229000.0,0.2607234874,65136000.0,0.2418158463,125000.0,65261000.0,0.2422799059,15113000.0,50148000.0,0.1861732538,0.63,0.62,79951000,81281000,https://www.sec.gov/Archives/edgar/data/1097149/000109714916000060/0001097149-16-000060-index.htm,https://www.sec.gov/Archives/edgar/data/1097149/000109714916000060/algn-20160630.htm,3.3690885667471324,0.6272341809358232,0.952671010994234,0.7173018473815211,7.152043126414929,11.38019536966392,10.33269127340496,11.38019536966392,0.0015634576177908,6440053050.0,6272347050.0,32.105233758076096,23.908543335734063,84.55174878884556,112.29582120002092,7.078085866146146,7.078085866146146,23.28593881096814,89.31277748508451,82.3499291031549,109.37151563235628,0.0077868923766086,0.0089050508675545,0.0,0.0,-2.387987868259551,2.7606600911739227,521.088,1.5188442211055275,0.0,0.0,0.4509433401890393,0.0691003185304534,0.0669310374314797,0.2470623760946341,0.0698613761406583,3.694875319065384,0.0508572107424209,12.673044986725484,0.0525598951859816,0.042952436095532,4.832822603844855,526418000.0,826109000.0,483992000.0,771852000.0,185330000.0,41430000.0,22805000.0,64.37210890920026,55.08231222523618,32.25890936301562,1.398121042250597,1.6339183371965664,2.789926931106472,0.0551162928720745,0.2353691636127128,2016-07-28,0.48,amc,208567741.0,2025-04-24,2016-06-30,0.2916666666666667,76.47484375,680124.171875
2016-03-31,ALGN,USD,1097149,2016-05-05,2016-05-05 17:18:21,2016,Q1,238720000.0,58093000.0,180627000.0,0.7566479558,15083000,112210000.0,0.0,112210000.0,0.0,127293000.0,185386000.0,0.0,0.0,4792000.0,58126000.0,0.2434902815,53334000.0,0.223416555,-427000.0,52907000.0,0.2216278485,12361000.0,40546000.0,0.1698475201,0.51,0.5,79831000,81320000,https://www.sec.gov/Archives/edgar/data/1097149/000109714916000051/0001097149-16-000051-index.htm,https://www.sec.gov/Archives/edgar/data/1097149/000109714916000051/algn-20160331.htm,2.9903170447570493,0.5078979343863913,0.3843118588017186,0.1311896381105084,6.865478322957247,11.173980032819331,10.189324948954669,11.173980032819331,0.0,5802915390.0,5648497390.0,35.77982655502392,24.30845924095174,189.1432656453716,554.0833944428531,6.505291739067071,6.505291739067071,23.66160099698391,97.17677786188624,184.11008441981747,539.3390041057959,0.0069871775262951,0.0018047824750379,0.0,0.0,-2.656608058355985,2.849874431301183,0.0,0.7566714349134317,0.0,0.0,0.4700485924932976,0.0631828083109919,0.065094902116665,0.6586375488917862,0.0846472855227882,4.216819699499165,0.0524631367292225,11.300129689288246,0.0438173232120048,0.0359146608276333,4.72694817802608,508253000.0,813424000.0,467473000.0,734888000.0,168275000.0,38977500.0,21041500.0,67.10790884718499,67.5484137503658,35.040710584752034,1.341123595505618,1.3323776977592257,2.568441064638783,0.0454536282412026,0.2531222206912102,2016-04-28,0.39,amc,190960000.0,2025-04-24,2016-03-31,0.282051282051282,65.48131147540984,743004.5901639344
2015-12-31,ALGN,USD,1097149,2016-02-25,2016-02-25 17:25:10,2015,Q4,230276000.0,57466000.0,172810000.0,0.7504472893,13889000,99582000.0,23400000.0,99582000.0,0.0,113471000.0,170937000.0,0.0,0.0,4863000.0,64202000.0,0.278804565,59339000.0,0.2576864285,313000.0,59652000.0,0.2590456669,10775000.0,48877000.0,0.2122539909,0.61,0.6,79831000,81320000,https://www.sec.gov/Archives/edgar/data/1097149/000109714916000031/0001097149-16-000031-index.htm,https://www.sec.gov/Archives/edgar/data/1097149/000109714916000031/algn-20151231x10k.htm,2.884543598351517,0.6122558905688267,0.9940374040159836,0.7837431574200499,6.605140860066891,10.621512946098632,9.62989314927785,10.621512946098632,0.0,5256871350.0,5089157350.0,26.88826723203142,22.82856810957286,66.24499212399975,84.01987229689773,6.199681752888813,6.199681752888813,22.100250786013305,79.26789430235819,64.13152731396887,81.33932184698004,0.0092977356198758,0.0119019462022786,0.0,0.0,-2.612286221613034,2.694462440001178,0.0,1.6235652761012338,0.0,0.0,0.4324462818530806,0.0603145790269068,0.0683236192996401,0.2115556675697813,0.0729038197641091,3.452190006169032,0.0599628272160364,12.09625508287766,0.0548169959004265,0.0452786596397679,4.3245481078778925,460338000.0,768764000.0,421303000.0,675973000.0,153472500.0,37767500.0,19202000.0,61.96694401500808,53.80329238158215,30.484982424390072,1.4523872595395777,1.672760086161728,2.952273311071153,0.0576430018657288,0.2102942465959339,2016-01-28,0.52,amc,199593333.0,2025-04-24,2015-12-31,0.1538461538461537,64.15328125,648711.140625
2015-09-30,ALGN,USD,1097149,2015-10-29,2015-10-29 16:09:03,2015,Q3,207636000.0,50060000.0,157576000.0,0.7589050068,17779000,101751000.0,0.0,101751000.0,0.0,119530000.0,169590000.0,0.0,0.0,4503000.0,42549000.0,0.2049211119,38046000.0,0.1832341213,-1568000.0,36478000.0,0.1756824443,8862000.0,27616000.0,0.1330019842,0.35,0.34,79808000,81092000,https://www.sec.gov/Archives/edgar/data/1097149/000109714915000026/0001097149-15-000026-index.htm,https://www.sec.gov/Archives/edgar/data/1097149/000109714915000026/algn-20150930.htm,2.601694065757819,0.3460304731355252,0.7525185445068163,0.6210655573376103,6.074015136327185,10.002242882919006,9.003408179631114,10.002242882919006,0.0,4529902080.0,4355862080.0,41.00794901506373,21.816554354736173,75.42671262300814,91.39131824234354,5.674727225123675,5.674727225123675,20.978356739679057,102.3728426049966,72.52879897430775,87.88004035024008,0.006096379019301,0.0109419583745174,0.0,0.0,-4.090342898775529,2.9108424569855758,0.0,2.1747175550405564,0.0,0.0,0.4900450788880541,0.0856258067001868,0.073840131460722,0.1746840501523552,0.0505259203606311,2.329780146568954,0.0706091429231925,8.824642703069644,0.0344925861884923,0.0276202258945618,4.0624718073376105,467222000.0,718544000.0,430430000.0,667675000.0,147430500.0,35347000.0,17677000.0,64.32193839218633,74.03695565321614,34.04934079105074,1.3992115637319316,1.215609140137442,2.643222979037964,0.0345952879955002,0.1314529871692061,2015-10-22,0.31,amc,189282352.0,2025-04-24,2015-09-30,0.0967741935483871,59.6190625,730560.296875
2015-06-30,ALGN,USD,1097149,2015-07-30,2015-07-30 17:23:01,2015,Q2,209488000.0,50854000.0,158634000.0,0.7572462384,15684000,100625000.0,0.0,100625000.0,0.0,116309000.0,167163000.0,0.0,174000.0,4330000.0,46655000.0,0.222709654,42325000.0,0.2020402123,174000.0,42499000.0,0.2028708088,11149000.0,31350000.0,0.1496505766,0.39,0.39,80257000,81394000,https://www.sec.gov/Archives/edgar/data/1097149/000109714915000024/0001097149-15-000024-index.htm,https://www.sec.gov/Archives/edgar/data/1097149/000109714915000024/algn-20150630xq2.htm,2.6102146853233985,0.3906201328233051,0.784230659007937,0.6526533511095606,5.46422118942896,9.591699166427851,8.58754999563901,9.591699166427851,0.0021680351869618,5032916470.0,4871163470.0,40.13490007974482,24.02484376193386,79.96371893867176,96.08469778541428,6.53794483249567,6.53794483249567,23.252708842511264,104.40817640124315,77.3937634254846,92.9966298205422,0.0062289927096683,0.0104074844699339,0.0,0.0,-3.46700246490194,2.951243691824605,243.2471264367816,2.0076555023923444,0.0,0.0,0.480337775910792,0.0748682502100359,0.0783506597924713,0.1677788369876072,0.0504086152906133,2.438799076212471,0.0612254639883907,9.181557223793943,0.0387530737581297,0.0330699342082361,3.710816501987366,434981000.0,689211000.0,399126000.0,623600000.0,142312500.0,29043500.0,15493500.0,62.92455892461621,52.2312895740748,29.05081212883942,1.4302841615118866,1.7231050723410022,3.098020103563813,0.0407248106978297,0.1315773078983764,2015-07-23,0.37,amc,198756410.0,2025-04-24,2015-06-30,0.0540540540540541,59.0663492063492,877017.1587301587
2015-03-31,ALGN,USD,1097149,2015-05-01,2015-04-30 21:40:21,2015,Q1,198086000.0,46996000.0,151090000.0,0.7627495128,13885000,88281000.0,0.0,88281000.0,0.0,102166000.0,149162000.0,0.0,0.0,4308000.0,53232000.0,0.268731763,48924000.0,0.2469836334,-1452000.0,47472000.0,0.2396534838,11295000.0,36177000.0,0.1826327959,0.45,0.44,80459000,81824000,https://www.sec.gov/Archives/edgar/data/1097149/000109714915000012/0001097149-15-000012-index.htm,https://www.sec.gov/Archives/edgar/data/1097149/000109714915000012/algn-20150331xq1.htm,2.461949564374402,0.4496327321990082,0.4430206689121167,0.2489839545607079,5.528293913670317,9.86258839906039,8.852459016393443,9.86258839906039,0.0,4327487315.0,4137509315.0,29.904962510711226,21.84650765324152,121.4051708514518,216.01793615534368,5.453436544621907,5.453436544621907,20.88743936976869,77.72597901638112,116.07544718754384,206.5346835221884,0.008359816532472,0.0046292452274929,0.0,0.0,-3.568868349864743,3.277138227595662,0.0,0.9852945241451752,0.0,0.0,0.4456700624981068,0.0700958169683874,0.0790291762486569,0.4379856922429513,0.0788142523954242,3.6239554317548746,0.058802742243268,9.988854178009344,0.0450376599499902,0.0381964057770255,3.987561988093314,456737000.0,712260000.0,422441000.0,637775000.0,133955000.0,28778500.0,15250000.0,62.77228072655311,54.72082730445145,27.90620478338582,1.433753863302427,1.6447119759221671,3.225089212187757,0.0455897289845173,0.1940367143514088,2015-04-23,0.31,amc,139570454.0,2025-04-24,2015-03-31,0.2258064516129032,56.981065573770486,924181.31147541
2014-12-31,ALGN,USD,1097149,2015-02-26,2015-02-26 17:12:02,2014,Q4,198600000.0,47938000.0,150662000.0,0.7586203424,13276000,30273000.0,55620000.0,85893000.0,0.0,99169000.0,147107000.0,0.0,0.0,4387000.0,55880000.0,0.2813695871,51493000.0,0.2592799597,-1716000.0,49777000.0,0.2506394763,10236000.0,39541000.0,0.1990986908,0.49,0.48,80459000,81824000,https://www.sec.gov/Archives/edgar/data/1097149/000109714915000005/0001097149-15-000005-index.htm,https://www.sec.gov/Archives/edgar/data/1097149/000109714915000005/algn-20141231x10k.htm,2.468337911234294,0.4914428466672467,0.889956375296735,0.8012776693719783,5.650803514833642,9.355957692737917,8.336109074186853,9.355957692737917,0.0,4498462690.0,4298591690.0,28.441761020206872,22.650869536757305,62.823304098875774,69.776061579029,5.975871400465745,5.975871400465745,21.64446973816717,76.92540604867574,60.03200460861672,66.675844423763,0.0087898917307681,0.0143315626788048,0.0,0.0,-3.576789549033644,3.256314076041445,0.0,1.8109051364406563,0.0,0.0,0.1524320241691842,0.0668479355488419,0.0830528837638171,0.0996438796173451,0.0359264853977844,1.626396170503761,0.0527442094662638,10.17119294089403,0.0520285615171544,0.0436463301694039,4.035710734659889,455349000.0,670715000.0,421934000.0,627530000.0,129899000.0,29518000.0,15955500.0,58.799546827794565,54.4134089866077,29.903625516291875,1.5306240414332066,1.654004071352172,3.0096685082872927,0.0525272626070876,0.0886787059247567,2015-01-29,0.49,amc,202737500.0,2025-04-24,2014-12-31,-0.0204081632653061,52.895078125,707996.5
2014-09-30,ALGN,USD,1097149,2014-10-30,2014-10-30 16:32:33,2014,Q3,189876000.0,44822000.0,145054000.0,0.7639406771,12854000,28285000.0,52368000.0,80653000.0,0.0,93507000.0,138329000.0,0.0,0.0,4339000.0,55886000.0,0.2943289305,51547000.0,0.2714771746,-1999000.0,49548000.0,0.2609492511,11301000.0,38247000.0,0.2014314605,0.47,0.47,80629000,82014000,https://www.sec.gov/Archives/edgar/data/1097149/000109714914000013/0001097149-14-000013-index.htm,https://www.sec.gov/Archives/edgar/data/1097149/000109714914000013/algn-2014930xq3.htm,2.3549343288394997,0.4743578613154076,0.8380483448883156,0.7512681541380892,5.277207952473676,8.960250034106835,7.931761525009612,8.960250034106835,0.0,4166906720.0,3986230720.0,27.236820665673125,21.94541026775369,61.66708676799219,68.79035097566613,5.767696191878813,5.767696191878813,20.99386294213065,71.32789464266543,58.99321780053573,65.80761911050946,0.0091787511864436,0.0145369224871921,0.0,0.0,-3.232938481909602,3.100684931506849,0.0,1.7667006562606218,0.0,0.0,0.1489656407339527,0.0676968126566812,0.0874480248110017,0.1035503396427461,0.0368503655016958,1.612583544595529,0.0521919568560534,9.779223561621858,0.0530725960471463,0.0441976372920959,3.785111436331841,417112000.0,639530000.0,389839000.0,586485000.0,130537500.0,25496000.0,14549000.0,61.6414396764204,60.34469680067824,32.09294542858417,1.4600567487139264,1.4914318038132632,2.804354626790966,0.0529402482642541,0.0867801907502263,2014-10-23,0.43,amc,173738297.0,2025-04-24,2014-09-30,0.0930232558139534,54.457890625,664075.28125
2014-06-30,ALGN,USD,1097149,2014-07-31,2014-07-31 17:24:34,2014,Q2,192531000.0,47055000.0,145476000.0,0.7555977998,13289000,27069000.0,56386000.0,83455000.0,0.0,96744000.0,143799000.0,0.0,0.0,4354000.0,53086000.0,0.2757270258,48732000.0,0.2531124858,-93000.0,48639000.0,0.2526294467,13039000.0,35600000.0,0.184905288,0.44,0.43,81027000,82341000,https://www.sec.gov/Archives/edgar/data/1097149/000109714914000010/0001097149-14-000010-index.htm,https://www.sec.gov/Archives/edgar/data/1097149/000109714914000010/algn-2014630xq2.htm,2.376133881298826,0.4393597195996396,0.8605773384180582,0.7993138089772545,4.511212311945401,8.340380367038147,7.30621891468276,8.340380367038147,0.0,4540753080.0,4373282080.0,31.887310955056176,23.584529660158623,65.11907471676466,70.11013618256493,6.719118017863379,6.719118017863379,22.714690517371228,82.38108126436349,62.71736813423204,67.52435043078158,0.0078401092005645,0.0142632728225777,0.0,0.0,-3.1547112232980448,2.963514026283583,0.0,1.9587078651685392,0.0,0.0,0.1405955404584196,0.0690226508977775,0.0946373130434488,0.0711888713609637,0.0257828609418742,1.1401010564997702,0.0535290420763409,9.08017684502152,0.0510769687731298,0.0444090724242114,3.2177113801572315,367399000.0,592001000.0,344875000.0,532506000.0,128605500.0,19722500.0,14477500.0,61.24998052261713,40.04909148868346,25.08447561364361,1.4693882223646857,2.2472419886336503,3.5878764773160503,0.0526786189915299,0.0612635294408036,2014-07-24,0.39,amc,174593023.0,2025-04-24,2014-06-30,0.1025641025641025,52.01938095238095,1145717.0
2014-03-31,ALGN,USD,1097149,2014-05-01,2014-05-01 17:18:00,2014,Q1,180646000.0,43395000.0,137251000.0,0.7597787939,13380000,29179000.0,52888000.0,82067000.0,0.0,95447000.0,138842000.0,0.0,601000.0,4776000.0,46580000.0,0.2578523743,41804000.0,0.2314139256,601000.0,42405000.0,0.2347408744,9961000.0,32444000.0,0.1795998804,0.4,0.39,81120000,82817000,https://www.sec.gov/Archives/edgar/data/1097149/000144530514001766/0001445305-14-001766-index.htm,https://www.sec.gov/Archives/edgar/data/1097149/000144530514001766/algn-2014331xq1.htm,2.2268984220907297,0.3999506903353057,0.2218071992110453,0.1602194280078895,4.492603550295858,8.589164201183433,7.548878205128205,8.589164201183433,0.0074087771203155,4201204800.0,4018438800.0,32.37274072247565,23.256561451678973,233.49106874895796,323.2441948141879,6.029690291968603,6.029690291968603,22.244825791880253,86.26961786174324,223.33345189796032,309.18202662152805,0.007722546637098,0.0030936363778314,0.0,0.0,-3.923701159295835,3.220122325948904,69.55740432612313,0.5545863641967698,0.0,0.0,0.1615258572013772,0.0740675132579741,0.0952846582305923,0.2776635358194853,0.0276563001671777,1.0460636515912898,0.050551908151855,8.791640825949312,0.0447465057070537,0.0404915800627267,3.428368466469428,379319000.0,612365000.0,361286000.0,542800000.0,119716500.0,20138500.0,14904000.0,62.86588133697951,38.380919460767366,32.851711026615966,1.431619156304732,2.344915162649951,2.739583333333333,0.0465645644869846,0.0615877712031558,2014-04-23,0.35,amc,162076923.0,2025-04-24,2014-03-31,0.1142857142857144,55.98077868852459,1269354.68852459
2013-12-31,ALGN,USD,1097149,2014-02-28,2014-02-28 17:18:39,2013,Q4,178292000.0,41816000.0,136476000.0,0.7654633971,10970000,27890000.0,44694000.0,72584000.0,67013000.0,83554000.0,125370000.0,0.0,0.0,4178000.0,57100000.0,0.3202611446,52922000.0,0.2968276759,-199000.0,52723000.0,0.2957115294,10302000.0,42421000.0,0.2379299127,0.52,0.51,81120000,82817000,https://www.sec.gov/Archives/edgar/data/1097149/000144530514000789/0001445305-14-000789-index.htm,https://www.sec.gov/Archives/edgar/data/1097149/000144530514000789/algn-20131231x10k.htm,2.197879684418146,0.5229413214990138,0.8273175542406311,0.7750493096646943,4.561057692307692,7.815212031558185,6.762919132149902,7.815212031558185,0.0,4635196800.0,4392243800.0,27.31664034322623,25.99778341148229,69.06658719752056,73.72434151927726,7.311381926589586,7.311381926589586,24.635114306867383,76.92195796847636,65.44647455000596,69.86009352334902,0.0091519307227688,0.0135640411211882,0.0,0.0,-4.254868651488616,3.1064344295018764,0.0,1.5820466278494143,0.0,0.0,0.1564287797545599,0.061528279451686,0.1025804335051379,0.0631779711526999,0.0237812128418549,1.0148396361895644,0.0290142014223857,9.58932684918528,0.0648302865521997,0.0568048367334641,3.251201923076923,369338000.0,548608000.0,346499000.0,530443000.0,111214500.0,22421500.0,14315000.0,57.16745563457699,46.8574229959824,30.06313372871628,1.5743222958057397,1.920720224151394,2.993699885452463,0.0669132608798523,0.0522682445759368,2014-01-30,0.43,amc,150331372.0,2025-04-24,2013-12-31,0.186046511627907,53.8271875,1093198.453125
2013-09-30,ALGN,USD,1097149,2013-11-01,2013-11-01 07:34:12,2013,Q3,164506000.0,39416000.0,125090000.0,0.760397797,10915000,27487000.0,45224000.0,72711000.0,0.0,83626000.0,123042000.0,0.0,449000.0,3858000.0,45322000.0,0.275503629,41464000.0,0.2520515969,449000.0,41913000.0,0.2547809806,7376000.0,34537000.0,0.2099437103,0.43,0.42,79967000,81848000,https://www.sec.gov/Archives/edgar/data/1097149/000109714913000045/0001097149-13-000045-index.htm,https://www.sec.gov/Archives/edgar/data/1097149/000109714913000045/algn-2013930xq3.htm,2.057173584103442,0.4318906548951442,0.6895094226368377,0.6171920917378418,4.046406642740131,7.199019595583178,6.122237923143296,7.199019595583178,0.005614816111646,3846412700.0,3670573700.0,27.84269551495498,23.38159520017507,69.7597428270884,77.93359740654442,6.681465352519785,6.681465352519785,22.31270409589924,80.98878469617404,66.57067176901592,74.37085806909128,0.0089790156942857,0.0128314364186661,0.0,0.0,-3.879771413441595,2.9537876375039813,92.34743875278396,1.5964907200972869,0.0,0.0,0.1670881305241146,0.0663501635198716,0.1134171753121023,0.1048822953317131,0.0351537329945412,1.4989631933644376,0.0461381347792785,8.364015720581614,0.0573331732993789,0.0513104313035675,2.8670857978916304,318991000.0,489577000.0,298737000.0,481650000.0,110773000.0,24304500.0,15183000.0,59.73101285059512,52.68114471280698,33.478282930789526,1.5067549620348235,1.7083911234396671,2.6883099167917064,0.0599929822611015,0.0723173308989958,2013-10-17,0.3,amc,117500000.0,2025-04-24,2013-09-30,0.4,43.65421875,623488.0625
2013-06-30,ALGN,USD,1097149,2013-08-02,2013-08-02 16:08:53,2013,Q2,163828000.0,40137000.0,123691000.0,0.7550052494,10916000,27027000.0,47847000.0,74874000.0,0.0,85790000.0,125927000.0,0.0,0.0,3845000.0,41746000.0,0.2548160266,37901000.0,0.23134629,-335000.0,37566000.0,0.2293014625,8246000.0,29320000.0,0.1789681861,0.36,0.36,80576000,82149000,https://www.sec.gov/Archives/edgar/data/1097149/000109714913000033/0001097149-13-000033-index.htm,https://www.sec.gov/Archives/edgar/data/1097149/000109714913000033/algn-2013630xq2.htm,2.033210881652105,0.363880063542494,0.6615865766481335,0.6146619340746624,3.455495432883241,6.455991858617951,5.380138006354249,6.455991858617951,0.0,3044967040.0,2880470040.0,25.963225102319235,18.58636521229582,57.12026412545959,61.48095059260606,5.8534770222107735,5.8534770222107735,17.582281661254488,68.99990514061227,54.03447962782322,58.15959052637955,0.0096290040630456,0.0162652006899884,0.0,0.0,-3.940425429981316,2.751833132072653,0.0,1.818144611186903,0.0,0.0,0.1649717996923602,0.0666308567522035,0.1231549068467695,0.0709274405342537,0.023079082940645,0.9833550065019506,0.0443452889615938,7.27029238574583,0.0544537684166503,0.0475043988554874,2.3190683330023827,281439000.0,433510000.0,258397000.0,445059000.0,110519500.0,22642500.0,15573000.0,61.72955782894255,57.26212721429105,35.21339412512146,1.4579725364208354,1.571719465873047,2.555845644421803,0.0563631540298117,0.046924642573471,2013-07-18,0.28,amc,127400000.0,2025-04-24,2013-06-30,0.2857142857142855,34.47,930379.609375
2013-03-31,ALGN,USD,1097149,2013-05-03,2013-05-03 17:08:40,2013,Q1,153580000.0,40731000.0,112849000.0,0.7347896862,11282000,30348000.0,42281000.0,72629000.0,-988000.0,83911000.0,124642000.0,0.0,0.0,4944000.0,33882000.0,0.2206146634,-38075000.0,-0.2479163954,-988000.0,-39063000.0,-0.2543495247,2920000.0,-41983000.0,-0.273362417,-0.52,-0.52,80217745,81248000,https://www.sec.gov/Archives/edgar/data/1097149/000109714913000016/0001097149-13-000016-index.htm,https://www.sec.gov/Archives/edgar/data/1097149/000109714913000016/algn-2013331xq1.htm,1.914538983861987,-0.5233630040335838,0.1298715140895571,0.0599617952362036,4.571557078798463,6.994936095498571,5.948147757082925,6.994936095498571,0.0,2602263647.8,2273518647.8,-15.495936735107067,16.94402687719755,249.7853376655788,541.0111533887733,4.637640652768223,4.637640652768223,14.803481233233493,67.10107572752493,218.22985676713373,472.66499954261946,-0.0161332615300118,0.0018483907286129,0.0,0.0,-9.702644471991029,3.6657120016683455,0.0,-0.2481480599290189,0.0,0.0,0.1976038546685766,0.0734600859486912,0.1156235154803131,0.5382990977154924,0.036515171246256,1.1343042071197411,0.0417372053652819,,-0.0702641631369556,-0.0653661832800331,3.62535745675723,383476000.0,477147000.0,362204000.0,540119000.0,103832000.0,19648500.0,15282000.0,63.68329209532491,43.635560138469465,34.12093982470354,1.4132435217903416,2.0625379785294715,2.6376764667789145,-0.0748202695333245,0.0699097188533534,2013-04-18,0.23,amc,129969230.0,2025-04-24,2013-03-31,0.1304347826086956,30.814006666666668,965618.1333333332
2012-12-31,ALGN,USD,1097149,2013-03-01,2013-03-01 08:03:41,2012,Q4,142840000.0,36362000.0,106478000.0,0.7454354523,11711000,27166000.0,37769000.0,64935000.0,831000.0,77481000.0,113843000.0,157000.0,0.0,835000.0,34264000.0,0.2398767852,17071000.0,0.1195113414,-672000.0,16399000.0,0.1148067768,6840000.0,9559000.0,0.0669210305,0.12,0.12,81043000,82981000,https://www.sec.gov/Archives/edgar/data/1097149/000109714913000007/0001097149-13-000007-index.htm,https://www.sec.gov/Archives/edgar/data/1097149/000109714913000007/algn-20121231x10k.htm,1.762521130757746,0.1179497303900398,0.6263094900238145,0.5418111372974841,4.132016337006281,7.172945226608097,5.383611169379218,7.172945226608097,0.0,2248943250.0,1942557250.0,58.8174299089863,15.744492089050686,44.30716832814531,51.21710885902984,3.868703736515533,3.868703736515533,13.59953269392327,56.69382588139155,38.27095728752118,44.23951833295377,0.0042504407347762,0.0195247256683778,0.0,0.0,-8.9419215503152,3.054629484075833,0.0,5.3099696620985455,0.0,0.0,0.1901848221786614,0.0819868384206104,0.1917370080072774,0.134914693250325,0.0479417530103612,1.3001708752610597,0.0418580229627555,4.363032947454252,0.0166601254332557,0.0156371922741571,2.982132941771652,326758000.0,436304000.0,310798000.0,550962000.0,102447000.0,16982000.0,15129500.0,62.37244469336321,48.38595236785656,37.42863428854298,1.4429448844351058,1.860043992020052,2.4045761142705997,0.0164436959524665,0.0844983527263304,2013-01-30,0.22,amc,110376363.0,2025-04-24,2012-12-31,0.2272727272727273,29.002991935483877,1617608.322580645
2012-09-30,ALGN,USD,1097149,2012-11-09,2012-11-09 16:26:11,2012,Q3,136496000.0,36146000.0,100350000.0,0.7351863791,9952000,23896000.0,36468000.0,60364000.0,870000.0,71182000.0,107328000.0,200000.0,353000.0,866000.0,33561000.0,0.245875337,29168000.0,0.2136912437,-25018000.0,28815000.0,0.2111050873,4494000.0,24321000.0,0.1781810456,0.3,0.29,81437000,83906000,https://www.sec.gov/Archives/edgar/data/1097149/000109714912000020/0001097149-12-000020-index.htm,https://www.sec.gov/Archives/edgar/data/1097149/000109714912000020/algn-2012930xq3.htm,1.6760931763203455,0.2986480346771124,0.4944312781659442,0.4243525670149932,4.028254970099586,7.697115561722558,5.4543512162776135,7.697115561722558,0.0043346390461338,3094606000.0,2789699000.0,31.810020147197893,22.671770601336306,76.85597913820936,89.54817987152035,4.936914314886014,4.936914314886014,20.43795422576486,83.12323828253032,69.28347199801317,80.72512876902599,0.0078591588072924,0.011167172816184,0.0,0.0,-9.085158368344208,3.192381730921365,82.62889518413597,-117.04941860465117,0.0,0.0,0.1750674012425272,0.0729105614816551,0.2303699788983501,0.1417359990065814,0.0418107490329386,1.2991122239927158,0.0392832024381666,7.191758463115877,0.0383986454861612,0.0398584035989085,3.0581308250549504,332558000.0,444186000.0,318247000.0,590450000.0,104025500.0,16398000.0,14880000.0,69.8275407337944,35.891938250428815,37.68964754053007,1.2888897282393157,2.50752688172043,2.387923630838343,0.0387999936186844,0.070078711150951,2012-10-17,0.29,amc,141374999.0,2025-04-24,2012-09-30,-0.0344827586206894,34.822539682539684,1134713.1587301588
2012-06-30,ALGN,USD,1097149,2012-08-02,2012-08-02 16:23:50,2012,Q2,145626000.0,36826000.0,108800000.0,0.7471193331,10680000,22152000.0,39087000.0,61239000.0,869000.0,72788000.0,109614000.0,0.0,541000.0,869000.0,36012000.0,0.2472910057,36012000.0,0.2472910057,541000.0,36553000.0,0.2510060017,8061000.0,28492000.0,0.1956518754,0.35,0.34,80384000,82954000,https://www.sec.gov/Archives/edgar/data/1097149/000109714912000015/0001097149-12-000015-index.htm,https://www.sec.gov/Archives/edgar/data/1097149/000109714912000015/algn-2012630xq2.htm,1.8116291799363056,0.3544486464968153,0.3400054737261146,0.1755573248407643,3.5274557125796178,7.293677846337579,5.00804886544586,7.293677846337579,0.0067301950636942,2689648640.0,2426849640.0,23.6000336936684,18.469563402139727,98.41018038125206,190.59301587301587,4.587534671112666,4.587534671112666,16.664947468171892,67.39002665778074,88.79476199187735,171.97063775510205,0.0105932052150871,0.0052467819737227,0.0,0.0,-7.297539708985893,3.0252162184710363,66.5656192236599,0.9592517197809912,0.0,0.0,0.1521156936261382,0.0733385521816159,0.2468921459411446,0.4836632395448392,0.0907736255888371,3.108889934148636,0.036250394847074,7.626779819419768,0.0467583604273235,0.0508390803572225,2.6075618282245223,291299000.0,402567000.0,277267000.0,547234000.0,98295000.0,18338500.0,14028500.0,63.13027893370689,44.921794384402325,35.737522402650306,1.425623354119962,2.0034818562646213,2.518361485331327,0.0485966962024237,0.1644481488853503,2012-07-19,0.28,amc,119905882.0,2025-04-24,2012-06-30,0.2142857142857142,30.594285714285714,1035902.8095238096
2012-03-31,ALGN,USD,1097149,2012-05-08,2012-05-08 16:58:22,2012,Q1,135079000.0,34319000.0,100760000.0,0.7459338609,10526000,22626000.0,38717000.0,61343000.0,885000.0,72754000.0,107073000.0,200000.0,1000000.0,885000.0,28006000.0,0.2073305251,28006000.0,0.2073305251,-812000.0,27194000.0,0.201319228,6210000.0,20984000.0,0.1553461308,0.26,0.26,79235000,81856000,https://www.sec.gov/Archives/edgar/data/1097149/000119312512218771/0001193125-12-218771-index.htm,https://www.sec.gov/Archives/edgar/data/1097149/000119312512218771/d315374d10q.htm,1.704789550072569,0.2648324604025998,0.1946614501167413,0.0361582633937022,3.033747712500789,6.600896068656528,4.269805010412066,6.600896068656528,0.0126206853032119,2182924250.0,1958563250.0,26.007008315859707,16.160352460412057,141.52776517116183,761.928184991274,4.173675772720841,4.173675772720841,14.49939109706172,69.93370170677711,126.9815385114108,683.6171902268761,0.0096127934810381,0.001312459651314,0.0,0.0,-8.0111761765336,2.838118797302471,28.006,0.7350362180709111,0.0,0.0,0.167501980322626,0.0779247699494369,0.2754983324284495,0.8142505186721992,0.0929752219071802,3.221082328802257,0.036001154879737,6.27159946116567,0.0404232116469115,0.043200777383413,2.151987757935256,249668000.0,338318000.0,238082000.0,497284000.0,92989000.0,20304500.0,11418000.0,62.92384456503232,47.98041900987791,35.2300474955564,1.4303003991910292,1.8757651945780496,2.554637486973351,0.0401206832599775,0.158503186723039,2012-04-23,0.21,amc,105077777.0,2025-04-24,2012-03-31,0.2857142857142858,25.850806451612904,681037.5161290322
2011-12-31,ALGN,USD,1097149,2012-02-29,2012-02-29 16:52:11,2011,Q4,128905000.0,33355000.0,95550000.0,0.7412435515,9568000,22457000.0,36112000.0,58569000.0,983000.0,69120000.0,102475000.0,152000.0,51000.0,983000.0,30432000.0,0.2360808347,26430000.0,0.2050347155,-84000.0,26346000.0,0.2043830728,5897000.0,20449000.0,0.158636205,0.26,0.25,78737000,80849000,https://www.sec.gov/Archives/edgar/data/1097149/000119312512089395/0001193125-12-089395-index.htm,https://www.sec.gov/Archives/edgar/data/1097149/000119312512089395/d265005d10k.htm,1.6371591500819185,0.2597127144798506,0.5332943851048427,0.4142271105071313,3.150615339675121,6.233168650062868,3.878430725072075,6.233168650062868,0.0006477259738115,1868035325.0,1627360325.0,22.837734424666248,14.49156607579225,44.48762383900929,57.27534340027594,3.8062502929005,3.8062502929005,12.624493425390792,53.47529984884332,38.755902000476304,49.89607005978844,0.0109467951308683,0.0174595199370761,0.0,0.0,-7.908615930599369,2.5980542409041503,518.2352941176471,2.053401144310236,0.0,0.0,0.1742135681315697,0.0742252046080446,0.2855618053673082,0.2232674446296737,0.0727279779682712,2.145308924485126,0.0384701912260967,6.035208850832505,0.0409344929936373,0.0440845170622969,2.0694305091634173,236699000.0,305376000.0,226333000.0,476069000.0,89092500.0,18225500.0,8840000.0,63.91008882510376,60.20596612202068,25.36891020836456,1.4082283666714006,1.4948684623313764,3.547649436290151,0.0416662421731892,0.1190672745977113,2012-01-30,0.22,amc,101278571.0,2025-04-24,2011-12-31,0.2727272727272728,21.3634126984127,706685.1587301587
2011-09-30,ALGN,USD,1097149,2011-11-04,2011-11-04 12:05:18,2011,Q3,125894000.0,33524000.0,92370000.0,0.7337124883,8926000,21609000.0,34655000.0,56264000.0,868000.0,66058000.0,99582000.0,100000.0,0.0,868000.0,26312000.0,0.2090012233,26312000.0,0.2090012233,-118000.0,26194000.0,0.2080639268,6930000.0,19264000.0,0.153017618,0.25,0.24,78455000,80266000,https://www.sec.gov/Archives/edgar/data/1097149/000119312511296816/0001193125-11-296816-index.htm,https://www.sec.gov/Archives/edgar/data/1097149/000119312511296816/d226129d10q.htm,1.6046650946402397,0.2455420304633229,0.5294117647058824,0.3699955388439233,2.681970556369893,5.8234146963227325,3.452348480020394,5.8234146963227325,0.0,1190162350.0,987933350.0,15.445420862749168,9.453686037460086,28.654444444444444,41.00049435028249,2.605000809847749,2.605000809847749,7.847342605684147,37.54687404986318,23.78556277837968,34.033807013917595,0.016186027057569,0.0243899498249125,0.0,0.0,-7.68580875646093,2.7218750780034444,0.0,2.15609426910299,0.0,0.0,0.1716443992565174,0.0709009166441609,0.3174870289459311,0.301119537739256,0.0993454811190366,2.593199253576612,0.0393505647608305,5.672089037313622,0.0415490879974592,0.0481722839324027,1.9182333821936144,206947000.0,270854000.0,198090000.0,439357000.0,84389000.0,12272500.0,7275000.0,61.94353980332661,37.95549457105358,22.22348168476315,1.4529360169882743,2.3711981892771257,4.0497704759603765,0.042164613593185,0.159416225861959,2011-10-27,0.19,amc,88596296.0,2025-04-24,2011-09-30,0.4210526315789474,19.4028125,593916.21875
2011-06-30,ALGN,USD,1097149,2011-08-08,2011-08-08 14:36:18,2011,Q2,120086000.0,28949000.0,91137000.0,0.7589310994,9270000,26094000.0,38586000.0,64680000.0,592000.0,74542000.0,103491000.0,0.0,0.0,592000.0,17187000.0,0.1431224289,16595000.0,0.1381926286,-306000.0,16289000.0,0.1356444548,5127000.0,11162000.0,0.0929500525,0.14,0.14,77888000,80321000,https://www.sec.gov/Archives/edgar/data/1097149/000119312511213996/0001193125-11-213996-index.htm,https://www.sec.gov/Archives/edgar/data/1097149/000119312511213996/d10q.htm,1.5417779375513558,0.1433083401807724,0.38126540673788,0.308121918652424,2.2514636400986032,5.517948849630239,3.105754416598192,5.517948849630239,0.0,1775846400.0,1607239400.0,39.77437735172908,14.78812184601036,59.80086206896552,73.99668319513313,4.131970161616819,4.131970161616819,13.384069750012491,93.51483097690117,54.12309401939656,66.97109879578316,0.0062854535167005,0.0135141192391414,0.0,0.0,-9.810147204282307,2.6182766717526564,0.0,2.660455115570686,0.0,0.0,0.217294272438086,0.0771946771480439,0.3434445543269432,0.1918440193965517,0.047441000616225,1.2371335504885994,0.0414119880752127,4.218089857265433,0.0259866036870216,0.0310773788310762,1.5769887530813476,177122000.0,241901000.0,169306000.0,402125000.0,78017000.0,8500500.0,4569500.0,61.55338673950335,32.354485474455075,19.49911914055753,1.4621453792767565,2.781685404054963,4.615593112244898,0.0259713063832361,0.073143488085456,2011-08-01,0.2,amc,120100000.0,2025-04-24,2011-06-30,0.0,23.05436507936508,626746.6825396825
2011-03-31,ALGN,USD,1097149,2011-05-05,2011-05-05 15:07:59,2011,Q1,104856000.0,22630000.0,82226000.0,0.784180209,9390000,18992000.0,32821000.0,51813000.0,0.0,61203000.0,83833000.0,200000.0,89000.0,3679000.0,24891000.0,0.2373826963,21023000.0,0.2004940108,89000.0,21112000.0,0.2013427939,5271000.0,15841000.0,0.1510738537,0.21,0.2,76844000,79361000,https://www.sec.gov/Archives/edgar/data/1097149/000119312511128271/0001193125-11-128271-index.htm,https://www.sec.gov/Archives/edgar/data/1097149/000119312511128271/d10q.htm,1.364530737598251,0.2061449169746499,0.2244547394721774,0.1876919473218468,4.124407891312269,5.232744261100411,5.207159960439332,5.232744261100411,0.0011581906199573,1573765120.0,1265157120.0,24.83689666056436,15.00882276646067,91.24333951762524,109.11496359980586,3.9138163415028417,3.9138163415028417,12.065662623025863,50.82789441966976,73.35094619666049,87.71802814948346,0.0100656697741528,0.0091646458653245,0.0,0.0,-12.398376923385962,4.7496533854581,236.2134831460674,1.08882015024304,0.0,0.0,0.1811245899137865,0.0895513847562371,0.0039558776776623,0.1637871057513914,0.0269417105363546,0.767871704267464,0.0408083466849774,4.9265435858437,0.0385689078670185,0.0320009858267207,3.629697829368591,329947000.0,400139000.0,323064000.0,362635000.0,69667000.0,7181000.0,2705500.0,63.43327992675669,26.22448077772868,11.40212107821476,1.4188135960164538,3.43190779496512,7.893268224625044,0.0393951828502505,0.0367627921503305,2011-04-20,0.17,amc,84919047.0,2025-04-24,2011-03-31,0.2352941176470586,20.674556451612904,765509.0161290322
2010-12-31,ALGN,USD,1097149,2011-02-24,2011-02-24 13:15:33,2010,Q4,92893000.0,21137000.0,71756000.0,0.7724586352,6893000,37202000.0,30223000.0,67425000.0,-17332000.0,56986000.0,78123000.0,155000.0,-861000.0,2565000.0,16223000.0,0.1746417922,14770000.0,0.1590001399,-251000.0,14519000.0,0.1562981064,4614000.0,9905000.0,0.1066280559,0.13,0.12,76844000,79361000,https://www.sec.gov/Archives/edgar/data/1097149/000119312511044951/0001193125-11-044951-index.htm,https://www.sec.gov/Archives/edgar/data/1097149/000119312511044951/d10k.htm,1.2088516995471346,0.1288975066368226,0.4232601113945136,0.3438915204830566,3.9466841913487065,4.915764405809171,4.881070740721461,4.915764405809171,-0.0112045182447556,1501531760.0,1206867760.0,37.89832811711257,16.16410020130688,46.16546533435818,56.82024369938696,3.974966736995926,3.974966736995926,12.992020496700505,74.39239104974419,37.10584965411222,45.66971013395898,0.0065965970643205,0.0175993613348544,0.0,0.0,-18.16334833261419,4.179781444274743,-17.15447154471545,3.283695103483089,0.0,0.0,0.4004822753059972,0.0742036536660458,0.0055897664920126,0.1875172943889315,0.0656561850731486,2.3777777777777778,0.0423498003078811,3.7758005694506687,0.0262423127626423,0.0208844198643408,3.310961168080787,295637000.0,375081000.0,289415000.0,328987000.0,64620500.0,6797000.0,2463000.0,63.39229005414832,33.07564933528883,10.832189998580688,1.4197310102399512,2.721035015447992,8.308569182389936,0.0262212539080389,0.0793685909114569,2011-01-26,0.17,amc,112807142.0,2025-04-24,2010-12-31,-0.1764705882352941,18.7453046875,1050158.953125
2010-09-30,ALGN,USD,1097149,2010-11-04,2010-11-04 12:56:05,2010,Q3,95947000.0,21014000.0,74933000.0,0.7809832512,6592000,16203000.0,26905000.0,43108000.0,0.0,53010000.0,74024000.0,200000.0,283000.0,4266000.0,21923000.0,0.2284907293,21923000.0,0.2284907293,-83000.0,21840000.0,0.2276256683,5025000.0,16815000.0,0.1752530043,0.22,0.22,76081000,78109000,https://www.sec.gov/Archives/edgar/data/1097149/000119312510247648/0001193125-10-247648-index.htm,https://www.sec.gov/Archives/edgar/data/1097149/000119312510247648/d10q.htm,1.2611164416871492,0.2210144451308474,0.4700647993585783,0.4295421984463927,3.579343068571654,4.723938959792853,4.679696639108319,4.723938959792853,0.0037197197723478,1489665979.9999998,1224741979.9999998,22.14787362473981,15.525925563071276,41.65383161367894,45.58341432068543,4.144846105475206,4.144846105475206,12.76477617851522,55.865619668840935,34.246063808964564,37.4768047735618,0.0112877653284396,0.0219378038021651,0.0,0.0,-12.084295032614149,4.472262481883153,77.46643109540636,2.126851025869759,0.0,0.0,0.1688744827873722,0.0687045973297758,0.007560052556515,0.0862064144506892,0.0321323230533523,0.7226910454758556,0.0460045650202716,4.846784689945358,0.0462183717900121,0.0380542649518296,3.0958616474546865,277906000.0,356036000.0,272109000.0,309374000.0,63370500.0,5571000.0,2434500.0,59.85585792156086,24.951936804035405,10.201770248405824,1.503612229866324,3.606934431857192,8.821998320738874,0.0467860501611009,0.0405226009121856,2010-10-21,0.18,amc,69048000.0,2025-04-24,2010-09-30,0.3888888888888889,17.068984375,721626.21875
2010-06-30,ALGN,USD,1097149,2010-08-05,2010-08-05 14:01:57,2010,Q2,108196000.0,21178000.0,87018000.0,0.8042626345,6396000,15005000.0,28939000.0,43944000.0,0.0,41674000.0,62852000.0,0.0,156000.0,2890000.0,40389000.0,0.3732947614,45344000.0,0.4190912788,156000.0,45500000.0,0.4205331066,12897000.0,32603000.0,0.3013327665,0.43,0.42,75703000,77607000,https://www.sec.gov/Archives/edgar/data/1097149/000119312510179014/0001193125-10-179014-index.htm,https://www.sec.gov/Archives/edgar/data/1097149/000119312510179014/d10q.htm,1.4292168077883307,0.4306698545632274,0.5626725493045189,0.5056206491156229,3.23367634043565,4.411357541973238,4.357647649366604,4.411357541973238,0.0020606845171261,1125703610.0,889902610.0,8.631902048891206,10.404299696846463,26.427448821485587,29.409400161977167,3.37084443020425,3.37084443020425,8.224912288809199,22.03329149025725,20.891694290543715,23.249016641847582,0.0289623305018982,0.0340027336325233,0.0,0.0,-5.838248037832083,4.485983714281844,290.6666666666667,1.3065055363003404,0.0,0.0,0.1386835003142445,0.0591149395541424,0.0099488123085355,0.1013944971358813,0.0399182964250064,1.4944636678200691,0.0392898073865947,6.538070892712179,0.0970220173663027,0.0805756426922639,2.8862924851062703,257290000.0,329887000.0,256358000.0,288605000.0,60865500.0,4914500.0,2421500.0,52.34666715959925,22.591368401171025,10.568986684295025,1.7193071666931512,3.9838224228743417,8.515480498592682,0.0976275104580584,0.057051900188896,2010-07-22,0.14,amc,72133333.0,2025-04-24,2010-06-30,0.4999999999999998,16.37047619047619,1350712.6666666667
2010-03-31,ALGN,USD,1097149,2010-05-06,2010-05-06 13:41:31,2010,Q1,90090000.0,20380000.0,69710000.0,0.7737817738,6116000,14951000.0,27946000.0,42897000.0,0.0,49013000.0,69393000.0,100000.0,0.0,4465000.0,20697000.0,0.2297369297,20697000.0,0.2297369297,-553000.0,20144000.0,0.2235986236,5214000.0,14930000.0,0.1657231657,0.2,0.19,75166000,77597000,https://www.sec.gov/Archives/edgar/data/1097149/000119312510110507/0001193125-10-110507-index.htm,https://www.sec.gov/Archives/edgar/data/1097149/000119312510110507/d10q.htm,1.198547215496368,0.1986270388207434,0.248050980496501,0.1877843705930873,2.732591863342469,3.942686853098475,3.8792805257696297,3.942686853098475,0.0,1453710440.0,1263303440.0,24.34210381781648,16.13620202020202,77.9678433896487,102.99046687920652,4.905284320209478,4.905284320209478,14.022682206682209,61.03799777745567,67.75561491016359,89.5007750619908,0.0102702708800798,0.0097096365353199,0.0,0.0,-9.19973909262212,3.732590163934426,0.0,1.2488278633623575,0.0,0.0,0.1659562659562659,0.0678876678876678,0.0127585985351437,0.242960579243765,0.0502830502830502,1.0145576707726764,0.0385503385503385,4.19765349083742,0.0515969064551296,0.04048418323906,2.3079683633557724,208360000.0,291590000.0,207414000.0,238544000.0,56669000.0,5317500.0,2201000.0,58.74225774225774,19.929833169774287,10.40431795878312,1.5321168007346817,4.515843119875914,8.65025466893039,0.0503785987123594,0.0602666099034137,2010-04-22,0.13,amc,58564999.0,2025-04-24,2010-03-31,0.5384615384615385,18.22655737704918,549116.6393442623
2009-12-31,ALGN,USD,1097149,2010-02-26,2010-02-26 13:30:08,2009,Q4,86616000.0,22810000.0,63806000.0,0.736653736,5781000,85160000.0,27893000.0,113053000.0,-69673000.0,49161000.0,71971000.0,0.0,0.0,3322000.0,16852000.0,0.1945598966,14645000.0,0.1690796158,-315000.0,14330000.0,0.1654428743,2838000.0,11492000.0,0.1326775653,0.15,0.15,75166000,77597000,https://www.sec.gov/Archives/edgar/data/1097149/000119312510042395/0001193125-10-042395-index.htm,https://www.sec.gov/Archives/edgar/data/1097149/000119312510042395/d10k.htm,1.1523295106830216,0.1528882739536492,0.4557778782960381,0.4144293962695899,2.48070936327595,3.632440199026155,3.559721150520182,3.632440199026155,-0.1529947050528164,1339458120.0,1161471120.0,29.13892533936652,15.464326683291771,39.09799235237456,42.99888029276749,4.905793082230915,4.905793082230915,13.409429204765862,68.92185615950629,33.90265682010567,37.28519533883343,0.0085795888862878,0.023256419543748,-0.042118987972282,-0.0323724805765116,-10.561773083313554,3.216264785889246,0.0,2.9811172989906023,0.0,0.0,0.9831901727163572,0.0667428650595732,0.0153867807679315,0.0907206865349251,0.0358825159323912,0.9355809753160746,0.035524614389951,3.5349036798831706,0.0428640295038809,0.0328555009806332,1.9448520607721576,180056000.0,267570000.0,179095000.0,210493000.0,54786000.0,6810000.0,1969000.0,56.667705735660846,24.155195089872866,8.072775098640948,1.5882061719566534,3.725906566481542,11.148582600195503,0.0420896878067361,0.0413484820264481,2010-01-27,0.09,amc,71458196.0,2025-04-24,2009-12-31,0.7777777777777779,16.614375,626912.140625
2009-09-30,ALGN,USD,1097149,2010-02-24,2010-02-24 16:41:25,2009,Q3,79269000.0,20268000.0,59001000.0,0.7443136661,5611000,16224000.0,27687000.0,43911000.0,69673000.0,119195000.0,139463000.0,100000.0,371000.0,3303000.0,-56891000.0,-0.7176954421,-60194000.0,-0.7593636857,-271000.0,-60465000.0,-0.7627824244,-10523000.0,-49942000.0,-0.6300319166,-0.72,-0.72,69528000,69528000,https://www.sec.gov/Archives/edgar/data/1097149/000110465910009198/0001104659-10-009198-index.htm,https://www.sec.gov/Archives/edgar/data/1097149/000110465910009198/a10-4495_110qa.htm,1.140101829478771,-0.7183005407893223,0.1552324243470256,0.1402744218156713,2.228454723276953,3.706132781037855,3.6174490852606143,3.706132781037855,0.0053359797491658,988688160.0,852727160.0,-4.949181850947099,12.47257010937441,91.6045733345687,101.37272223931096,3.836883576529029,3.836883576529029,10.75738510640982,-14.988788384806032,79.00742703604188,87.43229365323491,-0.0505133994929199,0.0098645866255746,0.0,0.0,2.389850767256684,3.2583193876711203,-162.2479784366577,-0.2161106883985423,0.0,0.0,0.2046701737122961,0.0707842914632454,0.018640563026023,0.0963587510423422,0.0131198829302753,0.3148652739933394,0.0502970896567384,,-0.1927942367720013,-0.1538485234953083,1.7842919399378667,164636000.0,251514000.0,164434000.0,195231000.0,54135500.0,6985500.0,2001500.0,62.48533474624381,33.294849023090585,8.401420959147424,1.4403379667484328,2.703120832221926,10.71247357293869,-0.1938140329090344,0.0149580025313542,2009-10-22,0.05,amc,30499999.0,2025-04-24,2009-09-30,1.6,11.9431171875,779714.8125
2009-06-30,ALGN,USD,1097149,2009-08-05,2009-08-05 15:50:44,2009,Q2,76316000.0,18338000.0,57978000.0,0.7597096284,5669000,16539000.0,29108000.0,45647000.0,0.0,51316000.0,69654000.0,0.0,0.0,3236000.0,9898000.0,0.1296975732,6253000.0,0.081935636,557000.0,6810000.0,0.0892342366,2265000.0,4545000.0,0.0595550081,0.07,0.07,66285000,67373000,https://www.sec.gov/Archives/edgar/data/1097149/000110465909047332/0001104659-09-047332-index.htm,https://www.sec.gov/Archives/edgar/data/1097149/000110465909047332/a09-18597_110q.htm,1.151331372105303,0.0685675492192803,0.2792486988006336,0.2617786829599456,2.1585124839707324,3.587206758693521,3.4836237459455384,3.587206758693521,0.0,702621000.0,580439000.0,38.6480198019802,9.206732533151632,37.95899513776337,40.49221991701245,2.954945369209935,2.954945369209935,7.605731432465014,58.64204889876743,31.358130740140464,33.450841401567544,0.0064686367188,0.0246961021660326,0.0,0.0,-12.344109921196202,3.0618097434501728,0.0,4.072607260726072,0.0,0.0,0.2167173331935636,0.07428324335657,0.0223071274943631,0.0625607779578606,0.0151737512448241,0.357849196538937,0.0564626028617852,2.3524953686873005,0.0175359488251307,0.0151032805189281,1.7205023761031908,143937000.0,230912000.0,143732000.0,175321000.0,52450500.0,6268500.0,2089500.0,62.78159232664186,31.76845893772494,10.36045370269386,1.4335412127132017,2.8329986096091457,8.686878256750354,0.0191144681173195,0.0174700158406879,2009-07-23,0.01333,amc,10900000.0,2025-04-24,2009-06-30,4.251312828207052,10.84825396825397,806260.0158730159
2009-03-31,ALGN,USD,1097149,2009-05-07,2009-05-07 15:56:50,2009,Q1,70132000.0,17425000.0,52707000.0,0.7515399532,5191000,13468000.0,27854000.0,41322000.0,0.0,46513000.0,63938000.0,200000.0,0.0,3143000.0,9337000.0,0.1331346604,5284000.0,0.0753436377,148000.0,5432000.0,0.077453944,2796000.0,2636000.0,0.0375862659,0.04,0.04,65983000,66447000,https://www.sec.gov/Archives/edgar/data/1097149/000110465909030482/0001104659-09-030482-index.htm,https://www.sec.gov/Archives/edgar/data/1097149/000110465909030482/a09-11202_110q.htm,1.0628798326841762,0.0399496840095176,0.1606929057484503,0.132109785853932,1.8896382401527667,3.450873709894973,3.33620781110286,3.450873709894973,0.0,523245190.0,426194190.0,49.62492317905918,7.460862231221125,49.34878713571631,60.025833428931975,2.297968765782897,2.297968765782897,6.077028888381909,45.645730962836026,40.19562293690465,48.892301250430194,0.0050377911739618,0.0166594938025135,0.0,0.0,-10.39423797793724,3.1447355557728027,0.0,4.022382397572079,0.0,0.0,0.1920378714424228,0.0740175668738949,0.0261548619489278,0.1778741865509761,0.0268921462385216,0.6000636334712058,0.052971539382878,1.761215367582499,0.0112511887776558,0.0093571071062187,1.5593220981161815,131631000.0,220133000.0,131427000.0,165197000.0,52013500.0,5822000.0,2016500.0,66.3014030684994,31.32051649928264,10.681205164992823,1.3574373366882804,2.8735158311345645,8.426015473887814,0.0115766867663011,0.0285831198945182,2009-04-23,0.01067,amc,35050000.0,2025-04-24,2009-03-31,2.7488284910965324,8.043606557377048,552884.475409836
2008-12-31,ALGN,USD,1097149,2009-02-27,2009-02-27 15:31:45,2008,Q4,74125000.0,20233000.0,53892000.0,0.7270421585,5951000,42574000.0,115062000.0,42574000.0,0.0,48525000.0,68758000.0,0.0,0.0,3299000.0,4021000.0,0.0542462057,1325000.0,0.0178752108,-111000.0,1214000.0,0.0163777403,-64282000.0,65496000.0,0.8835885329,0.99,0.99,65983000,66447000,https://www.sec.gov/Archives/edgar/data/1097149/000104746909001977/0001047469-09-001977-index.htm,https://www.sec.gov/Archives/edgar/data/1097149/000104746909001977/a2190903z10-k.htm,1.1233954200324323,0.9926193110346604,0.132685691769092,0.1027840504372338,1.66961186972402,3.312065228922602,3.186790536956489,3.312065228922602,0.0,577351250.0,490251250.0,2.203765306278246,7.788887015177066,65.94531696173615,85.12993954585669,2.6418561819346573,2.6418561819346573,6.6138448566610455,121.9227182292962,55.99671616219303,72.28712031849012,0.1134422069753897,0.0117467486213981,0.0,0.0,-21.66127828898284,2.937116159281516,0.0,0.1336722853304018,0.0,0.0,0.5743541315345699,0.0802833052276559,0.0295910732760318,0.2253569388920616,0.0266172006745362,0.5980600181873295,0.2301112984822934,8.600665548478656,0.3267579684658013,0.2416157889882873,1.3582134792294984,117335000.0,210274000.0,117106000.0,152580000.0,50617000.0,6532500.0,2490000.0,63.576121416526135,24.82083724608313,8.740671180744329,1.4156258355295823,3.625985663082437,10.296692111959288,0.2996979957902443,0.0299016413318582,2009-01-28,0.01875,amc,1512244.9,2025-04-24,2008-12-31,51.266666666666666,7.235625,784866.40625
2008-09-30,ALGN,USD,1097149,2008-11-05,2008-11-05 16:48:41,2008,Q3,75173000.0,18766000.0,56407000.0,0.7503624972,5918000,42609000.0,28214000.0,42609000.0,0.0,48527000.0,67293000.0,0.0,0.0,3271000.0,11151000.0,0.1483378341,5691000.0,0.0757053729,264000.0,5955000.0,0.0792172722,798000.0,5157000.0,0.0686017586,0.08,0.08,67367000,68704000,https://www.sec.gov/Archives/edgar/data/1097149/000110465908068237/0001104659-08-068237-index.htm,https://www.sec.gov/Archives/edgar/data/1097149/000110465908068237/a08-25512_110q.htm,1.1158727566909614,0.076550833494144,0.2576780916472457,0.2171983315273056,1.6960084314278503,2.369914052874553,2.236822182967922,2.369914052874553,0.0,729584610.0,649828610.0,35.368654741128566,9.70540765966504,42.02918428480904,49.86226148168398,4.569785974670224,4.569785974670224,8.644441621326806,58.27536633485786,37.43467999308716,44.41146869874248,0.0070684056781296,0.0200552476017826,0.0,0.0,-7.1523630167697965,3.058651439850552,0.0,3.366104324219508,0.0,0.0,0.5668125523791787,0.0787250741622657,0.0414095695547755,0.1570943026672043,0.0362763226158328,0.8336900030571691,0.0,2.0203774798990453,0.0308451559662457,0.0248465459591238,1.41835765285674,116812000.0,150688000.0,116688000.0,155346000.0,50022500.0,8225000.0,3016000.0,58.51143362643503,35.89736757966535,14.45966108920388,1.5381609101325913,2.5071476285905145,6.224212271973466,0.0323011011311962,0.04047976011994,2008-10-28,0.0225,amc,18800000.0,2025-04-24,2008-09-30,2.555555555555556,11.94890625,913049.296875
2008-06-30,ALGN,USD,1097149,2008-08-08,2008-08-08 15:39:35,2008,Q2,79902000.0,20243000.0,59659000.0,0.7466521489,7001000,48786000.0,32464000.0,48786000.0,0.0,55787000.0,76030000.0,0.0,0.0,3159000.0,3872000.0,0.0484593627,3872000.0,0.0484593627,443000.0,4315000.0,0.0540036545,285000.0,4030000.0,0.0504367851,0.06,0.06,68581000,69916000,https://www.sec.gov/Archives/edgar/data/1097149/000110465908051330/0001104659-08-051330-index.htm,https://www.sec.gov/Archives/edgar/data/1097149/000110465908051330/a08-18826_110q.htm,1.1650748749653694,0.058762631049416,0.1526661903442644,0.0878960645076624,1.6048468234642248,2.321619690584856,2.180545632172176,2.321619690584856,0.0,719414690.0,655075690.0,44.62870285359802,9.003713173637706,68.71200477554919,119.34550265428004,4.51839723902298,4.51839723902298,8.198489274361092,169.18277117768596,62.56692359121299,108.67214499004643,0.0056017760771607,0.00837903379482,0.0,0.0,-16.616477272727273,3.0161371222996696,0.0,2.598014888337469,0.0,0.0,0.6105729518660359,0.0876198342970138,0.0445505573999972,0.4242597898758357,0.055593101549398,1.4061411839189617,0.0,1.7520133645566716,0.0226935310487195,0.0194222483541692,1.3414830638223414,116567000.0,149544000.0,116434000.0,155767000.0,49324000.0,9532500.0,3013500.0,57.640234287001576,39.8582225954651,13.413525663192214,1.5614093369550348,2.2580033463469045,6.709645343056016,0.025311049560668,0.0647701258366019,2008-07-29,0.05,amc,66583333.0,2025-04-24,2008-06-30,0.1999999999999999,11.77234375,956539.1875
2008-03-31,ALGN,USD,1097149,2008-05-08,2008-05-08 17:26:52,2008,Q1,74776000.0,19608000.0,55168000.0,0.7377768268,7295000,43247000.0,28059000.0,43247000.0,0.0,50542000.0,70150000.0,0.0,0.0,3062000.0,4626000.0,0.0618647694,4626000.0,0.0618647694,966000.0,5592000.0,0.0747833529,288000.0,5304000.0,0.0709318498,0.08,0.07,69053000,70860000,https://www.sec.gov/Archives/edgar/data/1097149/000110465908031394/0001104659-08-031394-index.htm,https://www.sec.gov/Archives/edgar/data/1097149/000110465908031394/a08-11459_110q.htm,1.082878368789191,0.0768105657972861,0.0457909142253052,-0.0293977090061257,1.9168319986097635,2.5622782500398245,2.4119010035769626,2.5622782500398245,0.0,767178830.0,653498830.0,36.16038980015083,10.259693350807746,242.62455091714105,-377.92060591133,4.335984977364313,4.335984977364313,8.739419466138868,141.26650021616948,206.6726217583808,-321.92060591133003,0.0069136422859843,-0.0026460584163929,0.0,0.0,-24.57414613056637,3.5425701471514883,0.0,0.5961538461538461,0.0,0.0,0.5783540173317642,0.0975580400128383,0.0449426531053884,1.6419987349778622,0.0694340430084519,1.6956237753102548,0.0536402054135016,2.104335036918285,0.0247766758123538,0.0240363263937353,1.6705610183482251,137192000.0,166549000.0,137033000.0,175338000.0,46162500.0,9661000.0,2960000.0,57.14066010484647,46.35862913096695,13.81578947368421,1.5750605581885202,1.941386138613861,6.514285714285714,0.0299774490908988,0.0751886232314309,2008-04-29,0.02545,amc,61690198.0,2025-04-24,2008-03-31,1.75049115913556,12.930819672131149,1360108.049180328
2007-12-31,ALGN,USD,1097149,2008-02-26,2008-02-26 17:15:37,2007,Q4,72517000.0,19127000.0,53390000.0,0.7362411572,6610000,41768000.0,98231000.0,41768000.0,1796000.0,48378000.0,67505000.0,0.0,0.0,3047000.0,8059000.0,0.111132562,5012000.0,0.0691148282,852000.0,5864000.0,0.0808637975,196000.0,5668000.0,0.0781609829,0.082,0.08,69053000,70860000,https://www.sec.gov/Archives/edgar/data/1097149/000104746908001750/0001047469-08-001750-index.htm,https://www.sec.gov/Archives/edgar/data/1097149/000104746908001750/a2182917z10-k.htm,1.0501643665010931,0.0820818791363155,0.2461008211084239,0.2298234689296627,1.852055667385921,2.333772609444919,2.173127887274992,2.333772609444919,0.0,1151804040.0,1062685040.0,50.80293048694425,15.883227932760594,67.77710015299517,72.57744423440454,7.147225883316579,7.147225883316579,14.654288511659336,131.86313934731356,62.53295516064493,66.96188027725267,0.004920975967405,0.0137783854274378,0.0,0.0,-11.058319890805311,3.002277941391822,0.0,2.9982357092448835,0.0,0.0,0.5759752885530289,0.0911510404456886,0.0497977653179865,0.0661409909379781,0.0154998138367555,0.3688874302592714,0.1683881021001972,2.076080424345909,0.0300335860049353,0.0267777840769506,1.4680824873647778,123058000.0,150061000.0,122910000.0,159471000.0,45426000.0,7783000.0,3226000.0,55.66281009970075,43.39310921733675,13.692685732211013,1.6168784838350057,2.0740620255909783,6.572852233676976,0.0351713268054159,0.0162773521787612,2008-01-29,0.09,amc,81562500.0,2025-04-24,2007-12-31,-0.111111111111111,20.38,1234781.3125
2007-09-30,ALGN,USD,1097149,2007-11-05,2007-11-05 16:56:28,2007,Q3,71451000.0,18132000.0,53319000.0,0.7462316833,6749000,38175000.0,24226000.0,38175000.0,0.0,44924000.0,63056000.0,0.0,0.0,3336000.0,8395000.0,0.1174931072,8395000.0,0.1174931072,1108000.0,9503000.0,0.1330002379,43000.0,9460000.0,0.1323984269,0.14,0.13,67970000,72230000,https://www.sec.gov/Archives/edgar/data/1097149/000110465907079794/0001104659-07-079794-index.htm,https://www.sec.gov/Archives/edgar/data/1097149/000110465907079794/a07-25733_110q.htm,1.051213770781227,0.1391790495806973,0.3247903486832426,0.2824334265116963,1.618228630278064,2.217257613653082,2.043622186258644,2.217257613653082,0.0,1839268200.0,1751299200.0,48.60645348837209,25.741671915018685,83.31528356586338,95.81018909204565,12.20426522988315,12.20426522988315,24.51049250535332,208.61217391304348,79.33045841637978,91.22775433661508,0.0051433499475497,0.0104373032709422,0.0,0.0,-10.478737343656938,2.9851943134733534,0.0,2.333615221987315,0.0,0.0,0.5342822353780913,0.0944563407090173,0.0570437035390103,0.1304131183185359,0.0402933478887629,0.863009592326139,0.0,2.6350342816053693,0.0553804030076515,0.0484899432062821,1.3252390760629689,111155000.0,138905000.0,110960000.0,148971000.0,46619500.0,6036000.0,3465000.0,57.94432548179872,31.489080079417604,17.58107213765718,1.5532150776053215,2.8581336696090798,5.11914172783738,0.0627708069300032,0.0423569221715462,2007-10-24,0.09,amc,49500000.0,2025-04-24,2007-09-30,0.4444444444444445,25.283015873015877,1179148.857142857
2007-06-30,ALGN,USD,1097149,2007-08-03,2007-08-03 16:18:55,2007,Q2,76603000.0,20247000.0,56356000.0,0.7356892028,6675000,36233000.0,24353000.0,36233000.0,0.0,42908000.0,63155000.0,0.0,0.0,3605000.0,13448000.0,0.1755544822,13448000.0,0.1755544822,680000.0,14128000.0,0.1844314191,510000.0,13618000.0,0.1777737164,0.2,0.19,66696000,71207000,https://www.sec.gov/Archives/edgar/data/1097149/000110465907058767/0001104659-07-058767-index.htm,https://www.sec.gov/Archives/edgar/data/1097149/000110465907058767/a07-19055_110q.htm,1.1485396425572747,0.2041801607292791,0.1944644356483147,0.169515413218184,1.1866528727359962,1.9241033945064168,1.736520930790452,1.9241033945064168,0.0,1611375360.0,1545781360.0,29.581718313996184,21.035408012741016,124.23865535851964,142.52391296656643,12.556497779163095,12.556497779163095,20.17912301084814,114.9450743604997,119.18129221279877,136.72221475322837,0.0084511655930993,0.00701636644115,0.0,0.0,-4.87760261748959,2.5712348614310128,0.0,0.9524159201057424,0.0,0.0,0.4729971411041343,0.087137579468167,0.0686079350717008,0.128296067848882,0.0217223868516898,0.4615811373092926,0.0,2.973118591290401,0.1008609388406966,0.0801794587974847,0.933215635120547,84589000.0,115819000.0,84400000.0,123775000.0,42720000.0,6244500.0,3556500.0,55.498218085453566,25.461549859238406,15.060008890205957,1.6216736879988145,3.534741620111732,5.9760920897284535,0.1061170420010909,0.0249490224301307,2007-07-25,0.11,bmo,51707025.0,2025-04-24,2007-06-30,0.7272727272727273,21.57268253968254,1007322.8571428572
2007-03-31,ALGN,USD,1097149,2007-05-07,2007-05-07 17:08:15,2007,Q1,63761000.0,17529000.0,46232000.0,0.7250827308,5693000,35335000.0,23150000.0,35335000.0,-1796000.0,39232000.0,56761000.0,0.0,0.0,3397000.0,7000000.0,0.1097849783,7000000.0,0.1097849783,455000.0,7455000.0,0.1169210019,477000.0,6978000.0,0.1094399398,0.11,0.1,65433000,69331000,https://www.sec.gov/Archives/edgar/data/1097149/000110465907036562/0001104659-07-036562-index.htm,https://www.sec.gov/Archives/edgar/data/1097149/000110465907036562/a07-11051_110q.htm,0.9744471444072564,0.106643436797946,0.0112634297678541,-0.0156648785780875,1.0024452493390186,1.512814634817294,1.307153882597466,1.512814634817294,0.1222624669509269,1037767380.0,989558380.0,37.17997205503009,16.275895610169226,1408.096852103121,-1012.4559804878048,10.48376954782398,10.48376954782398,15.519806464766864,141.3654828571429,1342.684369063772,-965.4228097560976,0.0067240502394669,-0.0009876972621744,0.0808178769143734,0.050942759441922,-6.887,1.9931509218582448,0.0,0.1056176554886787,0.0,0.0,0.5541788867803202,0.0892865544768745,0.0856920892262431,2.390773405698779,0.02763444738947,0.5186929643803356,0.0395539593168237,1.9052465503553029,0.0611084831894529,0.0485994066108565,0.5816140173918359,57422000.0,85531000.0,57189000.0,97087000.0,35919000.0,5897500.0,3407500.0,53.92434246639796,34.713332192366934,19.125449255519428,1.6690050519592703,2.592663807129123,4.7057718120805365,0.0704933931385622,0.0269283083459416,2007-04-26,0.00902,bmo,6380000.0,2025-04-24,2007-03-31,10.086474501108649,15.819508196721312,816710.9344262296
2006-12-31,ALGN,USD,1097149,2007-03-12,2007-03-12 16:52:06,2006,Q4,55191000.0,17197000.0,37994000.0,0.6884093421,4948000,51113000.0,61927000.0,51113000.0,14343000.0,56061000.0,73258000.0,0.0,0.0,3208000.0,-14859000.0,-0.2692286786,-18067000.0,-0.3273540976,1008000.0,-17059000.0,-0.3090902502,210000.0,-17269000.0,-0.3128952184,-0.26,-0.25,65433000,69331000,https://www.sec.gov/Archives/edgar/data/1097149/000110465907018240/0001104659-07-018240-index.htm,https://www.sec.gov/Archives/edgar/data/1097149/000110465907018240/a07-5886_110k.htm,0.8434734766860759,-0.2639188177219446,-0.1490990784466553,-0.4020448397597542,0.9787721791756452,1.276970336068956,1.0583956107774364,1.276970336068956,0.1757522962419574,914099010.0,870486010.0,-13.233236000926516,16.562465075827582,-93.69608548585488,-34.7473680009123,10.93995655608215,10.93995655608215,15.772245655994636,-58.58308163402651,-89.22570828208282,-33.089520279773446,-0.0188918266085858,-0.0287791581789373,0.1376322466369859,0.0758785415484501,2.935123494178612,1.5946328725491643,0.0,0.5649429613758759,0.0,0.0,0.9261111413092714,0.0896522983819825,0.0943665131500811,-1.6964944649446494,0.2998858509539598,5.15928927680798,0.1614393651138772,,-0.1919644051348239,-0.1258159934720522,0.3486505280210291,40306000.0,69254000.0,40087000.0,81512000.0,33121000.0,6085500.0,2877500.0,54.848616622275365,26.34529278362505,16.17142524858987,1.640880035677122,3.4161700437028206,5.56537216828479,-0.2066757623629661,0.2529457613130988,2007-01-30,-0.15,bmo,82786500.0,2025-04-24,2006-12-31,-0.6666666666666666,13.523174603174605,1020899.8888888888
2006-09-30,ALGN,USD,1097149,2006-11-07,2006-11-07 17:01:35,2006,Q3,49034000.0,16789000.0,32245000.0,0.6576049272,4807000,38403000.0,19165000.0,38403000.0,0.0,43210000.0,59999000.0,0.0,0.0,2271000.0,-8694000.0,-0.1773055431,-10965000.0,-0.2236203451,854000.0,-10111000.0,-0.2062038585,209000.0,-10320000.0,-0.2104662071,-0.16,-0.16,63230000,63230000,https://www.sec.gov/Archives/edgar/data/1097149/000110465906072262/0001104659-06-072262-index.htm,https://www.sec.gov/Archives/edgar/data/1097149/000110465906072262/a06-21938_110q.htm,0.7754863197849122,-0.1632136643998102,0.0357425272813537,-0.0071010596235963,1.3590384311244663,1.4300806579155465,1.414107227581844,1.4300806579155465,0.2372291633718171,719557400.0,660523400.0,-17.431138565891473,14.674662479096137,318.3882300884956,-1602.577728285078,7.957593116871627,7.957593116871627,13.470722355916305,-75.974626178974,292.2669911504425,-1471.098886414254,-0.0143421497715123,-0.0006239946945163,0.1658851632310006,0.0956077786488708,6.790200138026225,1.914192017651237,0.0,-0.2189922480620155,0.0,0.0,0.7831912550475181,0.0980340172125464,0.0064375904290239,1.1986725663716815,0.0552473793694171,1.192866578599736,0.0,,-0.1058612623488809,-0.0662043481886824,0.7156848015182666,60493000.0,89414000.0,60197000.0,88839000.0,32698500.0,5975000.0,2699000.0,59.84888036872374,38.25897909345405,14.286139734349872,1.5037875302849082,2.352388958946336,6.299812382739212,-0.1141289923029284,0.0428435869049501,2006-10-25,-0.13,bmo,39812500.0,2025-04-24,2006-09-30,0.2307692307692307,6.653968253968253,840046.4285714285
2006-06-30,ALGN,USD,1097149,2006-08-07,2006-08-07 17:03:19,2006,Q2,53221000.0,16492000.0,36729000.0,0.6901223201,4025000,35995000.0,20641000.0,35995000.0,0.0,40020000.0,56512000.0,0.0,841000.0,2523000.0,-768000.0,-0.014430394,-3291000.0,-0.0618364931,841000.0,-2450000.0,-0.0460344601,160000.0,-2610000.0,-0.0490407922,-0.0415,-0.0415,62966000,62966000,https://www.sec.gov/Archives/edgar/data/1097149/000110465906052072/0001104659-06-052072-index.htm,https://www.sec.gov/Archives/edgar/data/1097149/000110465906052072/a06-15634_110q.htm,0.8452339357748626,-0.0414509417781024,-0.0145157704157799,-0.0561731728234285,1.1078042117968427,1.5359876758885749,1.519724930915097,1.5359876758885749,0.0133564145729441,465318740.0,407832740.0,-44.57076053639847,8.74314161703087,-509.10146608315097,-131.5574611252474,4.811236519671199,4.811236519671199,7.663004077337893,-531.0322135416667,-446.2064989059081,-115.30470455188012,-0.0056090584273481,-0.0076012412480958,0.0,0.0,74.8515625,2.5059445178335533,-3.9131985731272296,0.350191570881226,0.0,0.0,0.6763307716878676,0.0756280415625411,0.0072236291682244,-2.8698030634573306,0.0492850566505702,1.039635354736425,0.0,,-0.0361085386221557,-0.0185457568587324,0.8047358892100499,67260000.0,95691000.0,66881000.0,94894000.0,32423500.0,3852500.0,2913500.0,55.44991638638883,26.26546204220228,14.914504001940337,1.623086306800854,3.426553085393725,6.03439443834614,-0.0269865067466266,0.0416574024076485,2006-07-26,-0.1,bmo,133000000.0,2025-04-24,2006-06-30,-0.6,8.11468253968254,490778.6190476191
2006-03-31,ALGN,USD,1097149,2006-05-03,2006-05-03 17:04:49,2006,Q1,48908000.0,14297000.0,34611000.0,0.7076756359,4694000,15064000.0,20066000.0,35130000.0,0.0,39824000.0,54121000.0,0.0,698000.0,2269000.0,-2944000.0,-0.0601946512,-5213000.0,-0.1065878793,698000.0,-4515000.0,-0.0923161855,249000.0,-4764000.0,-0.0974073771,-0.0762,-0.0762,62518000,62518000,https://www.sec.gov/Archives/edgar/data/1097149/000110465906030779/0001104659-06-030779-index.htm,https://www.sec.gov/Archives/edgar/data/1097149/000110465906030779/a06-9808_110q.htm,0.7823026968233149,-0.0762020538085031,-0.0898941104961771,-0.1242042291819955,1.1481973191720785,1.5383889439841325,1.5206180619981446,1.5383889439841325,0.0111647845420518,573290060.0,501507060.0,-30.08449097397145,11.7218054306044,-102.0089074733096,-73.83001416613007,5.960781267870697,5.960781267870697,10.254090537335406,-170.34886548913045,-89.23613167259786,-64.58558403090792,-0.0083099295320068,-0.0135446269555066,0.0,0.0,24.3828125,2.338021787928088,-7.4684813753581665,1.17968094038623,0.0,0.0,0.3080068700417109,0.0959761184264333,0.0076627031202582,-0.3816725978647687,0.0438578555655516,0.9453503746143676,0.0450846487282244,,-0.0570419101324235,-0.033111616172147,0.7767642918839375,64973000.0,95066000.0,64721000.0,94106000.0,30681000.0,2690500.0,3012000.0,58.99096262370164,18.20521787787648,19.47681331747919,1.5256574227157875,4.943637621023513,4.62087912087912,-0.0495336722917121,0.0343101186858184,2006-04-26,-0.1,bmo,61125000.0,2025-04-24,2006-03-31,-0.2,8.058790322580645,750860.6290322581
2005-12-31,ALGN,USD,1097149,2006-03-01,2006-03-01 16:38:30,2005,Q4,51164000.0,16711000.0,34453000.0,0.6733836291,3927000,29863000.0,80068000.0,29863000.0,0.0,33790000.0,50501000.0,0.0,0.0,2678000.0,3341000.0,0.0652998202,663000.0,0.0129583301,255000.0,918000.0,0.0179423032,390000.0,528000.0,0.0103197561,0.0084,0.0084,62049000,62518000,https://www.sec.gov/Archives/edgar/data/1097149/000110465906013213/0001104659-06-013213-index.htm,https://www.sec.gov/Archives/edgar/data/1097149/000110465906013213/a06-5488_110k.htm,0.8245741268997083,0.008509403858241,-0.0148753404567358,-0.0710728617705361,1.196135312414382,1.5058743895953195,1.486583184257603,1.5058743895953195,0.0,401457030.0,327238030.0,190.08382102272728,7.846474669689625,-434.9480281690141,-91.03334013605442,4.296507095614205,4.296507095614205,6.395864865921351,97.946132894343,-354.5374106175515,-74.20363492063493,0.0013152092516601,-0.0109849863632977,0.0,0.0,-22.214606405267883,2.295630348913759,0.0,-1.7481060606060606,0.0,0.0,0.583672113204597,0.0767531858337893,0.0084230525649145,-3.777898158179848,0.0681533891017121,1.3020911127707244,0.0013095145023844,0.5369516739606076,0.0040783441352413,0.0037469928253603,0.7895493883865977,62978000.0,92241000.0,62914000.0,90602000.0,29230000.0,3071000.0,3262000.0,51.54894066140255,13.404942852013644,15.780025133145832,1.7459136666097936,6.71394134190438,5.703412969283276,0.0056508058819752,0.0561975213138003,2006-01-25,0.00367,bmo,107444400.0,2025-04-24,2005-12-31,1.3024523160762942,6.808571428571429,606092.6825396825
2005-09-30,ALGN,USD,1097149,2005-11-04,2005-11-04 14:30:34,2005,Q3,50866000.0,14975000.0,35891000.0,0.7055990249,4400000,33030000.0,21315000.0,33030000.0,0.0,37430000.0,52405000.0,0.0,0.0,2262000.0,705000.0,0.0138599457,-1539000.0,-0.0302559667,326000.0,-1213000.0,-0.0238469705,303000.0,-1516000.0,-0.0298037982,-0.0245,-0.0245,61788000,61788000,https://www.sec.gov/Archives/edgar/data/1097149/000110465905052646/0001104659-05-052646-index.htm,https://www.sec.gov/Archives/edgar/data/1097149/000110465905052646/a05-19236_110q.htm,0.8232342849744287,-0.0245355085129798,0.1454004013724348,0.074593772253512,1.2841328413284132,1.4940603353401956,1.4732957855894349,1.4940603353401956,0.0067488832783064,415215360.0,338278360.0,-68.47218997361477,8.162925333228483,46.21720391807658,90.08794966370144,4.497810323349401,4.497810323349401,6.650382573821413,479.8274609929078,37.65342386464826,73.39517465827728,-0.003651117338241,0.0111002637282011,0.0045171423928938,0.0028755844263312,-109.1304964539007,2.2299743565390826,0.0,-5.926121372031663,0.0,0.0,0.6493532025321432,0.0865017890142728,0.0088474216282565,0.4869768477292965,0.0860103015766917,1.934129089301503,0.0,,-0.0207297740091379,-0.0105474810583659,0.8142074512850391,64752000.0,91032000.0,64698000.0,90361000.0,32181000.0,3954500.0,3359500.0,51.58553847363662,21.95459098497496,21.6,1.744675012862288,4.09937038050917,4.166666666666667,-0.0164220332557005,0.0708066291189227,2005-10-26,-0.12,bmo,305399999.0,2025-04-24,2005-09-30,-0.8333333333333333,6.8146875,721213.546875
2005-06-30,ALGN,USD,1097149,2005-08-04,2005-08-04 14:12:06,2005,Q2,53940000.0,16620000.0,37320000.0,0.6918798665,5355000,30772000.0,21049000.0,30772000.0,0.0,36127000.0,52747000.0,0.0,0.0,2732000.0,1193000.0,0.0221171672,1193000.0,0.0221171672,-238000.0,955000.0,0.0177048572,417000.0,538000.0,0.0099740452,0.01,0.01,61484000,62953000,https://www.sec.gov/Archives/edgar/data/1097149/000110465905036404/0001104659-05-036404-index.htm,https://www.sec.gov/Archives/edgar/data/1097149/000110465905036404/a05-12559_110q.htm,0.8773014117493982,0.0087502439659098,0.106271550322035,0.0610240062455272,1.1875284626894802,1.49420987574003,1.471943920369527,1.49420987574003,0.0137759417084119,453137080.0,380970080.0,210.56555762081783,8.40076158694846,69.35063973063973,120.77214285714284,4.932372700555132,4.932372700555132,7.0628490915832405,319.33787091366304,58.30579736761555,101.53786780383795,0.0011872786927964,0.0082800551215098,0.0092195493632306,0.0058319275656694,-60.49203688181056,2.243070402460523,0.0,12.144981412639403,0.0,0.0,0.5704857248794958,0.0992769744160178,0.0094261025234964,0.4257728803183349,0.0515758249907304,1.0183016105417275,0.0,0.5423843391474668,0.0072453372888205,0.0037395910082993,0.7744575824604775,66283000.0,90501000.0,66240000.0,89802000.0,33541000.0,3637000.0,3098000.0,58.74360400444939,23.04693140794224,16.922382671480147,1.532081688300622,3.905075187969925,5.3184,0.0058561010122999,0.0452475440765077,2005-07-20,0.01709,bmo,107800000.0,2025-04-24,2005-06-30,-0.4997074312463429,7.479453125,1051428.203125
2005-03-31,ALGN,USD,1097149,2005-05-05,2005-05-05 14:22:12,2005,Q1,51155000.0,15478000.0,35677000.0,0.6974293813,4903000,28645000.0,19134000.0,28645000.0,0.0,33548000.0,49026000.0,0.0,0.0,2779000.0,2129000.0,0.0416186101,2129000.0,0.0416186101,-60000.0,2069000.0,0.0404457042,206000.0,1863000.0,0.0364187274,0.03,0.03,61246000,63148000,https://www.sec.gov/Archives/edgar/data/1097149/000104746905013464/0001047469-05-013464-index.htm,https://www.sec.gov/Archives/edgar/data/1097149/000104746905013464/a2157527z10-q.htm,0.8352382196388336,0.0304183130326878,0.0243771021781014,-0.0271691212487346,1.1304901544590666,1.4810110048003136,1.4572380237076707,1.4810110048003136,0.022025928223884,382175040.0,314536040.0,51.284895330112725,7.47092249047014,255.9779236436705,-229.6725,4.213338037175049,4.213338037175049,6.148686149936467,147.73886331611084,210.6738379102478,-189.0240625,0.0048747296526743,-0.0043540258411433,0.0148722245496439,0.0098704187428203,-31.770314701737902,2.415131722185935,0.0,0.8013955984970478,0.0,0.0,0.5599648128237709,0.0958459583618414,0.0106533207483665,2.1145344943067648,0.061714397419607,1.1360201511335013,0.0,1.006787846494786,0.0208168758775655,0.0137780571682135,0.7953948012931457,64997000.0,89250000.0,64962000.0,88558000.0,30342000.0,3189500.0,2961500.0,56.07956211514026,17.548778912004135,17.856958263341518,1.6048627450980393,5.12856196156395,5.040052100293064,0.0205388838665578,0.051546223426836,2005-04-20,,bmo,,2025-04-24,2005-03-31,,8.206557377049181,1071527.3278688523
2004-12-31,ALGN,USD,1097149,2005-03-03,2005-03-03 17:16:57,2004,Q4,43655000.0,14961000.0,28694000.0,0.6572901157,4006000,24032000.0,55932000.0,24032000.0,0.0,28038000.0,42999000.0,0.0,0.0,8058000.0,8714000.0,0.199610583,656000.0,0.0150269156,616000.0,1272000.0,0.0291375558,151000.0,1121000.0,0.0256786164,0.018,0.018,61246000,63148000,https://www.sec.gov/Archives/edgar/data/1097149/000119312505041786/0001193125-05-041786-index.htm,https://www.sec.gov/Archives/edgar/data/1097149/000119312505041786/d10k.htm,0.7127812428566763,0.0183032361297064,0.1154850929040263,0.0883486268491003,1.137364072755772,1.399911830976717,1.399911830976717,1.399911830976717,0.030597916598635,658394500.0,590609500.0,146.83195807314897,15.081766120719276,93.08560723879542,121.67704675660691,7.679055039130384,7.679055039130384,13.529023021417936,67.77708285517558,83.50197935812244,109.1497874699686,0.0017026266167168,0.0082184769161953,0.0218570312226641,0.0143368627210967,-7.778861602019738,2.37683545430275,0.0,6.3095450490633365,0.0,0.0,0.5504982247165273,0.0917649753751002,0.0,0.2349780856779301,0.0380712404077425,0.2062546537602382,0.1165731302256328,0.7592862622690943,0.006598630182319,0.0085761062488524,0.7791325147764752,61886000.0,85739000.0,61861000.0,83588000.0,28236000.0,3630000.0,2501000.0,59.393196655595005,20.218568277521555,17.156607178664526,1.515325072026103,4.451353763760785,5.245792426367461,0.0130745635008572,0.027136466054926,2005-01-26,0.03,bmo,43655000.0,2025-04-24,2004-12-31,0.0,11.676171875,1028258.78125
2004-09-30,ALGN,USD,1097149,2004-11-05,2004-11-05 16:47:11,2004,Q3,45766000.0,14922000.0,30844000.0,0.673950094,4846000,22147000.0,13884000.0,22147000.0,0.0,26993000.0,41915000.0,0.0,0.0,2277000.0,3851000.0,0.0841454355,3851000.0,0.0841454355,-217000.0,3634000.0,0.0794039243,316000.0,3318000.0,0.0724992352,0.06,0.05,60319000,64055000,https://www.sec.gov/Archives/edgar/data/1097149/000119312504187955/0001193125-04-187955-index.htm,https://www.sec.gov/Archives/edgar/data/1097149/000119312504187955/d10q.htm,0.7587327376116978,0.0550075432285018,0.1410832407699066,0.1021734445199688,1.0566156600739405,1.3825494454483662,1.3825494454483662,1.3825494454483662,0.0391253170642749,921674320.0,860819320.0,69.4450210970464,20.13884368308351,108.3048554641598,149.54962193736816,11.052045950548,11.052045950548,18.80914477996766,223.53137366917684,101.15385663924796,139.67537238357943,0.0035999701065773,0.0066867437513068,0.0282993980382281,0.0188522494887525,-15.80238898987276,2.4100140225327595,0.0,2.564798071127185,0.0,0.0,0.4839181925446838,0.1058864659354105,0.0,0.2757931844888366,0.0512826115456889,1.030742204655248,0.0,1.308105343114976,0.0410025239030553,0.0265049846625766,0.7255798338831877,58321000.0,83394000.0,57893000.0,81625000.0,26700000.0,3606500.0,1754500.0,54.39999125988725,23.516284680337755,12.967430639324489,1.6544120305100676,3.827135162862272,6.94046511627907,0.0397870350384919,0.0389097962499378,2004-10-21,0.07,bmo,45800000.0,2025-04-24,2004-09-30,0.0,15.79171875,612712.4375
2004-06-30,ALGN,USD,1097149,2004-08-05,2004-08-05 14:54:53,2004,Q2,44204000.0,14250000.0,29954000.0,0.6776309836,3558000,22055000.0,13399000.0,22055000.0,0.0,25613000.0,39863000.0,0.0,0.0,2167000.0,4341000.0,0.0982037825,4341000.0,0.0982037825,-175000.0,4166000.0,0.0942448647,394000.0,3772000.0,0.0853316442,0.06,0.06,59692000,64461000,https://www.sec.gov/Archives/edgar/data/1097149/000119312504132531/0001193125-04-132531-index.htm,https://www.sec.gov/Archives/edgar/data/1097149/000119312504132531/d10q.htm,0.7405347450244589,0.0631910473765328,0.1547108490249949,0.0978020505260336,0.939807679421028,1.2760336393486564,1.2760336393486564,1.2760336393486564,0.047661328151176,1134148000.0,1080894000.0,75.1688759278897,25.657135100895847,122.80974553329725,194.26995546420008,14.889889587627511,14.889889587627511,24.45240249751154,248.99654457498272,117.04320519761777,185.14799588900308,0.0033258445987648,0.0051474763434754,0.0373511533563523,0.0247485994641428,-12.267680258005068,2.37394336432798,0.0,2.4483032873807,0.0,0.0,0.4989367478056284,0.0804904533526377,0.0,0.3678397401191121,0.0768482490272373,1.5676049838486388,0.0,1.346945729626082,0.0497437081010492,0.032812554368628,0.6247780272063258,52012000.0,76169000.0,51081000.0,75186000.0,24496500.0,2810500.0,1315500.0,52.40091394443942,20.93052631578947,8.583157894736841,1.7175272953335663,4.299939649969825,10.485651214128035,0.0495214588612165,0.0569087984989613,2004-07-22,0.06,bmo,29466666.0,2025-04-24,2004-06-30,0.5,19.26598387096774,500840.7419354839
2004-03-31,ALGN,USD,1097149,2004-05-06,2004-05-06 14:28:55,2004,Q1,39205000.0,13393000.0,25812000.0,0.65838541,3346000,21549000.0,13272000.0,21549000.0,0.0,24895000.0,38288000.0,0.0,0.0,2184000.0,917000.0,0.0233898737,917000.0,0.0233898737,-227000.0,690000.0,0.0175997959,133000.0,557000.0,0.0142073715,0.01,0.01,59091000,64559000,https://www.sec.gov/Archives/edgar/data/1097149/000119312504080451/0001193125-04-080451-index.htm,https://www.sec.gov/Archives/edgar/data/1097149/000119312504080451/d10q.htm,0.6634682100489077,0.009426139344401,-0.0043323010272291,-0.0323399502462303,0.810546445313161,1.1638320556429913,1.1638320556429913,1.1638320556429913,0.056556836066406,1123319910.0,1078845910.0,504.1830834829444,28.652465501849253,-4387.968398437501,-587.8178492935635,16.333971819926717,16.333971819926717,27.518069378905757,1176.4949945474373,-4214.2418359375,-564.5452171637886,0.0004958516225355,-0.0017012072722898,0.0485953585761647,0.0322263364961814,-48.49945474372955,2.355645545497856,0.0,-0.459605026929982,0.0,0.0,0.5496492794286443,0.0853462568549929,0.0,-6.46484375,0.0422140033159035,0.7577838827838828,0.0565489095778599,0.4968248890951004,0.0102649267484293,0.0053710560826969,0.5253253456533143,45528000.0,68772000.0,44180000.0,68114000.0,22260500.0,2701000.0,1333500.0,53.38706797602347,15.50287463600388,8.547748824012544,1.6858015135878912,5.805374945817079,10.529088050314463,0.0080992264293607,0.0280076492190012,2004-04-22,0.04333,bmo,39200000.0,2025-04-24,2004-03-31,-0.0768520655435033,19.525241935483876,493239.0967741936
2003-12-31,ALGN,USD,1097149,2004-03-09,2004-03-09 16:24:00,2003,Q4,36502000.0,12926000.0,23576000.0,0.6458824174,3302000,19804000.0,43689000.0,19804000.0,0.0,23106000.0,36032000.0,0.0,0.0,4760000.0,5230000.0,0.1432798203,470000.0,0.0128760068,-470000.0,-20038000.0,-0.5489562216,84000.0,452000.0,0.0123828831,0.0076,0.007,59091000,64559000,https://www.sec.gov/Archives/edgar/data/1097149/000119312504037274/0001193125-04-037274-index.htm,https://www.sec.gov/Archives/edgar/data/1097149/000119312504037274/d10k.htm,0.617725203499687,0.0076492190012015,0.1223367348665617,0.070061430674722,0.7992926164728977,1.0657460526983804,1.0657460526983804,1.0657460526983804,0.0649506693066626,975592410.0,934491410.0,539.5975719026549,26.72709467974358,134.95537557061834,235.65034057971016,15.49149533155488,15.49149533155488,25.601101583474883,178.67904588910136,129.26980356895837,225.7225628019324,0.0004633082375046,0.0042435754497106,0.0609438516260162,0.0375530811530107,-7.858699808795411,2.063140433956711,0.0,15.993362831858407,0.0,0.0,0.5425456139389623,0.0904607966686757,0.0,0.4273066814220501,0.0846254999726042,0.6489495798319328,0.3505561339104706,0.4282788945617209,0.0070639425346877,0.0044226140388642,0.417174358193295,39737000.0,62976000.0,37888000.0,62858000.0,21029500.0,2425000.0,1486500.0,52.43137362336311,21.549589973696428,9.712981587498064,1.7165295085821772,4.1764135702746366,9.26594982078853,0.0071773373983739,0.0522753041918397,2004-01-29,0.035,bmo,33878415.0,2025-04-24,2003-12-31,1.5714285714285712,16.1618125,513202.21875
2003-09-30,ALGN,USD,1097149,2003-11-12,2003-11-12 16:44:56,2003,Q3,34038000.0,13446000.0,20592000.0,0.6049709149,3113000,19227000.0,10505000.0,19227000.0,0.0,22340000.0,35786000.0,0.0,0.0,5360000.0,3612000.0,0.1061166931,-1748000.0,-0.0513543686,-396000.0,-2144000.0,-0.0629884247,396000.0,-2144000.0,-0.0629884247,-0.037,-0.037,57948000,57948000,https://www.sec.gov/Archives/edgar/data/1097149/000119312503078570/0001193125-03-078570-index.htm,https://www.sec.gov/Archives/edgar/data/1097149/000119312503078570/d10q.htm,0.5873886933112445,-0.0369986884793262,0.0747739352522951,0.0577759370470076,0.6772968868640851,1.002398702284807,1.002398702284807,1.002398702284807,0.075723062055636,724929480.0,692067480.0,-84.53002332089551,21.29765203595981,167.30428802215556,216.52612903225807,12.480064041868232,12.480064041868232,20.33220165697162,191.602292358804,159.7201661666282,206.71071684587807,-0.002957529055102,0.0046183802595529,0.0755418596243565,0.0457798643714136,-9.098006644518271,2.020584498094028,0.0,-2.0209888059701493,0.0,0.0,0.5648686761854398,0.0914566073212292,0.0,0.2273251788599123,0.0289382454903343,0.1837686567164179,0.0,,-0.0331469901393393,-0.0223682837767344,0.3083712984054669,36144000.0,58087000.0,33796000.0,58475000.0,19683500.0,1813500.0,1619500.0,54.98149127445796,11.74698795180723,10.562248995983936,1.63691449456574,7.661538461538462,8.520912547528518,-0.0369101520133592,0.0169979982052875,2003-10-23,0.004,bmo,17000000.0,2025-04-24,2003-09-30,4.0,12.555765625,389926.234375
2003-06-30,ALGN,USD,1097149,2003-08-13,2003-08-13 14:04:10,2003,Q2,29225000.0,13269000.0,15956000.0,0.5459709153,3712000,20430000.0,11416000.0,20430000.0,0.0,24142000.0,37411000.0,0.0,427000.0,5857000.0,-2329000.0,-0.0796920445,-8186000.0,-0.2801026518,427000.0,-7759000.0,-0.2654918734,0.0,-7759000.0,-0.2654918734,-0.13,-0.13,57489000,57489000,https://www.sec.gov/Archives/edgar/data/1097149/000119312503035649/0001193125-03-035649-index.htm,https://www.sec.gov/Archives/edgar/data/1097149/000119312503035649/d10q.htm,0.5083581206839569,-0.1349649498164866,0.0662213640870427,0.0161074292473342,0.6106733462053611,0.9699942597714344,0.9699942597714344,0.9699942597714344,0.093270016872793,724361400.0,697581400.0,-23.3393929630107,24.785676646706587,190.2709219858156,782.2477321814255,12.989767591994836,12.989767591994836,23.869337895637297,-299.5197080291971,183.236511688994,753.3276457883369,-0.0107115039536894,0.001278367400582,0.0884979556703249,0.053761098099025,11.498497209102618,1.981738737381347,-19.17096018735363,-0.394589552238806,0.0,0.0,0.6990590248075278,0.1270145423438836,0.0,0.7567638560546361,0.0985799828913601,0.4918900460986853,0.0,,-0.1348621888334239,-0.0845253009423171,0.240676477239124,32579000.0,55764000.0,29733000.0,56311000.0,17825500.0,1975000.0,1711500.0,57.19657827202737,12.6972643002487,11.266108975808274,1.5735207020944382,7.0881410256410255,7.988561107766405,-0.1391399469191593,0.0501139348397084,2003-07-24,-0.05,amc,24333333.0,2025-04-24,2003-06-30,0.1999999999999999,8.76031746031746,434231.7460317461
2003-03-31,ALGN,USD,1097149,2003-08-13,2003-08-13 13:33:53,2003,Q1,24735000.0,11810000.0,12925000.0,0.5225389125,2985000,18524000.0,10630000.0,18524000.0,0.0,21509000.0,33319000.0,0.0,0.0,5938000.0,-8584000.0,-0.3470386093,-8584000.0,-0.3470386093,-197000.0,-10671000.0,-0.4314129776,198000.0,-8782000.0,-0.3550434607,-0.15,-0.15,57189000,57189000,https://www.sec.gov/Archives/edgar/data/1097149/000119312503035606/0001193125-03-035606-index.htm,https://www.sec.gov/Archives/edgar/data/1097149/000119312503035606/d10qa.htm,0.432513245554215,-0.1535609994929094,-0.0567766528528213,-0.0677927573484411,0.5944674675199776,1.1613072444001469,1.1613072444001469,1.1613072444001469,0.0958051373515885,345993450.0,317475450.0,-9.849506092006378,13.98801091570649,-106.55788420080074,-89.2425715759608,5.209646309513055,5.209646309513055,12.8350697392359,-36.98455848089469,-97.77500769941484,-81.88688418880578,-0.0253819833872577,-0.0112054144377588,0.0824976661547264,0.0611065880017398,3.322227399813607,3.2040488270457628,0.0,0.369733545889319,0.0,0.0,0.7488983222154841,0.1206791995148574,0.0,-0.1940252540806898,0.0254699818071558,0.1060963287302121,0.1472003234283404,,-0.1216151196112083,-0.0979445256125715,0.4273111962090611,43876000.0,66414000.0,40534000.0,67663000.0,16922000.0,2026000.0,1647500.0,62.1394784718011,15.835732430143944,13.427603725656224,1.448354608267947,5.68334937439846,6.70261066969353,-0.132231156081549,0.0110161044956197,2003-04-24,-0.11,bmo,36142857.0,2025-04-24,2003-03-31,-0.3636363636363636,4.105737704918033,190031.1475409836
2002-12-31,ALGN,USD,1097149,2003-08-13,2003-08-13 13:19:45,2002,Q4,22426000.0,11831000.0,10595000.0,0.4724427004,3968000,20792000.0,51929000.0,20792000.0,400000.0,24760000.0,36591000.0,0.0,0.0,6556000.0,-7609000.0,-0.339293677,-14165000.0,-0.6316329261,252000.0,-13913000.0,-0.620395969,10000.0,-13913000.0,-0.620395969,-0.24,-0.24,57189000,57189000,https://www.sec.gov/Archives/edgar/data/1097149/000119312503035582/0001193125-03-035582-index.htm,https://www.sec.gov/Archives/edgar/data/1097149/000119312503035582/d10ka.htm,0.3921383482837609,-0.2432810505516795,-0.0618825298571403,-0.084928919897183,0.6687474864047281,1.2348528563185228,1.2348528563185228,1.2348528563185228,0.1052649985137001,157841640.0,128309640.0,-2.836225831955725,7.038332292874342,-44.60063294716021,-32.49776405188388,2.2350841121495324,2.2350841121495324,5.721467938999376,-16.86287817058746,-36.2559027974004,-26.417467572575664,-0.0881453081708983,-0.0307713477888344,0.0852449730954403,0.0648315671577496,3.881193323695624,3.578020544594815,0.0,0.2543664198950621,0.0,0.0,0.927138143226612,0.1769374832783376,0.0,-0.3724215880192145,0.0587710692945688,0.2010372178157413,0.7147953268527601,,-0.1849580000726254,-0.1498341518049453,0.5132105824546679,47433000.0,70620000.0,43596000.0,72511000.0,16419000.0,1957500.0,1497000.0,67.28529385534647,15.016482123235567,11.661736116980812,1.3375879756650364,5.993414387031408,7.717547292889758,-0.1970121778532993,0.0230463900400426,2003-02-13,-0.19,bmo,30400000.0,2025-04-24,2002-12-31,-0.3157894736842105,2.41109375,216267.1875
2002-09-30,ALGN,USD,1097149,2002-11-14,2002-11-13 21:04:37,2002,Q3,18573000.0,10880000.0,7693000.0,0.4142034136,2997000,21417000.0,0.0,21417000.0,0.0,24314000.0,35194000.0,0.0,0.0,7839000.0,-9950000.0,-0.5357239003,-16721000.0,-0.9002853605,899000.0,-16890000.0,-0.9093845905,100000.0,-16890000.0,-0.9093845905,-0.36,-0.36,46934000,46934000,https://www.sec.gov/Archives/edgar/data/1097149/000109714902000020/0001097149-02-000020-index.htm,https://www.sec.gov/Archives/edgar/data/1097149/000109714902000020/form10q.htm,0.3957259129841906,-0.3598670473430775,-0.2229300720160225,-0.2733625942813312,0.477500319597733,1.327204159031832,1.327204159031832,1.327204159031832,0.0137213960028976,129068500.0,112966500.0,-1.910427767910006,6.949254293867442,-12.3357067762592,-10.059898674980516,2.072024851102085,2.072024851102085,6.082296882571475,-11.353417085427136,-10.796760011468988,-8.804871395167575,-0.1308607444883918,-0.0994045797386659,0.0103385721853879,0.0081945310412398,1.6182914572864322,3.041906222051872,0.0,0.6194789816459444,0.0,0.0,1.153125504764981,0.1613632692618317,0.0,-0.2262257478734588,0.1274430625100953,0.3019517795637199,0.0,,-0.2672598618881971,-0.2149155734263065,0.4026398772744705,31964000.0,62291000.0,31320000.0,60698000.0,16005000.0,2799000.0,1532500.0,77.88079470198676,16.056066176470587,12.085477941176473,1.155612244897959,5.605358062854199,7.446954140999315,-0.2711467146136681,0.0504325222653087,2002-10-24,-0.28,bmo,22145454.0,2025-04-24,2002-09-30,-0.2142857142857143,2.6609375,151592.1875
2002-06-30,ALGN,USD,1097149,2002-08-14,2002-08-14 17:15:12,2002,Q2,17255000.0,10774000.0,6481000.0,0.375601275,3006000,22027000.0,0.0,22027000.0,0.0,25033000.0,35807000.0,0.0,0.0,6175000.0,-14067000.0,-0.8152419589,-18552000.0,-1.0751666184,0.0,0.0,0.0,264000.0,-18816000.0,-1.0904665314,-0.4,-0.4,46576000,46576000,https://www.sec.gov/Archives/edgar/data/1097149/000109714902000018/0001097149-02-000018-index.htm,https://www.sec.gov/Archives/edgar/data/1097149/000109714902000018/form10q.htm,0.3704697698385434,-0.4039848849192717,-0.251502919958777,-0.2883029886636895,0.7553675712813466,1.5860314324974236,1.5860314324974236,1.5860314324974236,0.0165965304019237,163016000.0,136673000.0,-2.165922619047619,9.447464503042596,-13.916339422912754,-12.140005957700328,2.2067658485738653,2.2067658485738653,7.920776586496667,-9.715859813748487,-11.6674918900461,-10.178209711051537,-0.1154242528340776,-0.0823722824753398,0.0104641875702237,0.0084071085202183,1.872680742162508,3.4277540168766616,0.0,0.6225552721088435,0.0,0.0,1.276557519559548,0.1742103738046942,0.0,-0.1463206419668772,0.0993335265140539,0.2775708502024291,0.0,,,-0.2046418550018489,0.6411563895568533,42005000.0,73871000.0,41232000.0,72472000.0,15205500.0,3077500.0,1529000.0,83.1306867574616,30.5485427881938,13.398923333952109,1.0826327017191617,2.94613070823079,6.716957605985037,-0.2547142992513977,0.0368000687049124,2002-07-24,-0.32,bmo,17942857.0,2025-04-24,2002-06-30,-0.1249999999999999,4.09875,198342.1875
2002-03-31,ALGN,USD,1097149,2002-05-15,2002-05-15 14:36:35,2002,Q1,17141000.0,12505000.0,4636000.0,0.2704626335,3093000,20342000.0,0.0,20342000.0,0.0,23435000.0,35940000.0,0.0,0.0,8511000.0,-10288000.0,-0.6001983548,-18799000.0,-1.0967271454,0.0,0.0,0.0,-297000.0,-18502000.0,-1.0794002684,-0.4,-0.4,46152000,46152000,https://www.sec.gov/Archives/edgar/data/1097149/000109714902000010/0001097149-02-000010-index.htm,https://www.sec.gov/Archives/edgar/data/1097149/000109714902000010/form10q1_2002.htm,0.3714031894609118,-0.4008927023747616,-0.3181443924423643,-0.3769284104697521,1.0616874674987,1.8832119951464723,1.8832119951464723,1.8832119951464723,0.0184824059629051,252912960.00000003,217596960.00000003,-3.417373256945196,14.754854442564612,-17.22488319825649,-14.53856978615774,2.909921991854017,2.909921991854017,12.69453124088443,-21.150559875583205,-14.819652659538244,-12.508447919061854,-0.0731556026231316,-0.0687825566550642,0.009814299192305,0.0081760584305418,3.432737169517885,4.258966308416858,0.0,0.7935898821749,0.0,0.0,1.1867452307333295,0.1804445481593839,0.0,-0.1847715044609412,0.1582754798436497,0.3187639525320174,0.0,,,-0.177342828935387,0.935295328479806,53975000.0,86914000.0,53122000.0,85849000.0,13014500.0,3437000.0,1501500.0,75.99148241059447,17.97840863654538,10.464614154338266,1.1843432598631936,5.006004803843075,8.60041265474553,-0.2128770969003842,0.0587840180273877,2002-04-24,-0.35,bmo,19874999.0,2025-04-24,2002-03-31,-0.1999999999999998,4.708833333333333,268738.3333333333
2001-12-31,ALGN,USD,1097149,2002-07-25,2002-07-25 16:52:14,2001,Q4,12300000.0,10182000.0,2118000.0,0.172195122,3479000,19466000.0,0.0,19466000.0,0.0,22945000.0,33127000.0,0.0,0.0,8018000.0,-12809000.0,-1.0413821138,-20827000.0,-1.6932520325,-2144000.0,-22971000.0,-1.8675609756,-108000.0,-20719000.0,-1.6844715447,-0.45,-0.45,45694000,46152000,https://www.sec.gov/Archives/edgar/data/1097149/000109714902000016/0001097149-02-000016-index.htm,https://www.sec.gov/Archives/edgar/data/1097149/000109714902000016/body10ka.htm,0.2691819494900862,-0.453429334267081,-0.2685254081498665,-0.4588129732568827,1.3796997417604062,2.1753840766840287,2.1753840766840287,2.1753840766840287,0.0320173326913818,205623000.0,156536000.0,-2.4810922341811863,16.717317073170733,-16.758190709046453,-9.807917958502266,2.068600229371642,2.068600229371642,12.72650406504065,-12.2207822624717,-12.75762021189894,-7.466539470546149,-0.1007620742815735,-0.1019584385015295,0.0147180137220579,0.0123754419800707,3.832227340151456,4.57406369141063,0.0,0.5922100487475265,0.0,0.0,1.58260162601626,0.2828455284552845,0.0,-0.7086389568052159,0.7069105691056911,1.0844350212022948,0.0,,-0.2055131134492956,-0.1752609585680691,1.1745415152974132,63747000.0,99402000.0,62767000.0,95768000.0,10462000.0,3669000.0,1728500.0,84.55609756097562,38.68002357100766,13.69180907483795,1.0643821391484942,2.3267824497257767,6.573273079406069,-0.2084364499708255,0.1902875651070162,2002-02-12,-0.44,bmo,16400000.0,2025-04-24,2001-12-31,-0.2499999999999999,4.1984375,220250.0
2001-09-30,ALGN,USD,1097149,2001-11-14,2001-11-14 00:00:00,2001,Q3,12912000.0,11265000.0,1647000.0,0.1275557621,3444000,21229000.0,0.0,21229000.0,0.0,24673000.0,35938000.0,0.0,0.0,6979000.0,-16047000.0,-1.2427973978,-23026000.0,-1.7833023544,523000.0,-22503000.0,-1.7427973978,-523000.0,-22503000.0,-1.7427973978,-0.5,-0.5,45035000,45035000,https://www.sec.gov/Archives/edgar/data/1097149/000109714901500008/0001097149-01-500008-index.htm,https://www.sec.gov/Archives/edgar/data/1097149/000109714901500008/form10q3.htm,0.2867103364050183,-0.4996780282002886,-0.2976351726434995,-0.3433773731542134,1.701076940157655,2.5450427445320307,2.5450427445320307,2.5450427445320307,0.035039413789275,129250450.0,65434450.0,-1.4359246544905124,10.01010300495663,-9.642677558937631,-8.35815118986032,1.1276824352620929,1.1276824352620929,5.067723822800495,-4.077674954820216,-4.881710683378096,-4.231405199172271,-0.1741038425784977,-0.1196436840258583,0.0137677113143016,0.0120700337318433,3.976818096840531,6.214637719765584,0.0,0.5956539128116252,0.0,0.0,1.644129491945477,0.266728624535316,0.0,-0.1536854670247687,0.159541511771995,0.2951712279696231,0.0,,-0.1935628756756119,-0.1721241882558112,1.5203064283335184,78303000.0,114616000.0,77198000.0,104092000.0,9621500.0,1794000.0,2121500.0,65.29739776951673,23.66444740346205,15.243675099866843,1.3783091374893253,3.803173531397704,5.904088050314465,-0.1963338451874084,0.0457422005107138,2001-10-22,-0.43,bmo,14597368.0,2025-04-24,2001-09-30,-0.1162790697674418,6.73135593220339,312340.6779661017
2001-06-30,ALGN,USD,1097149,2001-08-10,2001-08-10 00:00:00,2001,Q2,13483000.0,13830000.0,-347000.0,-0.0257361121,3816000,19004000.0,0.0,19004000.0,0.0,23220000.0,37050000.0,0.0,0.0,7871000.0,-15696000.0,-1.1641326114,-23567000.0,-1.747904769,-400000.0,-23967000.0,-1.777571757,-1273000.0,-22294000.0,-1.6534895795,-0.5,-0.5,44518000,44518000,https://www.sec.gov/Archives/edgar/data/1097149/000109714901500005/0001097149-01-500005-index.htm,https://www.sec.gov/Archives/edgar/data/1097149/000109714901500005/form10qq.htm,0.3028662563457477,-0.5007861988409182,-0.4600161732332989,-0.5910867514263893,1.952985309313087,2.9518172424637226,2.9518172424637226,2.9518172424637226,0.0380070982523922,349021120.0,311212120.0,-3.913845877814659,25.886013498479567,-17.042879046828457,-13.26370449190545,2.6559909899626355,2.6559909899626355,23.08181561966921,-19.827479612640165,-15.196646320621124,-11.826864786805505,-0.0638757906684844,-0.0753937182941823,0.0128758304225737,0.0114157715766179,2.408830275229358,6.964890885750963,0.0,0.9185879608863372,0.0,0.0,1.4094786026848625,0.2830230660832159,0.0,-0.2849260217784071,0.4327671883112067,0.7413289289797993,0.0,,-0.1676564855241608,-0.1504156096507799,1.7680432633990746,92933000.0,131409000.0,91706000.0,118718000.0,8296500.0,1403000.0,2474500.0,65.91633909367351,4.073752711496747,15.19522776572668,1.365367088607595,22.0926517571885,5.922912205567452,-0.1696535244922341,0.1310705781930904,2001-07-25,-0.53,bmo,20442857.0,2025-04-24,2001-06-30,-0.339622641509434,8.65313492063492,264212.6984126984
2001-03-31,ALGN,USD,1097149,2001-05-15,2001-05-15 00:00:00,2001,Q1,7689000.0,10055000.0,-2366000.0,-0.3077123163,3944000,23616000.0,0.0,23616000.0,0.0,27560000.0,37615000.0,0.0,0.0,7157000.0,-22769000.0,-2.9612433346,-31425000.0,-4.0870074132,0.0,0.0,0.0,2032000.0,-31958000.0,-4.1563272207,-0.95,-0.95,33574000,33574000,https://www.sec.gov/Archives/edgar/data/1097149/000092962401500298/0000929624-01-500298-index.htm,https://www.sec.gov/Archives/edgar/data/1097149/000092962401500298/d10q.txt,0.2290165008637636,-0.9518675165306488,-0.944242568654316,-1.0212366712336929,3.351253946506225,4.398731161017454,4.398731161017454,4.398731161017454,0.0532852802764043,243411500.0,188595500.0,-1.9041515426497275,31.657107556249187,-7.678111791054191,-7.099235861988509,1.6482025690160682,1.6482025690160682,24.527962023670177,-8.282994422240765,-5.9490095262128575,-5.5004958147402805,-0.1312920712456067,-0.1408602305149921,0.0121137842541118,0.0104283857278593,2.4074838596337127,6.0435400115396565,0.0,0.9919894862006384,0.0,0.0,3.07140070230199,0.5129405644427104,0.0,-0.0815405968077723,0.3361945636623748,0.3611848539891016,0.0,,,-0.1862886255399269,2.829347113838089,113636000.0,147683000.0,112299000.0,140138000.0,,,,78.63441279750293,19.512680258577824,23.39731476877176,1.1445370646025603,4.612385321100917,3.8465952563121655,-0.2163959291184496,0.0769941025793769,2001-05-15,,amc,,2025-04-24,2001-03-31,,10.10719476744186,502483.72093023255
2000-03-31,ALGN,USD,1097149,2000-03-31,2000-03-30 19:00:00,2000,Q1,629000.0,2026000.0,-1397000.0,-2.2209856916,1057000,5594000.0,0.0,5594000.0,0.0,6651000.0,8677000.0,0.0,0.0,313000.0,-7735000.0,-12.2972972973,-8048000.0,-12.7949125596,0.0,0.0,0.0,32000.0,-8080000.0,-12.8457869634,-1.55,-1.55,5225000,5225000,,,0.1203827751196172,-1.5464114832535885,-1.7316746411483253,-1.7651674641148325,,,,,,88171875.0,,-2.7280901918316838,140.17786168521462,-9.744902188328911,-9.559999457877046,0.0,0.0,,,,,-0.09163919900762,-0.10460251639199,0.0,0.0,,0.0,0.0,1.11980198019802,0.0,0.0,8.893481717011129,1.6804451510333864,0.0,-0.019341290893015,0.2782193958664546,0.5591054313099042,0.0,,0.0,0.0,,,,,,,,,,,,0.0,0.0,0.0,0.0,0.0334928229665071,2000-03-30,,amc,,2025-04-24,2000-03-31,,,
