date,symbol,reportedCurrency,cik,fillingDate,acceptedDate,calendarYear,period,revenue,costOfRevenue,grossProfit,grossProfitRatio,researchAndDevelopmentExpenses,generalAndAdministrativeExpenses,sellingAndMarketingExpenses,sellingGeneralAndAdministrativeExpenses,otherExpenses,operatingExpenses,costAndExpenses,interestIncome,interestExpense,depreciationAndAmortization,ebitda,ebitdaratio,operatingIncome,operatingIncomeRatio,totalOtherIncomeExpensesNet,incomeBeforeTax,incomeBeforeTaxRatio,incomeTaxExpense,netIncome,netIncomeRatio,eps,epsdiluted,weightedAverageShsOut,weightedAverageShsOutDil,link,finalLink,revenuePerShare,netIncomePerShare,operatingCashFlowPerShare,freeCashFlowPerShare,cashPerShare,bookValuePerShare,tangibleBookValuePerShare,shareholdersEquityPerShare,interestDebtPerShare,marketCap,enterpriseValue,peRatio,priceToSalesRatio,pocfratio,pfcfRatio,pbRatio,ptbRatio,evToSales,enterpriseValueOverEBITDA,evToOperatingCashFlow,evToFreeCashFlow,earningsYield,freeCashFlowYield,debtToEquity,debtToAssets,netDebtToEBITDA,currentRatio,interestCoverage,incomeQuality,dividendYield,payoutRatio,salesGeneralAndAdministrativeToRevenue,researchAndDdevelopementToRevenue,intangiblesToTotalAssets,capexToOperatingCashFlow,capexToRevenue,capexToDepreciation,stockBasedCompensationToRevenue,grahamNumber,roic,returnOnTangibleAssets,grahamNetNet,workingCapital,tangibleAssetValue,netCurrentAssetValue,investedCapital,averageReceivables,averagePayables,averageInventory,daysSalesOutstanding,daysPayablesOutstanding,daysOfInventoryOnHand,receivablesTurnover,payablesTurnover,inventoryTurnover,roe,capexPerShare,report_date,epsEstimated,time,revenueEstimated,updatedFromDate,fiscalDateEnding,surprise(%),QuarterAvgPrice,QuarterAvgVolume
2025-03-31,ALL,USD,899051,2025-04-30,2025-04-30 16:23:15,2025,Q1,16457000000.0,0.0,16457000000.0,1.0,0,78000000.0,0.0,78000000.0,15660000000.0,15738000000.0,15738000000.0,0.0,100000000.0,132000000.0,951000000.0,0.05778696,719000000.0,0.0436896154,0.0,719000000.0,0.0436896154,123000000.0,595000000.0,0.0361548277,2.141505864547862,2.113517550410754,264300000,267800000,https://www.sec.gov/Archives/edgar/data/899051/000089905125000042/0000899051-25-000042-index.htm,https://www.sec.gov/Archives/edgar/data/899051/000089905125000042/all-20250331.htm,62.24744608399546,2.251229663261445,7.430949678395763,7.082860385925085,3.1782065834279227,83.43548997351495,71.64964055996973,83.4468407113129,0.0,54728601000.0,53888601000.0,22.99521050420168,3.3265621808898613,27.86588645621181,29.235363782051284,2.4814600317388344,2.4814600317388344,3.275504558716265,0.0,27.438187881873727,28.78664583333333,0.0108718291556548,0.0342051498813207,0.0,0.0,0.0,0.0,0.0,3.295302013422819,0.0049882510243592,0.4588235294117647,0.0,0.0,0.0270490877988207,0.0468431771894093,0.0055920252856795,0.696969696969697,0.0,65.01388367173668,0.0381074168797953,0.0053103189761348,-317.7421490730231,11893000000.0,18937000000.0,-81216000000.0,15640000000.0,5526500000.0,0.0,0.0,60.46498905908096,0.0,0.0,1.4884646702252782,0.0,0.0,0.0269780095216504,0.3480892924706772,2025-04-30,2.52,amc,14052098567.0,2025-05-12,2025-03-31,0.4007936507936507,194.7475,1927175.4
2024-12-31,ALL,USD,899051,2025-02-24,2025-02-24 12:23:27,2024,Q4,16506000000.0,4000000.0,16502000000.0,0.9997576639,0,-52000000.0,67000000.0,15000000.0,14038000000.0,14053000000.0,14053000000.0,0.0,101000000.0,151000000.0,2550000000.0,0.1544892766,2449000000.0,0.1483702896,0.0,2449000000.0,0.1483702896,559000000.0,1928000000.0,0.1168060099,7.16,7.07,265100000,268700000,https://www.sec.gov/Archives/edgar/data/899051/000089905125000015/0000899051-25-000015-index.htm,https://www.sec.gov/Archives/edgar/data/899051/000089905125000015/all-20241231.htm,62.263296869106,7.272727272727272,6.431535269709544,6.242927197284044,2.655601659751037,80.59977367031308,43.73821199547341,80.88268577895134,28.615616748396832,51108629000.0,57889629000.0,6.62715625,3.0963667151338905,29.975735483870967,30.88134682779456,2.383575645928551,2.383575645928551,3.507187022900764,22.701815294117647,33.952861583577715,34.97862779456193,0.0377235711018583,0.0323820073514396,0.3490812424214159,0.0670596772893018,2.6592156862745098,0.0,24.247524752475247,0.9040296924708378,0.0053219975828347,0.1410788381742738,-0.0031503695625833,0.0,0.0875493876380838,0.0293255131964809,0.0030292015024839,0.3311258278145695,0.0,115.0449850363336,0.0169329044858758,0.0189307280671608,-337.7819690682761,704000000.0,11595000000.0,-89546000000.0,11310000000.0,0.0,0.0,0.0,0.0,0.0,0.0,0.0,0.0,0.0,0.0899169853558436,0.1886080724254998,2025-02-05,5.4,amc,13723770543.0,2025-05-05,2024-12-31,0.4203703703703703,194.11359375,1462094.546875
2024-09-30,ALL,USD,899051,2024-10-30,2024-10-30 16:16:56,2024,Q3,16627000000.0,0.0,16627000000.0,1.0,0,26000000.0,0.0,26000000.0,16601000000.0,16627000000.0,16627000000.0,0.0,104000000.0,140000000.0,1662000000.0,0.0999578998,1550000000.0,0.093221868,-132000000.0,1418000000.0,0.0852829735,254000000.0,1190000000.0,0.0715703374,4.39,4.33,264600000,268000000,https://www.sec.gov/Archives/edgar/data/899051/000089905124000083/0000899051-24-000083-index.htm,https://www.sec.gov/Archives/edgar/data/899051/000089905124000083/all-20240930.htm,62.83824640967498,4.497354497354498,12.09750566893424,11.859410430839002,3.0839002267573696,78.75283446712018,44.90173847316704,78.90022675736961,30.941043083900222,50181390000.0,57448390000.0,10.542308823529412,3.018066398027305,15.676785379568887,15.991520076481835,2.4036686305503667,2.4036686305503667,3.4551266013111204,34.5658182912154,17.947013433302093,18.307326322498408,0.0237139704579725,0.0625331422664856,0.3871724864683623,0.0710637138109598,4.372442839951865,0.0,14.903846153846152,2.75,0.0054203361046794,0.2285714285714285,0.0015637216575449,0.0,0.078747703155359,0.0196813495782567,0.0037890178625127,0.45,0.0,89.35296031534033,0.0111862306267933,0.0113564789189395,-348.03099017384733,816000000.0,11881000000.0,-92089000000.0,10487000000.0,0.0,0.0,0.0,0.0,0.0,0.0,0.0,0.0,0.0,0.0570005268956267,0.238095238095238,2024-10-30,2.36,amc,14566096485.0,2025-04-25,2024-09-30,0.6567796610169493,177.58953125,1475692.90625
2024-06-30,ALL,USD,899051,2024-07-31,2024-07-31 16:17:44,2024,Q2,15714000000.0,0.0,15714000000.0,1.0,0,-9000000.0,0.0,-9000000.0,-4081000000.0,4081000000.0,-15173000000.0,0.0,98000000.0,132000000.0,660000000.0,0.0420007637,541000000.0,0.0344278987,-13274000000.0,430000000.0,0.0273641339,83000000.0,331000000.0,0.0210640193,1.14,1.13,264100000,267100000,https://www.sec.gov/Archives/edgar/data/899051/000089905124000054/0000899051-24-000054-index.htm,https://www.sec.gov/Archives/edgar/data/899051/000089905124000054/all-20240630.htm,59.50018932222643,1.2533131389625145,8.932222642938282,8.720181749337373,2.268080272624006,70.32563422945854,33.92275653161681,70.4013631200303,30.973116243847027,42398614000.0,49881614000.0,32.02312235649546,2.6981426753213693,17.973130139889783,18.41016673903604,2.280353573925671,2.280353573925671,3.1743422425862287,75.57820303030303,21.1452369648156,21.65940686061659,0.0078068589694936,0.0543178133134257,0.4346797181735061,0.0745792115753728,11.337878787878788,0.0,5.520408163265306,7.126888217522659,0.0064388897240839,0.824773413897281,-0.0005727376861397,0.0,0.0887162261922338,0.0237388724035608,0.0035637011582028,0.4242424242424242,0.0,44.55655340667758,0.004028628549061,0.0033517629665633,-337.7357061719045,599000000.0,8959000000.0,-89196000000.0,10990000000.0,0.0,0.0,0.0,0.0,0.0,0.0,0.0,0.0,0.0,0.0178023987522185,0.2120408936009087,2024-07-31,0.2784,amc,14044926467.0,2025-04-25,2024-06-30,4.783045977011495,166.81333333333333,1439572.015873016
2024-03-31,ALL,USD,899051,2024-05-01,2024-05-01 16:17:34,2024,Q1,15259000000.0,1885000000.0,13374000000.0,0.8764663477,0,-2000000.0,0.0,-2000000.0,-3891000000.0,3891000000.0,-13688000000.0,0.0,97000000.0,69000000.0,11884000000.0,0.7788190576,1571000000.0,0.1029556327,-11912000000.0,1464000000.0,0.0959433777,266000000.0,1218000000.0,0.0798217445,4.51,4.46,263500000,266500000,https://www.sec.gov/Archives/edgar/data/899051/000089905124000024/0000899051-24-000024-index.htm,https://www.sec.gov/Archives/edgar/data/899051/000089905124000024/all-20240331.htm,57.9089184060721,4.622390891840607,6.32258064516129,6.1669829222011385,3.225806451612903,70.13282732447819,34.27703984819734,70.73624288425047,30.49335863377609,45472195000.0,52560195000.0,9.333373357963875,2.980024575660266,27.294234693877552,27.98288923076923,2.4396263211545683,2.4396263211545683,3.444537322236058,4.422769690339953,31.54873649459784,32.34473538461538,0.0267855994196013,0.0357361240204041,0.4258812168034765,0.0754268773576837,0.5964321777179401,0.0,16.195876288659793,1.367816091954023,0.0057617627651359,0.2151067323481116,-0.0001310701880857,0.0,0.0897748976159481,0.024609843937575,0.0026869388557572,0.5942028985507246,0.0,85.77201005398933,0.0122153793974724,0.0127149165387867,-326.03795066413664,850000000.0,9032000000.0,-85911000000.0,11100000000.0,0.0,0.0,0.0,0.0,0.0,0.0,0.0,0.0,0.0,0.065346853371962,0.1555977229601518,2024-05-01,3.94,amc,12758001804.0,2025-04-25,2024-03-31,0.3020304568527919,157.8490163934426,1772486.4098360655
2023-12-31,ALL,USD,899051,2024-02-21,2024-02-21 14:09:58,2023,Q4,14832000000.0,7137000000.0,7695000000.0,0.5188106796,0,-47000000.0,0.0,-47000000.0,-13606000000.0,-13653000000.0,13005000000.0,0.0,107000000.0,165000000.0,2099000000.0,0.1415183387,1179000000.0,0.0794902913,-11188000000.0,1827000000.0,0.1231796117,340000000.0,1489000000.0,0.1003910464,5.57,5.57,262200000,264700000,https://www.sec.gov/Archives/edgar/data/899051/000089905124000013/0000899051-24-000013-index.htm,https://www.sec.gov/Archives/edgar/data/899051/000089905124000013/all-20231231.htm,56.56750572082379,5.6788710907704045,4.672006102212052,4.401220442410374,2.753623188405797,67.23874904652936,27.54385964912281,67.77269260106789,29.363081617086195,36702756000.0,43572756000.0,6.162316319677635,2.4745655339805825,29.961433469387757,31.80481455805893,2.065433652222848,2.065433652222848,2.937753236245954,20.758816579323486,35.569596734693874,37.75802079722703,0.0405691605284355,0.0314417805572965,0.427236916150816,0.0734505911263326,3.272987136731777,0.0,11.018691588785046,0.8238063214525891,0.0073291498872727,0.180658159838818,-0.0031688241639697,0.0,0.1006946460014318,0.0579591836734693,0.004786947141316,0.4303030303030303,0.0058656957928802,93.05712577232954,0.0092837903001579,0.0160186759042106,-324.21815408085433,722000000.0,7222000000.0,-85010000000.0,12152000000.0,0.0,0.0,0.0,0.0,0.0,0.0,0.0,0.0,0.0,0.0837929093978615,0.2707856598016781,2024-02-07,3.99,amc,12694230743.0,2025-04-25,2023-12-31,0.4586466165413533,130.38952380952384,1570225.0793650793
2023-09-30,ALL,USD,899051,2023-11-01,2023-11-01 16:18:32,2023,Q3,14497000000.0,0.0,14497000000.0,1.0,0,149000000.0,0.0,149000000.0,14369000000.0,14518000000.0,14518000000.0,0.0,88000000.0,176000000.0,155000000.0,0.0106918673,-21000000.0,-0.0014485756,0.0,-21000000.0,-0.0014485756,-17000000.0,-5000000.0,-0.0003448989,-0.1566080977845683,-0.1566080977845683,261800000,261800000,https://www.sec.gov/Archives/edgar/data/899051/000089905123000076/0000899051-23-000076-index.htm,https://www.sec.gov/Archives/edgar/data/899051/000089905123000076/all-20230930.htm,50.45072574484339,-0.0039228418640183,4.709702062643239,4.499618029029794,3.284950343773873,55.183346065699006,19.5607333842628,55.74102368220015,30.68754774637128,29167138000.0,36253138000.0,-7100.082278481012,2.208293307086614,23.655424168694243,24.759879456706283,1.998707462482012,1.998707462482012,2.7447863416111447,149.1898683127572,29.40238280616383,30.77515959252971,-3.521085956393802e-05,0.0403879187598042,0.5445076406496265,0.0785364117972641,29.160493827160497,0.0,-10.454545454545457,-308.25,0.0086055752196187,-244.40116845180137,0.0112810417928528,0.0,0.0921760101209773,0.0446066504460665,0.0041641429436705,0.3125,0.0,,-0.0101506286075749,-1.1181273816004355e-05,-327.9946524064171,860000000.0,5121000000.0,-85869000000.0,11095000000.0,0.0,0.0,0.0,0.0,0.0,0.0,0.0,0.0,0.0,-7.037620777084903e-05,0.2100840336134453,2023-11-01,0.39,amc,13243100000.0,2025-04-25,2023-09-30,1.076923076923077,109.12095238095236,1699977.4761904762
2023-06-30,ALL,USD,899051,2023-08-01,2023-08-01 16:17:30,2023,Q2,13979000000.0,0.0,13979000000.0,1.0,0,-40000000.0,0.0,-40000000.0,-16261000000.0,-16301000000.0,15727000000.0,98000000.0,98000000.0,186000000.0,-1464000000.0,-0.1047285214,-2322000000.0,-0.1661063023,-1748000000.0,-1748000000.0,-0.1250447099,-373000000.0,-1352000000.0,-0.0967165033,-5.15,-5.15,262600000,262600000,https://www.sec.gov/Archives/edgar/data/899051/000089905123000063/0000899051-23-000063-index.htm,https://www.sec.gov/Archives/edgar/data/899051/000089905123000063/all-20230630.htm,53.23305407463823,-5.148514851485149,4.451637471439452,4.215536938309215,2.661843107387662,58.53769992383854,23.84996191926885,59.08987052551409,30.643564356435643,28633904000.0,35883904000.0,-5.294730769230769,2.048351384219186,24.49435757057314,25.866218608852755,1.8453247406070763,1.8453247406070763,2.566986479719579,-24.51086338797814,30.696239520958084,32.41545076784101,-0.0472167539571271,0.038660463484127,0.5122768576400077,0.0790835107547207,-4.952185792349726,0.0,-23.693877551020407,-0.8501818181818181,0.0091499922609225,-0.1937869822485207,-0.0028614350096573,0.0,0.0906241916548938,0.0530367835757057,0.0044352242649688,0.3333333333333333,0.0,,-0.0181717573502858,-0.0147913133854821,-321.56511805026656,699000000.0,6263000000.0,-84443000000.0,10753000000.0,0.0,0.0,0.0,0.0,0.0,0.0,0.0,0.0,0.0,-0.0871302442482438,0.2361005331302361,2023-08-01,-3.83,amc,12519500000.0,2025-04-25,2023-06-30,0.1540469973890339,113.43516129032258,1919630.5322580645
2023-03-31,ALL,USD,899051,2023-05-03,2023-05-03 16:18:26,2023,Q1,13786000000.0,0.0,13786000000.0,1.0,0,-53000000.0,0.0,-53000000.0,14245000000.0,14192000000.0,14192000000.0,86000000.0,86000000.0,81000000.0,-549000000.0,-0.0398230088,620000000.0,0.0449731612,0.0,-406000000.0,-0.0294501668,-85000000.0,-321000000.0,-0.0232844915,-1.22,-1.22,263500000,263500000,https://www.sec.gov/Archives/edgar/data/899051/000089905123000037/0000899051-23-000037-index.htm,https://www.sec.gov/Archives/edgar/data/899051/000089905123000037/all-20230331.htm,52.31878557874763,-1.2182163187855788,2.2808349146110056,1.9810246679316887,2.512333965844402,65.93168880455408,31.87855787476281,66.39089184060721,32.402277039848194,29198435000.0,36988435000.0,-22.740214174454827,2.1179772958073406,48.583086522462565,55.93569923371648,1.6690542471704586,1.6690542471704586,2.683043304801973,-67.3741985428051,61.54481697171381,70.85907088122606,-0.0109937399042106,0.0178776704984359,0.4831370755687664,0.0848330338950728,-14.18943533697632,0.0,7.209302325581396,-1.8722741433021808,0.0085621027291359,-0.778816199376947,-0.0038444799071521,0.0,0.0900623299976914,0.1314475873544093,0.0057304511823589,0.4463276836158192,0.0,,0.0049201257072093,-0.0035407796333473,-309.6622390891841,662000000.0,8400000000.0,-81596000000.0,10606000000.0,0.0,0.0,0.0,0.0,0.0,0.0,0.0,0.0,0.0,-0.01834914827941,0.2998102466793169,2023-05-03,-1.94,amc,11747300000.0,2025-04-25,2023-03-31,-0.3298969072164948,126.41370967741936,1946375.5806451607
2022-12-31,ALL,USD,899051,2023-02-16,2023-02-16 17:32:22,2022,Q4,13647000000.0,7446000000.0,6201000000.0,0.4543855792,0,25000000.0,0.0,25000000.0,14042000000.0,14067000000.0,14067000000.0,84000000.0,84000000.0,201000000.0,-135000000.0,-0.009892284,-317000000.0,-0.0232285484,-420000000.0,-420000000.0,-0.0307759947,-117000000.0,-303000000.0,-0.0222026819,-1.15,-1.15,264399999,264399999,https://www.sec.gov/Archives/edgar/data/899051/000089905123000020/0000899051-23-000020-index.htm,https://www.sec.gov/Archives/edgar/data/899051/000089905123000020/all-20221231.htm,51.614977502325935,-1.1459909271784832,3.668683826280952,3.4114977436138343,2.7836611300441043,65.66944049042905,27.390317804048102,66.14220902474361,27.60211810742102,35852639864.4,42330639864.4,-29.58138602673267,2.62714441741042,36.96148439628866,39.7479377654102,2.0501280800777675,2.0501280800777675,3.10182749794094,-313.56029529185184,43.63983491175258,46.92975594722839,-0.008451260524915,0.0251585379322554,0.4125114364135407,0.0736205084244149,-47.98518518518519,0.0,-3.773809523809524,-3.201320132013201,0.0070845550274865,-0.8382838283828383,0.0018319044478639,0.0,0.1032871036544918,0.0701030927835051,0.00498278009819,0.3383084577114428,0.0074741701472851,,-0.0023338625472538,-0.0034483543497063,-302.15582565111885,736000000.0,7242000000.0,-79890000000.0,12078000000.0,0.0,0.0,0.0,0.0,0.0,0.0,0.0,0.0,0.0,-0.0173261665141811,0.2571860826671183,2023-02-01,-1.37,amc,11386429706.0,2025-04-25,2022-12-31,-0.0072992700729927,130.76968253968255,1803001.3333333333
2022-09-30,ALL,USD,899051,2022-11-02,2022-11-02 16:18:16,2022,Q3,13208000000.0,0.0,13208000000.0,1.0,0,79000000.0,0.0,79000000.0,14039000000.0,14118000000.0,14118000000.0,0.0,85000000.0,194000000.0,-716000000.0,-0.05420957,-910000000.0,-0.0688976378,0.0,-910000000.0,-0.0688976378,-236000000.0,-659000000.0,-0.0498940036,-2.549311499813919,-2.549311499813919,268700000,268700000,https://www.sec.gov/Archives/edgar/data/899051/000089905122000079/0000899051-22-000079-index.htm,https://www.sec.gov/Archives/edgar/data/899051/000089905122000079/all-20220930.htm,49.16846733273163,-2.542554753804944,7.616496378162395,7.154890537061644,2.925985412138633,65.37306593201849,32.70700741863871,65.79000024010949,29.97459864954233,33452176348.5,40633176348.5,-12.244574066068814,2.532720801673229,16.350037315982405,17.40487843314256,1.8928408503649632,1.8928408503649632,3.076406446736826,-63.39029071528861,19.859812487047897,21.14109071201873,-0.0204172067277358,0.0574551556818569,0.4508006563684716,0.0815655841762562,-11.202808112324494,0.0,-4.070588235294117,-2.995607613469985,0.007712502687783,-0.3777452415812591,0.0059812235009085,0.0,0.0898378311970187,0.0606060606060606,0.0093882495457298,0.6391752577319587,0.0,,-0.0026297902381787,-0.0076827032316846,-295.3123368442056,786000000.0,8786000000.0,-79329000000.0,10569000000.0,0.0,0.0,0.0,0.0,0.0,0.0,0.0,0.0,0.0,-0.0386465229446047,0.4616058411007512,2022-11-02,-1.57,amc,11661662240.0,2025-04-25,2022-09-30,-0.0063694267515923,124.24765625,1790901.734375
2022-06-30,ALL,USD,899051,2022-08-03,2022-08-03 16:21:04,2022,Q2,12220000000.0,1683000000.0,10537000000.0,0.8622749591,0,259000000.0,0.0,259000000.0,13276000000.0,13535000000.0,13535000000.0,0.0,83000000.0,216000000.0,-1016000000.0,-0.0831423895,-641000000.0,-0.0524549918,-1311000000.0,-1315000000.0,-0.1076104746,-291000000.0,-1024000000.0,-0.083797054,-3.74,-3.74,273684210,273800000,https://www.sec.gov/Archives/edgar/data/899051/000089905122000051/0000899051-22-000051-index.htm,https://www.sec.gov/Archives/edgar/data/899051/000089905122000051/all-20220630.htm,44.650000085865386,-3.741538468733728,6.112884627140163,5.75480770337463,2.7988461592285505,73.16461552531656,42.01192315771524,73.49711552595599,29.424423133508505,34683999933.3,41887999933.3,-8.46777342121582,2.838297866882161,20.73161980472205,22.021587259238096,1.7242853558687548,1.7242853558687548,3.427823235130933,-41.22834639104331,25.03765686389719,26.59555551320635,-0.0295236997453935,0.0454099874013621,0.3962217250807854,0.0827192527244421,-7.090551181102362,0.0,-7.72289156626506,-1.6337890625,0.0075827471025766,-0.2568359375,0.0211947626841243,0.0,0.0884898806434872,0.0585774058577405,0.0080196399345335,0.4537037037037037,0.0,,-0.0051806054052774,-0.0116596830023683,-276.0846159155473,766000000.0,11498000000.0,-75560000000.0,10267000000.0,0.0,0.0,0.0,0.0,0.0,0.0,0.0,0.0,0.0,-0.0509072831220482,0.3580769237655326,2022-08-03,-1.26,amc,10956689459.0,2025-04-25,2022-06-30,-0.3968253968253968,131.01596774193547,1782591.2096774194
2022-03-31,ALL,USD,899051,2022-05-04,2022-05-04 16:24:46,2022,Q1,12337000000.0,0.0,12337000000.0,1.0,0,-247000000.0,0.0,-247000000.0,11787000000.0,11540000000.0,11540000000.0,0.0,83000000.0,236000000.0,1116000000.0,0.0904595931,890000000.0,0.0721407149,151000000.0,797000000.0,0.0646024155,151000000.0,634000000.0,0.0513901273,2.28,2.25,278100000,281800000,https://www.sec.gov/Archives/edgar/data/899051/000089905122000030/0000899051-22-000030-index.htm,https://www.sec.gov/Archives/edgar/data/899051/000089905122000030/all-20220331.htm,44.36174038115786,2.279755483638979,1.5533980582524272,1.08594030924128,4.063286587558432,83.20028766630709,53.27939590075513,83.46637900035958,28.96799712333693,38519631000.0,45362631000.0,15.189128943217664,3.122285077409418,89.1658125,127.54844701986757,1.6594705755643633,1.6594705755643633,3.676958012482775,40.6475188172043,105.00609027777776,150.20738741721854,0.0164591400161647,0.0078401581780469,0.3434861278648974,0.0820689655172413,6.131720430107527,0.0,10.72289156626506,0.6687306501547987,0.0066459618992715,0.4037854889589905,-0.0200210748155953,0.0,0.0856510550694801,0.3009259259259259,0.0105374077976817,0.5508474576271186,0.0,65.43214838728039,0.0074254264092508,0.0071373087617782,-262.07119741100325,1130000000.0,14817000000.0,-72882000000.0,10417000000.0,0.0,0.0,0.0,0.0,0.0,0.0,0.0,0.0,0.0,0.0273134585559193,0.467457749011147,2022-05-04,2.9,amc,10466271884.0,2025-04-25,2022-03-31,-0.1103448275862068,125.52290322580646,2486169.1612903224
2021-12-31,ALL,USD,899051,2022-02-18,2022-02-18 15:17:10,2021,Q4,13011000000.0,-30317000000.0,43328000000.0,3.3301052955,0,-240000000.0,0.0,-240000000.0,11858000000.0,11618000000.0,11618000000.0,0.0,84000000.0,268000000.0,1745000000.0,0.1341172854,1182000000.0,0.0908462071,-3766000000.0,1393000000.0,0.1070632542,281000000.0,1112000000.0,0.085466144,3.9,3.85,285000000,289000000,https://www.sec.gov/Archives/edgar/data/899051/000089905122000015/0000899051-22-000015-index.htm,https://www.sec.gov/Archives/edgar/data/899051/000089905122000015/all-20211231.htm,45.65263157894737,3.901754385964912,3.056140350877193,2.849122807017544,2.67719298245614,88.16491228070176,54.32631578947368,88.34736842105264,28.28070175438597,33530250000.0,40743250000.0,7.538275629496403,2.577069402813005,38.49626865671642,41.29341133004926,1.3316752055284165,1.3316752055284165,3.131446468372915,23.348567335243555,46.77755453501722,50.17641625615764,0.0331640831786222,0.0242169384361882,0.3167719131021883,0.0802091713596138,4.133524355300859,0.0,14.071428571428571,1.1011378002528445,0.0078138397417257,0.2356115107913669,-0.0184459303666128,0.0,0.096983105390185,0.0677382319173364,0.0045346245484589,0.2201492537313432,0.0099146875720544,88.06797928344474,0.0094887724451472,0.0123836251057953,-258.0701754385965,763000000.0,15483000000.0,-73550000000.0,11660000000.0,0.0,0.0,0.0,0.0,0.0,0.0,0.0,0.0,0.0,0.0441637872830533,0.2070175438596491,2022-02-02,2.76,amc,10068220083.0,2025-04-25,2021-12-31,-0.003623188405797,118.29953125,2027969.3125
2021-09-30,ALL,USD,899051,2021-11-03,2021-11-03 16:21:50,2021,Q3,12480000000.0,1890000000.0,10590000000.0,0.8485576923,0,40000000.0,0.0,40000000.0,12214000000.0,12254000000.0,12254000000.0,0.0,69000000.0,247000000.0,542000000.0,0.0434294872,206000000.0,0.0165064103,20000000.0,226000000.0,0.0181089744,20000000.0,508000000.0,0.0407051282,1.73,1.71,293100000,297900000,https://www.sec.gov/Archives/edgar/data/899051/000089905121000103/0000899051-21-000103-index.htm,https://www.sec.gov/Archives/edgar/data/899051/000089905121000103/all-20210930.htm,42.579324462640734,1.7331968611395427,4.534288638689867,4.230638007505971,2.3541453428863868,91.11907198908224,63.86216308427158,91.194131695667,27.461617195496416,37314561000.0,44604561000.0,18.36346505905512,2.9899487980769237,28.077171557562075,30.09238790322581,1.396032810804744,1.396032810804744,3.5740834134615387,82.29623800738007,33.562498871331826,35.971420161290325,0.013613988383784,0.0332309952675042,0.298552134385873,0.0598021582733813,13.45018450184502,0.0,2.9855072463768115,2.5028248587570623,0.0072625804173335,0.5334645669291339,0.0032051282051282,0.0,0.0598696043165467,0.0669676448457486,0.0071314102564102,0.3603238866396761,0.0,59.63464691946045,0.0014071486173892,0.0040493898015958,-361.79802115319006,690000000.0,18718000000.0,-106043000000.0,9644000000.0,0.0,0.0,0.0,0.0,0.0,0.0,0.0,0.0,0.0,0.0190055744696771,0.3036506311838963,2021-11-03,1.62,amc,10601500000.0,2025-04-25,2021-09-30,-0.5493827160493827,132.15234375,1461546.015625
2021-06-30,ALL,USD,899051,2021-08-04,2021-08-04 16:23:43,2021,Q2,12646000000.0,1683000000.0,10963000000.0,0.8669144393,0,-134000000.0,0.0,-134000000.0,10983000000.0,10849000000.0,10849000000.0,0.0,91000000.0,311000000.0,2199000000.0,0.1738889768,1435000000.0,0.1134746165,362000000.0,1797000000.0,0.1421002689,362000000.0,1595000000.0,0.1261268385,5.34,5.26,298800000,303300000,https://www.sec.gov/Archives/edgar/data/899051/000089905121000071/0000899051-21-000071-index.htm,https://www.sec.gov/Archives/edgar/data/899051/000089905121000071/all-20210630.htm,42.32262382864793,5.338018741633199,5.113788487282463,4.658634538152611,2.1954484605087017,94.35073627844712,68.50401606425703,94.40093708165998,27.064926372155288,38975472000.0,46315472000.0,6.10900815047022,3.082039538193895,25.507507853403144,27.999620689655178,1.381765944623675,1.381765944623675,3.6624602245769418,21.06206093678945,30.31117277486911,33.272609195402296,0.0409231734255841,0.0357147695350552,0.2834757329740844,0.0602821106277753,3.337880854934061,0.0,15.76923076923077,0.9368485591661556,0.0070557195561352,0.1724137931034483,-0.0105962359639411,0.0,0.0582239545245508,0.0890052356020942,0.0107543887395223,0.4372990353697749,0.0,106.48034727505748,0.008639157451394,0.0127681716298431,-347.3728246318608,656000000.0,20469000000.0,-103795000000.0,9405000000.0,0.0,0.0,0.0,0.0,0.0,0.0,0.0,0.0,0.0,0.0565462473854007,0.4551539491298527,2021-08-04,3.17,amc,10323000000.0,2025-04-25,2021-06-30,0.195583596214511,129.18666666666667,1822571.2222222225
2021-03-31,ALL,USD,899051,2021-05-05,2021-05-05 16:22:20,2021,Q1,12451000000.0,0.0,12451000000.0,1.0,0,-310000000.0,0.0,-310000000.0,9729000000.0,9419000000.0,9419000000.0,0.0,86000000.0,260000000.0,3378000000.0,0.2713035098,2406000000.0,0.193237491,626000000.0,3032000000.0,0.2435145771,626000000.0,-1381000000.0,-0.110914786,-4.57,-4.51,302500000,306400000,https://www.sec.gov/Archives/edgar/data/899051/000089905121000036/0000899051-21-000036-index.htm,https://www.sec.gov/Archives/edgar/data/899051/000089905121000036/all-20210331.htm,41.1603305785124,-4.565289256198347,4.588429752066116,4.386776859504132,2.343801652892562,88.56859504132231,63.84462809917356,88.65785123966943,26.717355371900823,34757250000.0,42044250000.0,-6.292043808834179,2.7915227692554816,25.041246397694525,26.19235116804823,1.2959935120623438,1.2959935120623438,3.3767769657055657,12.446492007104796,30.291246397694525,31.6836850037679,-0.0397327176344503,0.0381790849391134,0.2981468361982177,0.0615972452257512,2.157193605683837,0.0,27.976744186046517,-1.0007209805335255,0.0054952563853584,-0.1383055756698044,-0.0248975985864589,0.0,0.0576145318963724,0.0439481268011527,0.0048992048831419,0.2346153846153846,0.0,,0.0147078961093202,-0.0112889513782166,-338.21487603305786,709000000.0,19313000000.0,-102310000000.0,9190000000.0,0.0,0.0,0.0,0.0,0.0,0.0,0.0,0.0,0.0,-0.0514933442708527,0.2016528925619834,2021-05-05,3.85,amc,5824372422.0,2025-04-25,2021-03-31,0.5870129870129871,110.19262295081968,2117690.393442623
2020-12-31,ALL,USD,899051,2021-02-22,2021-02-19 17:37:16,2020,Q4,12018000000.0,-27041000000.0,39059000000.0,3.2500416043,0,-371000000.0,0.0,-371000000.0,9079000000.0,8708000000.0,8708000000.0,0.0,80000000.0,186000000.0,3575000000.0,0.297470461,6955000000.0,0.5787152604,-3645000000.0,3310000000.0,0.275420203,686000000.0,2598000000.0,0.2161757364,8.54,8.45,304300000,307600000,https://www.sec.gov/Archives/edgar/data/899051/000089905121000011/0000899051-21-000011-index.htm,https://www.sec.gov/Archives/edgar/data/899051/000089905121000011/all-20201231.htm,39.49392047321722,8.53762734143937,4.334538284587578,4.094643443969766,1.0220177456457444,99.30003286230694,77.62405520867564,99.30003286230694,25.97765363128492,33451699000.000004,40965699000.0,3.218985662047729,2.783466383757697,25.36140940106141,26.84727046548957,1.1070489790515274,1.1070489790515274,3.4086952071892163,11.458936783216783,31.058149355572404,32.87776805778491,0.0776642166964374,0.0372477344125331,0.2589601879736572,0.0621095827347265,2.101818181818182,0.0,86.9375,0.5026676829268293,0.0057994064815661,0.0746728252501924,-0.0308703611249792,0.0,0.0523546080151126,0.0553449583017437,0.0060742220003328,0.3924731182795699,0.0113995673156931,138.1129979413554,0.0437630152077504,0.0217604342035831,-313.7002957607624,311000000.0,23621000000.0,-95459000000.0,8357000000.0,0.0,0.0,0.0,0.0,0.0,0.0,0.0,0.0,0.0,0.0859780918026276,0.2398948406178113,2021-02-03,3.82,amc,6072086614.0,2025-04-25,2020-12-31,0.536649214659686,98.289375,1895772.34375
2020-09-30,ALL,USD,899051,2020-11-04,2020-11-04 16:17:44,2020,Q3,11500000000.0,1380000000.0,10120000000.0,0.88,0,-71000000.0,0.0,-71000000.0,10129000000.0,10058000000.0,10058000000.0,0.0,78000000.0,182000000.0,1701000000.0,0.1479130435,1441000000.0,0.1253043478,87000000.0,1442000000.0,0.1253913043,289000000.0,1126000000.0,0.0979130435,3.62,3.58,311200000,314100000,https://www.sec.gov/Archives/edgar/data/899051/000089905120000078/0000899051-20-000078-index.htm,https://www.sec.gov/Archives/edgar/data/899051/000089905120000078/allcorp-9302010xq.htm,36.95372750642674,3.6182519280205656,4.16452442159383,3.9428020565552697,1.1889460154241644,87.6060411311054,64.45372750642673,87.6060411311054,21.57133676092545,29296368000.0,35561368000.0,6.504522202486679,2.547510260869565,22.605222222222224,23.87642053789731,1.0745834280893518,1.0745834280893518,3.092292869565217,20.90615402704292,27.43932716049383,28.98237000814996,0.0384347984705817,0.04188232479876,0.2433701353482742,0.0540529531568228,3.683127572016461,0.0,18.47435897435897,1.124024284475282,0.0066561151880669,0.1731793960923623,-0.0061739130434782,0.0,0.0586965376782077,0.0532407407407407,0.006,0.3791208791208791,0.0,84.45156222740701,0.0093865614345316,0.0097451209485481,-305.64588688946014,370000000.0,20058000000.0,-95117000000.0,8651000000.0,0.0,0.0,0.0,0.0,0.0,0.0,0.0,0.0,0.0,0.0413013974984411,0.2217223650385604,2020-11-04,1.66,amc,9773268070.0,2025-04-25,2020-09-30,0.7710843373493976,93.2909375,2004261.671875
2020-06-30,ALL,USD,899051,2020-08-04,2020-08-04 16:36:02,2020,Q2,11197000000.0,1451000000.0,9746000000.0,0.8704117174,0,73000000.0,0.0,73000000.0,9578000000.0,9651000000.0,9651000000.0,0.0,79000000.0,163000000.0,1545000000.0,0.1379833884,1545000000.0,0.1379833884,-166000000.0,1546000000.0,0.138072698,296000000.0,1224000000.0,0.1093149951,3.9,3.86,313700000,317000000,https://www.sec.gov/Archives/edgar/data/899051/000089905120000054/0000899051-20-000054-index.htm,https://www.sec.gov/Archives/edgar/data/899051/000089905120000054/allcorp-6302010xq.htm,35.69333758367868,3.901817022633089,5.894166401020083,5.572202741472744,1.743704175964297,86.02486452024228,62.98693018807778,86.02486452024228,21.399426203379026,30425763000.0,36512763000.0,6.21441237745098,2.717313834062695,16.455253109789073,17.406042906178488,1.127464722448677,1.127464722448677,3.2609415914977227,23.63285631067961,19.74730286641428,20.888308352402746,0.0402290650854014,0.0574513119030079,0.2458311717186689,0.0547061831016113,3.9398058252427184,0.0,19.55696202531645,1.4792,0.0065405097647017,0.1625816993464052,0.0065196034652138,0.0,0.0595962594626688,0.0546241211465657,0.0090202732874877,0.6196319018404908,0.0,86.9033878337473,0.0103012506542394,0.0107331702312366,-298.79821485495694,547000000.0,19759000000.0,-93733000000.0,8874000000.0,0.0,0.0,0.0,0.0,0.0,0.0,0.0,0.0,0.0,0.0453568517008819,0.3219636595473382,2020-08-04,1.41,amc,6353739837.0,2025-04-25,2020-06-30,0.7446808510638299,98.25190476190475,2143871.380952381
2020-03-31,ALL,USD,899051,2020-05-05,2020-05-05 16:21:21,2020,Q1,10076000000.0,1399000000.0,8677000000.0,0.8611552203,0,318000000.0,0.0,318000000.0,9097000000.0,9415000000.0,9415000000.0,0.0,81000000.0,155000000.0,896000000.0,0.0889241763,660000000.0,0.0655021834,1402000000.0,661000000.0,0.0656014291,112000000.0,513000000.0,0.0509130607,1.62,1.59,317400000,322400000,https://www.sec.gov/Archives/edgar/data/899051/000089905120000029/0000899051-20-000029-index.htm,https://www.sec.gov/Archives/edgar/data/899051/000089905120000029/allcorp-3312010xq.htm,31.74543163201008,1.616257088846881,3.2356647763074986,3.0308758664146187,1.0649023314429742,76.15942028985508,53.20415879017013,76.15942028985508,21.1531190926276,29115102000.0,35410102000.0,14.188646198830408,2.889549622866217,28.349661148977603,30.26517879417879,1.2044471931493814,1.2044471931493814,3.514301508535133,39.520203125,34.479164556962026,36.80883783783784,0.017619721888661,0.0330412718457932,0.2743970545650105,0.0571283385153349,7.025669642857143,0.0,8.148148148148149,1.870673952641165,0.006457130048866,0.3664717348927875,0.0315601429138547,0.0,0.0627524610919238,0.0632911392405063,0.0064509726081778,0.4193548387096774,0.0,52.626961396548566,0.004721243682483,0.0047141636265059,-288.58223062381853,338000000.0,16887000000.0,-91596000000.0,8747000000.0,0.0,0.0,0.0,0.0,0.0,0.0,0.0,0.0,0.0,0.0212220245728705,0.2047889098928796,2020-05-05,3.12,amc,10002683615.0,2025-04-25,2020-03-31,0.1346153846153845,108.72774193548386,2175404.435483871
2019-12-31,ALL,USD,899051,2020-02-21,2020-02-21 11:07:49,2019,Q4,11472000000.0,-27513000000.0,38985000000.0,3.3982740586,0,-251000000.0,0.0,-251000000.0,9492000000.0,9241000000.0,9241000000.0,0.0,82000000.0,171000000.0,2481000000.0,0.2162656904,6083000000.0,0.5302475593,-3852000000.0,2231000000.0,0.1944735007,458000000.0,1707000000.0,0.1487970711,5.32,5.23,320700000,326300000,https://www.sec.gov/Archives/edgar/data/899051/000089905120000013/0000899051-20-000013-index.htm,https://www.sec.gov/Archives/edgar/data/899051/000089905120000013/allcorp-12311910xk.htm,35.77174929840973,5.322731524789523,3.847832865606486,3.4112878079201745,1.0539444964140945,81.06641721234799,56.97848456501403,81.06641721234799,20.93233551605862,36062715000.0,42355715000.0,5.281592706502636,3.14354210251046,29.22424230145867,32.96409049360146,1.3871342026309716,1.3871342026309716,3.69209510111576,17.072033454252317,34.32391815235008,38.71637568555759,0.0473342065343665,0.0303360409775026,0.2550580813908762,0.0552813672363484,2.536477226924627,0.0,74.1829268292683,0.6959954878736605,0.0056845414994406,0.1200937316930287,-0.0218793584379358,0.0,0.0644018340975406,0.1134521880064829,0.0122036262203626,0.8187134502923976,0.0068863319386331,98.53239277619748,0.0403020121375091,0.0152105145912229,-291.9052073589024,338000000.0,18273000000.0,-93614000000.0,9691000000.0,0.0,0.0,0.0,0.0,0.0,0.0,0.0,0.0,0.0,0.0656588968382183,0.4365450576863112,2020-02-04,3.12,amc,10435284345.0,2025-04-25,2019-12-31,0.0032051282051281,109.155,1582089.96875
2019-09-30,ALL,USD,899051,2019-10-29,2019-10-29 19:21:51,2019,Q3,11069000000.0,1414000000.0,9655000000.0,0.8722558497,0,225000000.0,0.0,225000000.0,9684000000.0,9909000000.0,9909000000.0,0.0,80000000.0,159000000.0,1399000000.0,0.1263890144,1160000000.0,0.1047971813,0.0,1160000000.0,0.1047971813,229000000.0,889000000.0,0.0803143915,2.71,2.67,327700000,333000000,https://www.sec.gov/Archives/edgar/data/899051/000089905119000072/0000899051-19-000072-index.htm,https://www.sec.gov/Archives/edgar/data/899051/000089905119000072/allcorp-9301910xq.htm,33.777845590479096,2.7128471162648764,5.5935306682941714,5.227342081171804,1.7912725053402505,79.76808056148917,57.7113213304852,79.76808056148917,20.47604516325908,35614436000.0,41657436000.0,10.015308211473569,3.217493540518565,19.42958865248227,20.790680677174542,1.3624497322111706,1.3624497322111706,3.763432649742524,29.776580414581844,22.72636988543372,24.31840980735552,0.0249617879671041,0.0480984733269396,0.2536342769701606,0.0547603511930818,4.319513938527519,0.0,14.5,1.9688506981740064,0.0055314648251063,0.2215973003374578,0.0203270394796277,0.0,0.0596995201242225,0.0654664484451718,0.0108410877224681,0.7547169811320755,0.0,69.7779955625515,0.0076895757105217,0.0078088629276648,-287.9035703387244,587000000.0,18912000000.0,-94346000000.0,9350000000.0,0.0,0.0,0.0,0.0,0.0,0.0,0.0,0.0,0.0,0.034009181331293,0.366188587122368,2019-10-29,2.64,amc,9288338028.0,2025-04-25,2019-09-30,0.0757575757575756,104.358125,1500636.234375
2019-06-30,ALL,USD,899051,2019-07-30,2019-07-30 16:23:48,2019,Q2,11144000000.0,1380000000.0,9764000000.0,0.876166547,0,125000000.0,0.0,125000000.0,9941000000.0,10066000000.0,10066000000.0,0.0,82000000.0,160000000.0,1318000000.0,0.118269921,1076000000.0,0.0965541996,2000000.0,1078000000.0,0.0967336683,227000000.0,821000000.0,0.0736719311,2.47,2.44,332000000,336900000,https://www.sec.gov/Archives/edgar/data/899051/000089905119000060/0000899051-19-000060-index.htm,https://www.sec.gov/Archives/edgar/data/899051/000089905119000060/allcorp-6301910xq.htm,33.566265060240966,2.4728915662650603,4.0602409638554215,3.7801204819277103,1.8042168674698795,73.72289156626506,51.993975903614455,73.72289156626506,20.210843373493976,34245800000.0,40274800000.0,10.428075517661387,3.0730258435032303,25.40489614243324,27.28749003984064,1.399158359209021,1.399158359209021,3.614034458004307,30.55751138088012,29.877448071216616,32.09147410358566,0.0239737427655362,0.036646829684224,0.270795881680013,0.0559920252758207,4.574355083459787,0.0,13.121951219512194,1.5840188014101058,0.0057233295761816,0.2387332521315469,0.0112167982770997,0.0,0.0609424366837312,0.0689910979228486,0.0083452979181622,0.58125,0.0,64.0464372770651,0.0071757408745019,0.0073857502698812,-281.0210843373494,599000000.0,17262000000.0,-93299000000.0,9332000000.0,0.0,0.0,0.0,0.0,0.0,0.0,0.0,0.0,0.0,0.0335430625919267,0.2801204819277108,2019-07-30,1.54,amc,6978036697.0,2025-04-25,2019-06-30,0.4155844155844156,97.70428571428572,1688676.8412698412
2019-03-31,ALL,USD,899051,2019-05-01,2019-05-01 16:21:09,2019,Q1,10990000000.0,1380000000.0,9610000000.0,0.8744313012,0,15000000.0,0.0,15000000.0,9355000000.0,9370000000.0,9370000000.0,0.0,83000000.0,157000000.0,1859000000.0,0.1691537762,1619000000.0,0.1473157416,1000000.0,1620000000.0,0.1474067334,328000000.0,1261000000.0,0.1147406733,3.79,3.74,332600000,337500000,https://www.sec.gov/Archives/edgar/data/899051/000089905119000022/0000899051-19-000022-index.htm,https://www.sec.gov/Archives/edgar/data/899051/000089905119000022/allcorp-3311910xq.htm,33.042693926638606,3.7913409500901984,2.146722790138304,1.9061936259771497,1.656644618159952,70.40889957907396,48.71016235718581,70.40889957907396,19.65123271196633,31626934000.0,37528934000.0,6.270208961141951,2.8777919927206552,44.29542577030813,49.88475394321767,1.350539499530276,1.350539499530276,3.414825659690628,20.187699838622915,52.56153221288516,59.19390220820189,0.0398710795045767,0.0200462049214128,0.2755572636433512,0.0557090318904639,3.174825174825175,0.0,19.50602409638554,0.5526315789473685,0.005975919132724,0.1498810467882632,0.0013648771610555,0.0,0.0623046773831517,0.1120448179271708,0.0072793448589626,0.5095541401273885,0.0,77.4999564197359,0.0111470075205535,0.0116096007070716,-276.2026458208058,551000000.0,16201000000.0,-91865000000.0,9289000000.0,0.0,0.0,0.0,0.0,0.0,0.0,0.0,0.0,0.0,0.0538474677598428,0.2405291641611545,2019-05-01,2.29,amc,9595826086.0,2025-04-25,2019-03-31,0.0043668122270741,90.45245901639343,2303752.934426229
2018-12-31,ALL,USD,899051,2019-02-15,2019-02-15 13:43:51,2018,Q4,9481000000.0,-24465000000.0,33946000000.0,3.5804240059,0,1642000000.0,0.0,1642000000.0,8203000000.0,9845000000.0,9845000000.0,0.0,81000000.0,135000000.0,-150000000.0,-0.0158211159,2738000000.0,0.2887881025,-3102000000.0,-364000000.0,-0.0383925746,-95000000.0,-269000000.0,-0.0283725345,-0.79,-0.77,341900000,347100000,https://www.sec.gov/Archives/edgar/data/899051/000089905119000007/0000899051-19-000007-index.htm,https://www.sec.gov/Archives/edgar/data/899051/000089905119000007/allcorp-12311810xk.htm,27.730330505995905,-0.7867797601637906,3.968996782684996,3.729160573267037,1.4594910792629423,62.33401579409184,38.85639075753144,62.33401579409184,19.10500146241591,28251197000.0,34203197000.0,-26.255759293680292,2.9797697500263687,20.81886293294031,22.15780156862745,1.3256004598348348,1.3256004598348348,3.6075516295749392,-228.02131333333327,25.205008843036108,26.8260368627451,-0.0095217204425001,0.0451308310936347,0.3026933183183183,0.0574704451710037,-39.68,0.0,33.80246913580247,-5.044609665427509,0.0069377591328254,-0.7286245353159851,0.1731884822276131,0.0,0.0715106593377223,0.0604274134119381,0.0086488767007699,0.6074074074074074,0.0145554266427592,,0.0180261034656174,-0.0025810289574178,-264.5159403334308,499000000.0,13285000000.0,-90438000000.0,9571000000.0,0.0,0.0,0.0,0.0,0.0,0.0,0.0,0.0,0.0,-0.0126219969969969,0.2398362094179584,2019-02-05,1.01,amc,8506370967.0,2025-04-25,2018-12-31,0.2277227722772277,89.78888888888889,2146739.222222222
2018-09-30,ALL,USD,899051,2018-10-31,2018-10-31 16:22:27,2018,Q3,10465000000.0,1534000000.0,8931000000.0,0.8534161491,0,1534000000.0,0.0,1534000000.0,7892000000.0,9426000000.0,9426000000.0,0.0,82000000.0,128000000.0,1248000000.0,0.1192546584,1038000000.0,0.0991877688,140000000.0,1039000000.0,0.0992833254,169000000.0,942000000.0,0.0900143335,2.72,2.68,346000000,351700000,https://www.sec.gov/Archives/edgar/data/899051/000089905118000056/0000899051-18-000056-index.htm,https://www.sec.gov/Archives/edgar/data/899051/000089905118000056/allcorp-9301810xq.htm,30.245664739884397,2.722543352601156,4.994219653179191,4.800578034682081,1.329479768786127,68.30346820809248,46.884393063583815,68.30346820809248,18.878612716763005,34091380000.0,40081380000.0,9.047606157112526,3.2576569517439085,19.72880787037037,20.52461167971102,1.4425328989125377,1.4425328989125377,3.8300410893454377,32.11649038461538,23.19524305555555,24.130872968091516,0.0276316183152456,0.0487219936535276,0.2729234544916007,0.0563367979736221,4.799679487179487,0.0,12.658536585365852,1.986206896551724,0.005837252701416,0.2112526539278131,0.146583850931677,0.0,0.0647305441523277,0.0387731481481481,0.006402293358815,0.5234375,0.0,64.68447224732377,0.0075916032526891,0.0087972431569215,-261.2630057803468,460000000.0,16222000000.0,-90397000000.0,8903000000.0,0.0,0.0,0.0,0.0,0.0,0.0,0.0,0.0,0.0,0.0398595184699361,0.1936416184971098,2018-10-31,2.21,amc,10815259067.0,2025-04-25,2018-09-30,-0.1266968325791855,97.52190476190476,1717657.5396825396
2018-06-30,ALL,USD,899051,2018-08-01,2018-08-01 16:20:43,2018,Q2,10099000000.0,1407000000.0,8692000000.0,0.8606792752,0,1407000000.0,0.0,1407000000.0,7847000000.0,9254000000.0,9254000000.0,0.0,86000000.0,126000000.0,1055000000.0,0.1044657887,843000000.0,0.0834736112,54000000.0,845000000.0,0.0836716507,169000000.0,678000000.0,0.0671353599,1.94,1.91,349200000,354600000,https://www.sec.gov/Archives/edgar/data/899051/000089905118000044/0000899051-18-000044-index.htm,https://www.sec.gov/Archives/edgar/data/899051/000089905118000044/allcorp-6301810xq.htm,28.920389461626577,1.9415807560137457,4.192439862542956,4.003436426116839,1.4003436426116838,66.21420389461626,45.37514318442153,66.21420389461626,18.711340206185568,31871484000.0,37830484000.0,11.752022123893806,3.155904941083276,21.770139344262297,22.79791416309013,1.3784051552633856,1.3784051552633856,3.7459633627091793,35.85827867298578,25.840494535519127,27.060432045779685,0.0212729347651336,0.0438636619493463,0.2788686099818355,0.0568762183665728,5.648341232227488,0.0,9.80232558139535,2.165680473372781,0.00602419391579,0.2831858407079646,0.13932072482424,0.0,0.064188622992176,0.0450819672131147,0.0065353005248044,0.5238095238095238,0.0,53.782943776559314,0.0059487161393326,0.0063906797873543,-257.0389461626575,489000000.0,15845000000.0,-89758000000.0,8806000000.0,0.0,0.0,0.0,0.0,0.0,0.0,0.0,0.0,0.0,0.0293227229478418,0.1890034364261168,2018-08-01,1.49,amc,7293157894.0,2025-04-25,2018-06-30,0.2751677852348992,95.0484375,1961887.0625
2018-03-31,ALL,USD,899051,2018-05-01,2018-05-01 17:03:50,2018,Q1,9770000000.0,1355000000.0,8415000000.0,0.8613101331,0,1355000000.0,0.0,1355000000.0,7191000000.0,8546000000.0,8546000000.0,0.0,83000000.0,122000000.0,1428000000.0,0.1461617195,1223000000.0,0.1251791198,40000000.0,1224000000.0,0.1252814739,249000000.0,977000000.0,0.1,2.76,2.71,354100000,359900000,https://www.sec.gov/Archives/edgar/data/899051/000089905118000017/0000899051-18-000017-index.htm,https://www.sec.gov/Archives/edgar/data/899051/000089905118000017/allcorp-3311810xq.htm,27.591075967240897,2.759107596724089,1.7678621858232135,1.5927704038407229,1.2708274498729173,65.73566789042643,45.53515955944648,65.73566789042643,19.570742728042926,33568680000.0,39965680000.0,8.589733879222107,3.435893551688844,53.62408945686901,59.51893617021277,1.4421394509601753,1.4421394509601753,4.090653019447288,27.98717086834733,63.8429392971246,70.86113475177305,0.0291045105139671,0.0168013755679401,0.294153026592774,0.060438347941989,4.4796918767507,0.0,14.734939759036145,0.642051282051282,0.004796137351841,0.1647901740020471,0.138689866939611,0.0,0.0631394045317727,0.0990415335463258,0.0063459570112589,0.5081967213114754,0.0,63.88164888819532,0.0085992764643747,0.0092051707243536,-252.92855125670715,450000000.0,16124000000.0,-89562000000.0,8663000000.0,0.0,0.0,0.0,0.0,0.0,0.0,0.0,0.0,0.0,0.0419727628130772,0.1750917819824908,2018-05-01,2.61,amc,8039858108.0,2025-04-25,2018-03-31,0.1340996168582376,96.86622950819672,2642972.7377049183
2017-12-31,ALL,USD,899051,2018-02-26,2018-02-26 17:10:16,2017,Q4,9843000000.0,-24023000000.0,33866000000.0,3.4406176979,0,1257000000.0,0.0,1257000000.0,7429000000.0,8686000000.0,8686000000.0,0.0,84000000.0,125000000.0,1361000000.0,0.1382708524,3971000000.0,0.4034339124,-2814000000.0,1157000000.0,0.1175454638,-92000000.0,1220000000.0,0.1239459514,3.41,3.35,357500000,363800000,https://www.sec.gov/Archives/edgar/data/899051/000089905118000007/0000899051-18-000007-index.htm,https://www.sec.gov/Archives/edgar/data/899051/000089905118000007/allcorp-12311710xk.htm,27.53286713286713,3.4125874125874125,3.076923076923077,2.8447552447552447,1.725874125874126,63.07972027972028,43.7006993006993,63.07972027972028,17.997202797202796,37433825000.0,43166825000.0,7.670865778688524,3.8030910291577777,34.03075,36.80808751229105,1.65996297281717,1.65996297281717,4.385535405872194,31.71699118295371,39.24256818181818,42.445255653883976,0.0325908453116933,0.0271679423622886,0.2815839652343577,0.0564836064115564,4.21234386480529,0.0,47.273809523809526,0.8807045636509208,0.0043543506441032,0.1336065573770491,0.1277049679975617,0.0,0.0616249488534272,0.0754545454545454,0.0084323884994412,0.664,0.0083307934572792,69.59499864833994,0.0381309529701853,0.0115646387472273,-249.66153846153847,617000000.0,15623000000.0,-89254000000.0,8617000000.0,0.0,0.0,0.0,0.0,0.0,0.0,0.0,0.0,0.0,0.054099596470223,0.2321678321678321,2018-02-07,1.5,amc,6444301435.0,2025-04-25,2017-12-31,0.3933333333333332,98.49761904761904,1794703.4285714286
2017-09-30,ALL,USD,899051,2017-11-01,2017-11-01 16:23:57,2017,Q3,9660000000.0,1218000000.0,8442000000.0,0.8739130435,0,1218000000.0,0.0,1218000000.0,7471000000.0,8689000000.0,8689000000.0,0.0,83000000.0,120000000.0,1174000000.0,0.1215320911,1054000000.0,0.1091097308,-7471000000.0,971000000.0,0.1005175983,305000000.0,637000000.0,0.065942029,1.76,1.74,361300000,367100000,https://www.sec.gov/Archives/edgar/data/899051/000089905117000055/0000899051-17-000055-index.htm,https://www.sec.gov/Archives/edgar/data/899051/000089905117000055/allcorp-9301710xq.htm,26.736783836147247,1.7630777747024633,5.164683088845835,4.97093827843897,1.9097702740105176,61.22059230556325,41.8156656518129,61.22059230556325,17.802380293385,33207083000.0,38866083000.0,13.032607142857142,3.4375862318840578,17.795864415862805,18.48946714922049,1.5012922374429225,1.5012922374429225,4.023404037267081,33.10569250425895,20.82855466237942,21.640358017817373,0.0191826544957291,0.0540848468984764,0.2870382928703829,0.0558733455364686,4.820272572402044,0.0,12.698795180722891,2.8018018018018016,0.0049085913387815,0.2558869701726844,0.1260869565217391,0.0,0.0616991692480991,0.037513397642015,0.0072463768115942,0.5833333333333334,0.0,49.28057403360204,0.0063620189668218,0.0059744328040442,-251.37835593689456,690000000.0,15108000000.0,-90823000000.0,8768000000.0,0.0,0.0,0.0,0.0,0.0,0.0,0.0,0.0,0.0,0.0287987702879877,0.1937448104068641,2017-11-01,0.87,amc,8656525859.0,2025-04-25,2017-09-30,0.839080459770115,90.9226984126984,1961496.5714285716
2017-06-30,ALL,USD,899051,2017-08-01,2017-08-01 16:23:33,2017,Q2,9587000000.0,1086000000.0,8501000000.0,0.8867216022,0,1086000000.0,0.0,1086000000.0,7650000000.0,8736000000.0,8736000000.0,0.0,83000000.0,119000000.0,1053000000.0,0.1098362366,934000000.0,0.0974235945,-7650000000.0,851000000.0,0.0887660373,272000000.0,550000000.0,0.0573693543,1.51,1.49,363600000,369000000,https://www.sec.gov/Archives/edgar/data/899051/000089905117000044/0000899051-17-000044-index.htm,https://www.sec.gov/Archives/edgar/data/899051/000089905117000044/allcorp-6301710xq.htm,26.366886688668867,1.5126512651265127,1.3503850385038505,1.1523652365236523,1.3256325632563255,59.13366336633664,40.15401540154016,59.13366336633664,17.687018701870187,32156784000.0,38022784000.0,14.61672,3.3542071555231043,65.4924317718941,76.74650119331743,1.495594809543742,1.495594809543742,3.966077396474392,36.10900664767331,77.43947861507128,90.74650119331744,0.0171037004197932,0.0130299099561697,0.2952420817636389,0.0572588283046949,5.570750237416904,0.0,11.25301204819277,0.8480138169257341,0.005100012488811,0.2981818181818181,0.1132783978303953,0.0,0.0622468768321832,0.1466395112016293,0.0075101700219046,0.6050420168067226,0.0,44.86194089436752,0.0057319371338183,0.0052902927936593,-244.44994499449945,482000000.0,14600000000.0,-88882000000.0,8455000000.0,0.0,0.0,0.0,0.0,0.0,0.0,0.0,0.0,0.0,0.0255802055718338,0.198019801980198,2017-08-01,0.88,amc,5489797101.0,2025-04-25,2017-06-30,0.568181818181818,84.75507936507935,1852499.396825397
2017-03-31,ALL,USD,899051,2017-05-02,2017-05-02 16:26:05,2017,Q1,9434000000.0,1097000000.0,8337000000.0,0.8837184651,0,1097000000.0,0.0,1097000000.0,7325000000.0,8422000000.0,8422000000.0,0.0,85000000.0,119000000.0,1216000000.0,0.1288954844,1097000000.0,0.1162815349,-7325000000.0,1012000000.0,0.1072715709,317000000.0,666000000.0,0.0705957176,1.82,1.79,365700000,371300000,https://www.sec.gov/Archives/edgar/data/899051/000089905117000012/0000899051-17-000012-index.htm,https://www.sec.gov/Archives/edgar/data/899051/000089905117000012/allcorp-3311710xq.htm,25.797101449275363,1.8211648892534864,2.3434509160514083,2.14109926168991,1.2086409625375991,57.8561662564944,39.15777960076566,57.8561662564944,17.5854525567405,29800893000.0,35704893000.0,11.186521396396396,3.1588820224719103,34.773504084014,38.05988888888889,1.4084929104830322,1.4084929104830322,3.784703519185923,29.36257648026316,41.66265227537923,45.60011877394636,0.0223483235888266,0.0262743804355124,0.2999338311749693,0.0575637455439347,4.855263157894737,0.0,12.905882352941177,1.233093525179856,0.0050669622551243,0.2267267267267267,0.1162815348738605,0.0,0.0620266139346715,0.0863477246207701,0.0078439686241255,0.6218487394957983,0.0,48.69010596410372,0.0068337627416602,0.0064406943571394,-242.39267158873395,442000000.0,14320000000.0,-88643000000.0,8347000000.0,0.0,0.0,0.0,0.0,0.0,0.0,0.0,0.0,0.0,0.0314774553360431,0.2023516543614985,2017-05-02,1.1,amc,5736097560.0,2025-04-25,2017-03-31,0.4909090909090907,78.69629032258065,1799280.3709677418
2016-12-31,ALL,USD,899051,2017-02-17,2017-02-17 14:43:26,2016,Q4,9278000000.0,4106000000.0,5172000000.0,0.5574477258,0,1063000000.0,0.0,1063000000.0,6957000000.0,8020000000.0,8020000000.0,0.0,77000000.0,97000000.0,1431000000.0,0.1542358267,5000000.0,0.0005389092,1253000000.0,1258000000.0,0.1355895667,418000000.0,811000000.0,0.08741108,2.2,2.18,368000000,372500000,https://www.sec.gov/Archives/edgar/data/899051/000089905117000005/0000899051-17-000005-index.htm,https://www.sec.gov/Archives/edgar/data/899051/000089905117000005/allcorp-12311610xk.htm,25.21195652173913,2.203804347826087,3.3994565217391304,3.065217391304348,1.184782608695652,55.90489130434783,41.84782608695652,55.90489130434783,17.456521739130434,27276160000.0,33187160000.0,8.408187422934649,2.939874973054537,21.803485211830537,24.18099290780141,1.3258231662859088,1.3258231662859088,3.576973485665014,23.191586303284417,26.528505195843326,29.42124113475177,0.0297329242825969,0.0413547948098266,0.3085111553978515,0.0584384494982045,4.13067784765898,0.0,0.0649350649350649,1.4892857142857143,0.005535969872592,0.1861898890258939,0.1145721060573399,0.0,0.0476291317558235,0.0983213429256594,0.0132571674929941,1.268041237113402,0.0037723647337788,52.6505219036668,3.073964414324148e-05,0.0078405212834865,-238.0461956521739,436000000.0,15400000000.0,-87601000000.0,6674000000.0,0.0,0.0,0.0,0.0,0.0,0.0,0.0,0.0,0.0,0.0394205998152918,0.3342391304347826,2017-02-01,1.63,amc,6366013824.0,2025-04-25,2016-12-31,0.3312883435582822,70.42380952380952,2337220.698412698
2016-09-30,ALL,USD,899051,2016-11-02,2016-11-02 16:24:47,2016,Q3,9221000000.0,1021000000.0,8200000000.0,0.8892744822,0,1021000000.0,0.0,1021000000.0,7435000000.0,8456000000.0,8456000000.0,0.0,73000000.0,97000000.0,935000000.0,0.1013989806,838000000.0,0.0908795142,-7435000000.0,765000000.0,0.0829628023,245000000.0,491000000.0,0.0532480208,1.32,1.31,371500000,375900000,https://www.sec.gov/Archives/edgar/data/899051/000089905116000082/0000899051-16-000082-index.htm,https://www.sec.gov/Archives/edgar/data/899051/000089905116000082/allcorp-9301610xq.htm,24.82099596231494,1.3216689098250336,3.725437415881561,3.537012113055181,1.047106325706595,56.34993270524899,42.60834454912517,56.34993270524899,13.951547779273216,25700370000.000004,30421370000.000004,13.085728105906316,2.787156490619239,18.56963150289017,19.558881278538816,1.2276855832616798,1.2276855832616798,3.299140006506887,32.53622459893049,21.980758670520235,23.15172754946728,0.0191047833163491,0.0511276685899852,0.2441005063533008,0.0470807190174779,5.049197860962567,0.0,11.47945205479452,2.6615384615384614,0.0059532216851352,0.3116089613034623,0.1107255178397137,0.0,0.0470346517777347,0.0505780346820809,0.0075913675306365,0.7216494845360825,0.0,40.9354243640317,0.0052481726511022,0.0047470802072859,-234.76177658142663,389000000.0,15829000000.0,-87214000000.0,6507000000.0,0.0,0.0,0.0,0.0,0.0,0.0,0.0,0.0,0.0,0.0234546670488201,0.1884253028263795,2016-11-02,1.25,amc,8373015873.0,2025-04-25,2016-09-30,0.008,68.8621875,1608366.46875
2016-06-30,ALL,USD,899051,2016-08-03,2016-08-03 16:22:10,2016,Q2,9164000000.0,1040000000.0,8124000000.0,0.88651244,0,1040000000.0,0.0,1040000000.0,7748000000.0,8788000000.0,8788000000.0,0.0,72000000.0,97000000.0,-119000000.0,-0.0129855958,448000000.0,0.0488869489,1040000000.0,376000000.0,0.0410301179,105000000.0,242000000.0,0.0264076822,0.65,0.64,373600000,378100000,https://www.sec.gov/Archives/edgar/data/899051/000089905116000070/0000899051-16-000070-index.htm,https://www.sec.gov/Archives/edgar/data/899051/000089905116000070/allcorp-6301610xq.htm,24.528907922912207,0.6477516059957173,1.7237687366167025,1.5417558886509637,1.1937901498929335,55.01338329764454,41.52837259100642,55.01338329764454,13.867773019271947,26133320000.0,30796320000.0,26.99723140495868,2.851737232649498,40.57968944099379,45.37034722222222,1.271508782172919,1.271508782172919,3.3605761676123964,-258.7926050420168,47.82037267080745,53.465833333333336,0.0092602088062289,0.0220408275718508,0.2485768500948766,0.0476212669177137,-39.18487394957983,0.0,6.222222222222222,2.376383763837638,0.0058928601494184,0.6363636363636364,0.1134875600174596,0.0,0.0469594720554789,0.1055900621118012,0.00742034046268,0.7010309278350515,0.0,28.315855383546378,0.0030097089689168,0.0023668407566066,-230.9555674518201,446000000.0,15515000000.0,-86285000000.0,6495000000.0,0.0,0.0,0.0,0.0,0.0,0.0,0.0,0.0,0.0,0.0117744368218751,0.1820128479657387,2016-08-03,0.58,amc,7837483870.0,2025-04-25,2016-06-30,0.0689655172413793,66.96203125,1960863.734375
2016-03-31,ALL,USD,899051,2016-05-04,2016-05-04 16:34:16,2016,Q1,8871000000.0,982000000.0,7889000000.0,0.8893022207,0,982000000.0,0.0,982000000.0,7534000000.0,8516000000.0,8516000000.0,0.0,73000000.0,91000000.0,519000000.0,0.0585052418,2000000.0,0.0002254537,-7534000000.0,355000000.0,0.0400180363,109000000.0,217000000.0,0.0244617292,0.57,0.57,378100000,382900000,https://www.sec.gov/Archives/edgar/data/899051/000089905116000048/0000899051-16-000048-index.htm,https://www.sec.gov/Archives/edgar/data/899051/000089905116000048/allcorp-3311610xq.htm,23.462047077492727,0.5739222427929119,1.888389314996033,1.7508595609627082,1.4043903729172176,53.79529225072732,40.50251256281407,53.79529225072732,13.702724147051043,25472597000.0,30049597000.0,29.346309907834105,2.8714459474692817,35.67590616246499,38.47824320241692,1.252340068829892,1.252340068829892,3.3873967985570963,57.89903082851638,42.08627030812325,45.392140483383685,0.0085189586283644,0.025988712497591,0.2511307767944936,0.048212785638102,8.81888246628131,0.0,0.0273972602739726,2.902439024390244,0.005653133836334,0.663594470046083,0.1106977792808026,0.0,0.0474388137464958,0.072829131652661,0.0058617968661932,0.5714285714285714,0.0,26.35663261031928,1.3081215069400232e-05,0.0021501966884989,-225.0092568103676,531000000.0,15314000000.0,-85076000000.0,6568000000.0,0.0,0.0,0.0,0.0,0.0,0.0,0.0,0.0,0.0,0.0106686332350049,0.1375297540333245,2016-05-04,0.75,amc,6710142857.0,2025-04-25,2016-03-31,0.1199999999999999,62.81098360655737,2858738.1147540985
2015-12-31,ALL,USD,899051,2016-02-19,2016-02-19 14:04:26,2015,Q4,8691000000.0,4081000000.0,4610000000.0,0.5304337821,0,938000000.0,0.0,938000000.0,7033000000.0,7971000000.0,7971000000.0,0.0,73000000.0,96000000.0,518000000.0,0.059601887,3000000.0,0.0003451847,-7033000000.0,720000000.0,0.0828443217,231000000.0,460000000.0,0.0529283166,1.19,1.18,385000000,390200000,https://www.sec.gov/Archives/edgar/data/899051/000089905116000040/0000899051-16-000040-index.htm,https://www.sec.gov/Archives/edgar/data/899051/000089905116000040/allcorp-12311510xk.htm,22.57402597402597,1.1948051948051948,2.415584415584416,2.197402597402597,1.2857142857142858,52.01298701298701,38.81818181818182,52.01298701298701,13.4987012987013,23904650000.0,28533650000.0,12.991657608695654,2.7505062708549075,25.703924731182795,28.256087470449177,1.1937403245942573,1.1937403245942573,3.283126222529053,55.08426640926641,30.681344086021504,33.72771867612293,0.0192431179707713,0.0353906039201578,0.2558801498127341,0.048960403608011,8.936293436293436,0.0,0.0410958904109589,1.901840490797546,0.006149431177616,0.3195652173913043,0.1079277413416177,0.0,0.0485399785965448,0.0903225806451612,0.0096651708664135,0.875,0.0029916005062708,37.39346479413442,1.9468544565051216e-05,0.0046195870490881,-218.53506493506487,495000000.0,14945000000.0,-84136000000.0,6599000000.0,0.0,0.0,0.0,0.0,0.0,0.0,0.0,0.0,0.0,0.0229712858926342,0.2181818181818181,2016-02-03,1.31,amc,6893462500.0,2025-04-25,2015-12-31,0.2213740458015267,62.18265625,2700730.453125
2015-09-30,ALL,USD,899051,2015-11-02,2015-11-02 16:26:50,2015,Q3,9028000000.0,992000000.0,8036000000.0,0.8901196278,0,992000000.0,0.0,992000000.0,7081000000.0,8073000000.0,8073000000.0,0.0,73000000.0,96000000.0,1124000000.0,0.1245015507,2000000.0,0.000221533,-7081000000.0,955000000.0,0.1057820115,305000000.0,621000000.0,0.0687859991,1.56,1.54,397000000,402100000,https://www.sec.gov/Archives/edgar/data/899051/000089905115000032/0000899051-15-000032-index.htm,https://www.sec.gov/Archives/edgar/data/899051/000089905115000032/allcorp-9301510xq.htm,22.740554156171285,1.5642317380352644,3.4836272040302267,3.267002518891688,2.279596977329975,51.64735516372796,38.97732997481109,51.64735516372796,13.219143576826196,23121280000.0,27391280000.0,9.308083735909824,2.561063358440407,16.71820679681851,17.826738627602158,1.1276472883339836,1.1276472883339836,3.0340363314133807,24.36946619217082,19.805697758496024,21.118951426368543,0.0268583746228582,0.0560955102831677,0.2523897776043698,0.0488904004761499,3.798932384341637,0.0,0.0273972602739726,2.127692307692308,0.0065307803028206,0.2431561996779388,0.1098803721754541,0.0,0.0475205245207796,0.0621836587129428,0.0095259193619849,0.8958333333333334,0.0,42.63495893026475,1.2860362823480789e-05,0.0061595532588103,-212.69521410579344,905000000.0,15474000000.0,-84440000000.0,6985000000.0,0.0,0.0,0.0,0.0,0.0,0.0,0.0,0.0,0.0,0.0302867733125243,0.216624685138539,2015-11-02,1.32,amc,7110631578.0,2025-04-25,2015-09-30,0.1515151515151514,62.52890625,3149384.296875
2015-06-30,ALL,USD,899051,2015-08-03,2015-08-03 16:49:17,2015,Q2,8982000000.0,1061000000.0,7921000000.0,0.8818748608,0,1061000000.0,0.0,1061000000.0,7395000000.0,8456000000.0,8456000000.0,0.0,73000000.0,92000000.0,691000000.0,0.0769316411,1000000.0,0.0001113338,-7395000000.0,526000000.0,0.0585615676,171000000.0,326000000.0,0.0362948118,0.8,0.79,407000000,412600000,https://www.sec.gov/Archives/edgar/data/899051/000089905115000025/0000899051-15-000025-index.htm,https://www.sec.gov/Archives/edgar/data/899051/000089905115000025/allcorp-6301510xq.htm,22.06879606879607,0.800982800982801,1.8108108108108107,1.628992628992629,1.977886977886978,52.32923832923833,40.22358722358722,52.32923832923833,12.92137592137592,26402090000.0,30783090000.0,20.24700153374233,2.9394444444444443,35.82373134328358,39.822156862745096,1.2396511409522022,1.2396511409522022,3.427197728790915,44.54861070911722,41.768100407055634,46.43,0.0123475073374872,0.0251116483581413,0.2434970419757723,0.0484143506632934,6.340086830680174,0.0,0.0136986301369863,2.076056338028169,0.0058328715643344,0.4723926380368098,0.1181251391672233,0.0,0.0459964338060251,0.1004070556309362,0.0082386996214651,0.8043478260869565,0.0,30.70966374825068,6.3006333538633405e-06,0.003190136021137,-208.87960687960688,805000000.0,16371000000.0,-85014000000.0,6770000000.0,0.0,0.0,0.0,0.0,0.0,0.0,0.0,0.0,0.0,0.0153066015588318,0.1818181818181818,2015-08-03,0.97,amc,12448333333.0,2025-04-25,2015-06-30,-0.3505154639175257,68.55444444444444,2501056.26984127
2015-03-31,ALL,USD,899051,2015-05-05,2015-05-05 16:10:34,2015,Q1,8952000000.0,1090000000.0,7862000000.0,0.8782394996,0,1090000000.0,0.0,1090000000.0,6781000000.0,7871000000.0,7871000000.0,0.0,73000000.0,87000000.0,1241000000.0,0.1386282395,-1000000.0,-0.0001117069,-6781000000.0,1081000000.0,0.1207551385,404000000.0,648000000.0,0.072386059,1.56,1.53,415800000,422600000,https://www.sec.gov/Archives/edgar/data/899051/000089905115000011/0000899051-15-000011-index.htm,https://www.sec.gov/Archives/edgar/data/899051/000089905115000011/allcorp-3311510xq.htm,21.52958152958153,1.5584415584415583,1.3612313612313611,1.2193362193362194,2.202982202982203,53.34054834054834,41.926406926406926,53.34054834054834,12.667147667147669,29592486000.0,33870486000.0,11.416854166666669,3.305684316353888,52.28354416961131,58.3678224852071,1.3342569998647371,1.3342569998647371,3.7835663538874,27.29289766317486,59.8418480565371,66.80569230769231,0.0218974505893151,0.0171327275444178,0.2341854907795662,0.048064110156944,3.447219983883965,0.0,-0.0136986301369863,0.8360413589364845,0.0049674772170205,0.2268518518518518,0.1217605004468275,0.0,0.0439184187148356,0.1042402826855123,0.0065907059874888,0.6781609195402298,0.0,43.24792323209702,-5.795380241317921e-06,0.0062718984107319,-204.35064935064932,916000000.0,17433000000.0,-84969000000.0,6688000000.0,0.0,0.0,0.0,0.0,0.0,0.0,0.0,0.0,0.0,0.0292168267279859,0.1418951418951419,2015-05-05,1.44,amc,7853917808.0,2025-04-25,2015-03-31,0.0138888888888889,70.59590163934426,2448015.426229508
2014-12-31,ALL,USD,899051,2015-02-19,2015-02-19 09:41:19,2014,Q4,8759000000.0,4341000000.0,4418000000.0,0.5043954789,0,1156000000.0,0.0,1156000000.0,6361000000.0,7517000000.0,7517000000.0,0.0,73000000.0,89000000.0,1038000000.0,0.1185066788,-74000000.0,-0.008448453,-6361000000.0,1242000000.0,0.1417970088,418000000.0,795000000.0,0.0907637858,1.89,1.86,420200000,427700000,https://www.sec.gov/Archives/edgar/data/899051/000104746915000935/0001047469-15-000935-index.htm,https://www.sec.gov/Archives/edgar/data/899051/000104746915000935/a2223004z10-k.htm,20.84483579247977,1.8919562113279391,1.5968586387434556,1.4040932889100428,1.563541170871014,53.07948595906712,41.78962398857687,53.07948595906712,12.40599714421704,29519050000.0,34002050000.0,9.282720125786163,3.370139285306542,43.99262295081967,50.03228813559322,1.323486818507891,1.323486818507891,3.881955702705788,32.75727360308285,50.673695976155,57.63059322033898,0.0269317610153443,0.01998709308057,0.2304519368723099,0.0473824426847592,4.31888246628131,0.0,-1.0136986301369864,0.8143203883495146,0.0050137114846175,0.1861635220125786,0.1319785363625984,0.0,0.0437319665557388,0.1207153502235469,0.0092476310081059,0.9101123595505618,0.0037675533736727,47.53463391015966,-0.0004525761488539,0.0076637586157034,-203.5173726796764,657000000.0,17560000000.0,-85518000000.0,6432000000.0,0.0,0.0,0.0,0.0,0.0,0.0,0.0,0.0,0.0,0.0356438307030129,0.1927653498334126,2015-02-04,1.68,amc,7690883720.0,2025-04-25,2014-12-31,0.0238095238095238,65.79578125,2276214.09375
2014-09-30,ALL,USD,899051,2014-10-29,2014-10-29 16:12:28,2014,Q3,8936000000.0,1068000000.0,7868000000.0,0.8804834378,0,1068000000.0,0.0,1068000000.0,6678000000.0,7746000000.0,7746000000.0,0.0,78000000.0,88000000.0,1356000000.0,0.1517457475,-27000000.0,-0.0030214861,-6678000000.0,1190000000.0,0.1331692032,409000000.0,750000000.0,0.0839301701,1.77,1.74,424500000,431200000,https://www.sec.gov/Archives/edgar/data/899051/000110465914074832/0001104659-14-074832-index.htm,https://www.sec.gov/Archives/edgar/data/899051/000110465914074832/a14-19924_110q.htm,21.050647820965843,1.7667844522968197,3.2131919905771498,3.0176678445229683,2.0848056537102475,52.60070671378091,41.44640753828033,52.60070671378091,12.421672555948174,26051565000.0,30361565000.0,8.683855,2.915349709042077,19.099387829912025,20.336896955503512,1.166714362488244,1.166714362488244,3.3976684198746643,22.39053466076696,22.259211876832843,23.701455893832943,0.0287890573944406,0.0491717100297045,0.2326570827175422,0.0479641768996399,3.178466076696165,0.0,-0.3461538461538461,1.7464788732394363,0.0058729677084658,0.204,0.1195165622202327,0.0,0.0437171083002492,0.0608504398826979,0.0092882721575649,0.9431818181818182,0.0,45.72764473531295,-0.0001636060203787,0.0072411296162201,-200.46171967020024,885000000.0,17594000000.0,-85096000000.0,6632000000.0,0.0,0.0,0.0,0.0,0.0,0.0,0.0,0.0,0.0,0.0335886067445922,0.1955241460541814,2014-10-29,1.33,amc,7481489208.0,2025-04-25,2014-09-30,0.045112781954887,60.03390625,2195217.5625
2014-06-30,ALL,USD,899051,2014-07-30,2014-07-30 16:17:02,2014,Q2,8860000000.0,1023000000.0,7837000000.0,0.884537246,0,1023000000.0,0.0,1023000000.0,6882000000.0,7905000000.0,7905000000.0,0.0,84000000.0,91000000.0,1130000000.0,0.1275395034,9000000.0,0.0010158014,-6882000000.0,955000000.0,0.1077878104,310000000.0,614000000.0,0.0693002257,1.41,1.39,434300000,440700000,https://www.sec.gov/Archives/edgar/data/899051/000110465914054946/0001104659-14-054946-index.htm,https://www.sec.gov/Archives/edgar/data/899051/000110465914054946/a14-14618_110q.htm,20.400644715634357,1.4137692839051348,1.673958093483767,1.5150817407322128,2.0469721390743727,52.66405710338475,42.081510476629056,52.66405710338475,12.157494819249369,25502096000.0,29809096000.0,10.38358957654723,2.8783404063205418,35.078536451169185,38.75698480243161,1.114991955229101,1.114991955229101,3.364457787810384,26.379730973451327,41.00288308115543,45.302577507598784,0.0240764523825806,0.0258018007617883,0.2271773347324239,0.0471365199169032,3.8115044247787617,0.0,0.1071428571428571,1.1271317829457363,0.005411319916606,0.2247557003257329,0.1154627539503386,0.0,0.0416935037602169,0.0949105914718019,0.0077878103837471,0.7582417582417582,0.0,40.92961753691704,5.5142598236586254e-05,0.0058123574126489,-199.10660833525213,889000000.0,18276000000.0,-86472000000.0,6475000000.0,0.0,0.0,0.0,0.0,0.0,0.0,0.0,0.0,0.0,0.0268450507170339,0.1588763527515542,2014-07-30,0.7,amc,5351881188.0,2025-04-25,2014-06-30,0.4428571428571429,57.647777777777776,2330615.6507936507
2014-03-31,ALL,USD,899051,2014-05-06,2014-05-06 16:18:17,2014,Q1,8684000000.0,1094000000.0,7590000000.0,0.8740211884,0,1094000000.0,0.0,1094000000.0,6741000000.0,7835000000.0,7835000000.0,0.0,87000000.0,98000000.0,1034000000.0,0.1190695532,-59000000.0,-0.0067941041,-6741000000.0,849000000.0,0.0977660064,249000000.0,587000000.0,0.0675955781,1.31,1.3,446400000,452800000,https://www.sec.gov/Archives/edgar/data/899051/000110465914035224/0001104659-14-035224-index.htm,https://www.sec.gov/Archives/edgar/data/899051/000110465914035224/a14-8819_110q.htm,19.453405017921146,1.314964157706093,1.0618279569892473,0.9386200716845878,2.620967741935484,49.51836917562724,39.30555555555556,49.51836917562724,11.955645161290322,25257312000.0,29337312000.0,10.756947189097104,2.9084882542607096,53.28546835443038,60.27998090692124,1.1426062881700971,1.1426062881700971,3.378317825886688,28.372642166344296,61.89306329113924,70.01745107398568,0.0232407945865339,0.0165892554203709,0.237502827414612,0.0422395829142898,3.945841392649904,0.0,-0.6781609195402298,0.79,0.0049490618795856,0.2129471890971039,0.1259788116075541,0.0,0.0366800492392852,0.1160337552742616,0.006333486872409,0.5612244897959183,0.0,38.276426345927085,-0.0003354717000764,0.0049026158420472,-226.29032258064515,1170000000.0,17546000000.0,-101016000000.0,6753000000.0,0.0,0.0,0.0,0.0,0.0,0.0,0.0,0.0,0.0,0.0265550780366432,0.1232078853046595,2014-05-06,1.2,amc,7080923076.0,2025-04-25,2014-03-31,0.0833333333333334,53.63688524590164,2872737.672131148
2013-12-31,ALL,USD,899051,2014-02-20,2014-02-20 12:59:44,2013,Q4,8792000000.0,0.0,8792000000.0,1.0,0,1258000000.0,0.0,1258000000.0,6291000000.0,7549000000.0,7549000000.0,0.0,87000000.0,122000000.0,1452000000.0,0.1651501365,1330000000.0,0.1512738854,-6291000000.0,1243000000.0,0.1413785259,422000000.0,810000000.0,0.0921292084,1.84,1.81,446400000,452800000,https://www.sec.gov/Archives/edgar/data/899051/000104746914001083/0001047469-14-001083-index.htm,https://www.sec.gov/Archives/edgar/data/899051/000104746914001083/a2218256z10-k.htm,19.695340501792117,1.814516129032258,2.62320788530466,2.419354838709677,1.5120967741935485,48.11827956989247,37.78001792114696,48.11827956989247,11.859318996415771,24346656000.0,28878656000.0,7.5144,2.769182893539581,20.79133731853117,22.5432,1.1334569832402237,1.1334569832402237,3.2846515013648774,19.888881542699725,24.661533731853115,26.73949629629629,0.0332694559778558,0.0443592746371411,0.2424115456238361,0.0421551165803108,3.121212121212121,0.0,15.28735632183908,1.4263093788063337,0.0049698816954574,0.1493827160493827,0.1430846223839854,0.0,0.0373623704663212,0.0777113578138343,0.0103503184713375,0.7459016393442623,0.0072793448589626,44.32275232393854,0.007111912200551,0.0068121609688406,-227.0721326164875,675000000.0,16865000000.0,-101365000000.0,6314000000.0,0.0,0.0,0.0,0.0,0.0,0.0,0.0,0.0,0.0,0.0377094972067039,0.203853046594982,2014-02-05,1.38,amc,6188894117.0,2025-04-25,2013-12-31,0.2318840579710145,53.3240625,2314437.8125
2013-09-30,ALL,USD,899051,2013-10-30,2013-10-30 16:15:37,2013,Q3,8465000000.0,937000000.0,7528000000.0,0.8893089191,0,937000000.0,0.0,937000000.0,7019000000.0,7956000000.0,7956000000.0,0.0,83000000.0,66000000.0,658000000.0,0.077731837,-646000000.0,-0.0763142351,-7019000000.0,509000000.0,0.0601299468,193000000.0,310000000.0,0.0366213822,0.67,0.66,461100000,467100000,https://www.sec.gov/Archives/edgar/data/899051/000110465913079237/0001104659-13-079237-index.htm,https://www.sec.gov/Archives/edgar/data/899051/000110465913079237/a13-19505_110q.htm,18.358273693342007,0.6723053567555844,3.292127521145088,3.133810453263934,2.318369117328128,45.06614617219692,35.24398178269356,45.06614617219692,13.56755584471915,23308605000.0,28412605000.0,18.79726209677419,2.7535268753691677,15.354812252964429,16.13052249134948,1.121684552454283,1.121684552454283,3.3564802126402835,43.18025075987842,18.717131093544136,19.66270242214533,0.0132998092335427,0.0619942720724813,0.2970644850818094,0.0504804350492701,7.756838905775076,0.0,-7.783132530120482,4.80379746835443,0.0050625080308323,0.3806451612903225,0.1106910809214412,0.0,0.0370364312875659,0.0480895915678524,0.0086237448316597,1.106060606060606,0.0,26.109572158457684,-0.0032796585450925,0.0026325622473589,-217.81826068098027,1069000000.0,16251000000.0,-100436000000.0,6591000000.0,0.0,0.0,0.0,0.0,0.0,0.0,0.0,0.0,0.0,0.0149181905678537,0.1583170678811537,2013-10-30,1.37,amc,6765830065.0,2025-04-25,2013-09-30,0.1167883211678831,50.285625,2732735.8125
2013-06-30,ALL,USD,899051,2013-07-31,2013-07-31 16:15:59,2013,Q2,8787000000.0,1090000000.0,7697000000.0,0.8759531126,0,1090000000.0,0.0,1090000000.0,7083000000.0,8173000000.0,8173000000.0,0.0,99000000.0,93000000.0,806000000.0,0.091726414,713000000.0,0.081142597,-599000000.0,614000000.0,0.0698759531,180000000.0,434000000.0,0.049391146,0.93,0.92,468300000,473800000,https://www.sec.gov/Archives/edgar/data/899051/000110465913058369/0001104659-13-058369-index.htm,https://www.sec.gov/Archives/edgar/data/899051/000110465913058369/a13-13460_110q.htm,18.763613068545805,0.9267563527653214,1.7360666239590006,1.6997651078368567,1.353833013025838,247.71513986760624,236.71150971599403,42.42793081358104,11.902626521460602,22801527000.0,27642527000.0,13.134520161290322,2.5949160122908843,28.04615867158672,28.64513442211055,1.1475930847048166,1.1475930847048166,3.145843518834642,34.295939205955335,34.00064821648216,34.72679271356784,0.01903381295472,0.0349099426542792,0.2755548844934319,0.0450691471847217,6.006203473945409,0.0,7.202020202020202,1.8732718894009217,0.0052189487133909,0.2741935483870967,0.1240468874473654,0.0,0.0424185051037207,0.020910209102091,0.0019346762262433,0.1827956989247312,0.0,29.744040989144523,0.0041486433873647,0.0037308621386264,-10.337390561605808,634000000.0,110852000000.0,-4841000000.0,6758000000.0,0.0,0.0,0.0,0.0,0.0,0.0,0.0,0.0,0.0,0.0218430721224017,0.0363015161221439,2013-07-31,0.98,amc,6510874999.0,2025-04-25,2013-06-30,0.142857142857143,48.6571875,3611580.03125
2013-03-31,ALL,USD,899051,2013-05-01,2013-05-01 16:13:34,2013,Q1,8463000000.0,1102000000.0,7361000000.0,0.8697861279,0,1102000000.0,0.0,1102000000.0,6331000000.0,7433000000.0,7433000000.0,0.0,98000000.0,87000000.0,1215000000.0,0.1435661113,1128000000.0,0.1332860688,-122000000.0,1030000000.0,0.1217062507,321000000.0,709000000.0,0.0837764386,1.49,1.47,475400000,480800000,https://www.sec.gov/Archives/edgar/data/899051/000110465913035969/0001104659-13-035969-index.htm,https://www.sec.gov/Archives/edgar/data/899051/000110465913035969/a13-8111_110q.htm,17.801851072780817,1.4913756836348335,1.5565839293226758,1.430374421539756,1.7248632730332352,252.5368111064367,242.2318047959613,43.37189734960034,13.996634413125788,23427712000.0,29163712000.0,8.2608293370945,2.7682514474772537,31.65907027027027,34.452517647058826,1.1362196032785294,1.1362196032785294,3.446025286541416,24.00305514403292,39.41042162162162,42.88781176470588,0.0302633052685639,0.0290254549825437,0.3179591638779766,0.0517802419991785,4.720987654320988,0.0,11.510204081632653,1.0437235543018335,0.0050730519480519,0.1676304654442877,0.130213872149356,0.0,0.0386930148801061,0.081081081081081,0.0070896845090393,0.6896551724137931,0.0,38.149513022537406,0.0061325802643286,0.0058251789044719,-12.065628944047118,820000000.0,115157000000.0,-5736000000.0,6717000000.0,0.0,0.0,0.0,0.0,0.0,0.0,0.0,0.0,0.0,0.0343857607061448,0.1262095077829196,2013-05-01,1.3,amc,7076814814.0,2025-04-25,2013-03-31,0.0384615384615384,45.3935,3144535.466666667
2012-12-31,ALL,USD,899051,2013-02-20,2013-02-20 09:42:11,2012,Q4,8547000000.0,4118000000.0,4429000000.0,0.5181935182,0,1095000000.0,0.0,1095000000.0,6908000000.0,8003000000.0,8003000000.0,0.0,92000000.0,95000000.0,343000000.0,0.0401310401,18000000.0,0.0021060021,-98000000.0,544000000.0,0.0636480636,150000000.0,394000000.0,0.0460980461,0.82,0.81,482200000,487000000,https://www.sec.gov/Archives/edgar/data/899051/000104746913001288/0001047469-13-001288-index.htm,https://www.sec.gov/Archives/edgar/data/899051/000104746913001288/a2212802z10-k.htm,17.725010369141437,0.8170883450850269,0.904189133139776,0.6781418498548321,1.671505599336375,251.3148071339693,241.2339278307756,42.67938614682704,0.1907922024056408,19369974000.0,18563974000.0,12.29059263959391,2.266289224289224,44.42654587155964,59.23539449541284,0.9412037900874636,0.9412037900874636,2.17198712998713,54.12237317784257,42.57792201834862,56.770562691131495,0.020340760395445,0.0168817986023109,0.0,0.0,-2.349854227405248,0.0,0.1956521739130435,1.1065989847715736,0.0109447746290211,0.5380710659898477,0.1281151281151281,0.0,0.0382915704979243,0.25,0.0127530127530127,1.1473684210526316,0.0099450099450099,28.01140218569937,0.001958648543552,0.003227233261799,-10.279966818747408,806000000.0,116323000000.0,-4957000000.0,6656000000.0,0.0,0.0,0.0,0.0,0.0,0.0,0.0,0.0,0.0,0.0191448007774538,0.226047283284944,2013-02-06,-0.05,amc,619491525.0,2025-04-25,2012-12-31,-12.8,40.361935483870965,3750737.306451613
2012-09-30,ALL,USD,899051,2012-11-01,2012-11-01 17:30:17,2012,Q3,8128000000.0,1010000000.0,7118000000.0,0.875738189,0,1010000000.0,0.0,1010000000.0,6070000000.0,7080000000.0,7080000000.0,0.0,93000000.0,92000000.0,1233000000.0,0.1516978346,9000000.0,0.0011072835,1039000000.0,1048000000.0,0.1289370079,325000000.0,723000000.0,0.0889517717,1.49,1.48,485900000,489900000,https://www.sec.gov/Archives/edgar/data/899051/000110465912073277/0001104659-12-073277-index.htm,https://www.sec.gov/Archives/edgar/data/899051/000110465912073277/a12-19927_310qa.htm,16.727721753447213,1.4879604856966453,1.7369829182959458,1.6135007203128215,1.3212595184194278,248.8804280716197,238.9606915003087,68.95451739040955,0.1913974068738423,19411705000.0,18769705000.0,6.712207814661135,2.3882511072834647,22.99965047393365,24.75982780612245,0.5793674078495747,0.5793674078495747,2.3092648868110235,15.22279399837794,22.238986966824644,23.94095025510204,0.0372455691037958,0.040388003011585,0.0,0.0,-0.5206812652068127,0.0,0.0967741935483871,1.1673582295988936,0.0055121381661219,0.1479944674965422,0.124261811023622,0.0,0.0379563423315588,0.0710900473933649,0.0073818897637795,0.6521739130434783,0.0,48.04722610840568,0.000971669712934,0.0059180800209547,-11.14426836797695,642000000.0,116111000000.0,-5415000000.0,6390000000.0,2464500000.0,0.0,0.0,0.0,0.0,0.0,0.0,0.0,0.0,0.0215788688255484,0.1234821979831241,2012-10-31,1.13,amc,5619041095.0,2025-04-25,2012-09-30,0.2920353982300885,37.01396825396826,3838401.857142857
2012-06-30,ALL,USD,899051,2012-07-31,2012-07-31 16:16:44,2012,Q2,8278000000.0,996000000.0,7282000000.0,0.8796810824,0,996000000.0,0.0,996000000.0,6680000000.0,7676000000.0,7676000000.0,0.0,93000000.0,105000000.0,800000000.0,0.0966417009,3000000.0,0.0003624064,599000000.0,602000000.0,0.0727228799,179000000.0,423000000.0,0.0510992993,0.86,0.86,490600000,493800000,https://www.sec.gov/Archives/edgar/data/899051/000110465912052735/0001104659-12-052735-index.htm,https://www.sec.gov/Archives/edgar/data/899051/000110465912052735/a12-13747_110q.htm,16.873216469629025,0.8622095393395842,1.9710558499796167,1.8385650224215249,4.96942519364044,39.69629025682838,37.16469629025683,39.69629025682838,12.537708927843456,17215154000.0,22702154000.0,10.174440898345154,2.079627204638802,17.802641158221306,19.08553658536585,0.8839616944801028,0.8839616944801028,2.7424684706450835,28.3776925,23.47689141675284,25.16868514412417,0.0245713747318205,0.0523956974186812,0.3110654685494223,0.04825745807942,6.85875,0.8342433151336973,0.032258064516129,2.286052009456265,0.0063316308410601,0.2576832151300236,0.12031891761295,0.0,0.0098936551559326,0.0672182006204757,0.0078521381976322,0.6190476190476191,0.0,27.750616264439685,8.255878361050053e-05,0.0034032487750718,-203.67967794537304,-16576000000.0,18233000000.0,-22634000000.0,-14425000000.0,4918500000.0,375000000.0,0.0,53.58903116694854,0.0,0.0,1.6794481639277743,0.0,0.0,0.0217201540436457,0.1324908275580921,2012-07-31,0.51,amc,6025897057.0,2025-04-25,2012-06-30,0.7058823529411764,33.553333333333335,4876563.285714285
2012-03-31,ALL,USD,899051,2012-05-02,2012-05-02 16:12:43,2012,Q1,8362000000.0,1017000000.0,7345000000.0,0.8783783784,0,1017000000.0,0.0,1017000000.0,6233000000.0,7250000000.0,7250000000.0,0.0,95000000.0,96000000.0,1303000000.0,0.1558239656,3000000.0,0.0003587658,1109000000.0,1112000000.0,0.1329825401,346000000.0,766000000.0,0.0916048792,1.54,1.53,498700000,501500000,https://www.sec.gov/Archives/edgar/data/899051/000110465912032030/0001104659-12-032030-index.htm,https://www.sec.gov/Archives/edgar/data/899051/000110465912032030/a12-8030_110q.htm,16.76759574894726,1.5359935833166232,1.6182073390816123,1.5159414477641868,4.9388409865650695,38.5201523962302,36.0296771606176,38.464006416683375,12.338079005414077,16417204000.0,21898204000.0,5.358095300261097,1.963310691222196,20.343499380421317,21.715878306878302,0.8558650818475655,0.8558650818475655,2.618775890935183,16.805989255564082,27.1353209417596,28.965878306878302,0.0466583713036641,0.0460492541848173,0.3158169116880409,0.0481049446928128,4.2064466615502685,0.0732027052525994,0.031578947368421,1.0535248041775458,0.0064566414597759,0.1383812010443864,0.1216216216216216,0.0,0.0098623871423693,0.0631970260223048,0.0060990193733556,0.53125,0.0,36.4597107572892,8.187586222622535e-05,0.0061431859556824,-201.68237417284945,-93322000000.0,17968000000.0,-99352000000.0,-91168000000.0,4914000000.0,1669000000.0,0.0,52.82468309016982,66.3716814159292,0.0,1.7037489812550937,1.356,0.0,0.0399332707746846,0.1022658913174253,2012-05-02,1.12,amc,5665464788.0,2025-04-25,2012-03-31,0.2678571428571427,30.761774193548387,4179726.467741936
2011-12-31,ALL,USD,899051,2012-02-22,2012-02-22 09:12:00,2011,Q4,8236000000.0,3468000000.0,4768000000.0,0.5789218067,0,2465000000.0,-1462000000.0,1003000000.0,6181000000.0,7184000000.0,7184000000.0,0.0,92000000.0,103000000.0,995000000.0,0.1208110733,-15000000.0,-0.0018212725,1067000000.0,1052000000.0,0.1277319087,328000000.0,724000000.0,0.0879067508,1.45,1.44,498700000,501500000,https://www.sec.gov/Archives/edgar/data/899051/000104746912001250/0001047469-12-001250-index.htm,https://www.sec.gov/Archives/edgar/data/899051/000104746912001250/a2207294z10-k.htm,16.514938840986567,1.4517746139963903,0.5173450972528574,0.344896731501905,4.144776418688591,37.501503910166434,35.01102867455384,37.44535793061961,12.0312813314618,13669367000.0,18801367000.0,4.720085290055249,1.6597094463331714,52.98204263565892,79.47306395348838,0.7319999464496092,0.7319999464496092,2.282827464788733,18.89584623115578,72.87351550387596,109.31027325581395,0.0529651446186206,0.0125828796607772,0.3163757095426797,0.0470520774431958,5.1577889447236185,0.0691871230950518,-0.1630434782608695,0.356353591160221,0.0079008779265345,0.149171270718232,0.2992957746478873,0.0,0.0098914489140909,0.3333333333333333,0.0104419621175327,0.8349514563106796,0.0,34.9735607459813,-0.0004200518357889,0.0058236339797781,-202.73511128935232,-94000000000.0,17460000000.0,-99874000000.0,-91844000000.0,4954000000.0,1294000000.0,0.0,53.7639630888781,67.16262975778547,0.0,1.6739837398373985,1.3400309119010818,0.0,0.038770483024526,0.1724483657509525,2012-02-01,0.95,amc,4605574324.0,2025-04-25,2011-12-31,0.5578947368421053,26.04634920634921,4862509.380952381
2011-09-30,ALL,USD,899051,2011-10-31,2011-10-31 16:37:13,2011,Q3,8242000000.0,825000000.0,7417000000.0,0.8999029362,0,0.0,0.0,825000000.0,7214000000.0,8039000000.0,8039000000.0,0.0,92000000.0,60000000.0,371000000.0,0.0450133463,295000000.0,0.0357922834,-92000000.0,203000000.0,0.0246299442,38000000.0,175000000.0,0.0212327105,0.34,0.34,512000000,514200000,https://www.sec.gov/Archives/edgar/data/899051/000110465911059208/0001104659-11-059208-index.htm,https://www.sec.gov/Archives/edgar/data/899051/000110465911059208/a11-25039_110q.htm,16.09765625,0.341796875,0.802734375,0.697265625,8.873046875,35.408203125,33.701171875,35.3515625,11.716796875,12129280000.0,17010280000.0,17.32754285714286,1.4716428051443824,29.5116301703163,33.97557422969188,0.6701259668508288,0.6701259668508288,2.0638534336326133,45.84981132075472,41.38754257907543,47.6478431372549,0.0144278967918953,0.0294329094554664,0.326353591160221,0.0465268314967824,13.15633423180593,0.0925771233196052,3.2065217391304346,2.4909090909090907,0.0089865185732376,0.6228571428571429,0.0,0.0,0.0068841121937003,0.1313868613138686,0.0065518078136374,0.9,0.0,16.4884415803772,0.0099878504237577,0.0013879525716778,-196.37890625,-93421000000.0,17255000000.0,-99299000000.0,-91639000000.0,4928500000.0,474000000.0,0.0,54.46736229070614,0.0,0.0,1.6523656776263032,0.0,0.0,0.0096685082872928,0.10546875,2011-10-31,0.08,amc,3492000000.0,2025-04-25,2011-09-30,1.0,26.36234375,5796159.0625
2011-06-30,ALL,USD,899051,2011-08-01,2011-08-01 06:07:35,2011,Q2,8081000000.0,802000000.0,7279000000.0,0.9007548571,0,0.0,0.0,802000000.0,8308000000.0,9110000000.0,9110000000.0,0.0,91000000.0,58000000.0,-887000000.0,-0.1097636431,6000000.0,0.0007424824,-1042000000.0,-1029000000.0,-0.1273357258,-409000000.0,-620000000.0,-0.0767231778,-1.19,-1.19,523100000,523100000,https://www.sec.gov/Archives/edgar/data/899051/000110465911041971/0001104659-11-041971-index.htm,https://www.sec.gov/Archives/edgar/data/899051/000110465911041971/a11-13315_110q.htm,15.448289046071498,-1.185241827566431,1.0208373160007649,0.909959854712292,6.172815905180654,35.92620913783215,34.255400497036895,35.87077040718792,11.466258841521698,15970243000.0,21184243000.0,-6.439614112903226,1.976270634822423,29.90682209737828,33.550930672268905,0.8511107972713707,0.8511107972713707,2.621487810914491,-23.88302480270575,39.670867041198505,44.50471218487395,-0.0388222020165879,0.029805432515961,0.3148049456405883,0.0457825348968788,-5.8782412626832015,0.0776027292241643,0.0659340659340659,-0.8612903225806452,0.0069504264900665,-0.1790322580645161,0.0,0.0,0.0067739860334979,0.1086142322097378,0.0071773295384234,1.0,0.0,,0.0001465348121216,-0.0048381181281164,-197.57073217358052,-96254000000.0,17919000000.0,-102132000000.0,-94466000000.0,4855500000.0,854500000.0,0.0,54.2271996040094,106.38403990024936,0.0,1.6596837132881497,0.8459915611814346,0.0,-0.0330419953101684,0.1108774612884725,2011-08-01,-1.56,bmo,8883121951.0,2025-04-25,2011-06-30,-0.2115384615384615,31.42650793650794,4297646.761904762
2011-03-31,ALL,USD,899051,2011-04-27,2011-04-27 16:16:19,2011,Q1,8095000000.0,838000000.0,7257000000.0,0.8964793082,0,0.0,0.0,838000000.0,6523000000.0,7361000000.0,7361000000.0,0.0,92000000.0,31000000.0,865000000.0,0.106856084,-23000000.0,-0.00284126,757000000.0,734000000.0,0.0906732551,215000000.0,524000000.0,0.0647313156,0.99,0.98,531000000,533600000,https://www.sec.gov/Archives/edgar/data/899051/000110465911022958/0001104659-11-022958-index.htm,https://www.sec.gov/Archives/edgar/data/899051/000110465911022958/a11-8146_110q.htm,15.24482109227872,0.9868173258003766,1.3672316384180792,1.2768361581920904,4.947269303201507,36.42372881355932,34.77777777777778,36.36911487758945,11.299435028248588,16875180000.0,22142180000.0,8.051135496183207,2.084642371834465,23.24404958677686,24.88964601769911,0.8738183512841757,0.8738183512841757,2.735290920321186,25.597895953757224,30.498870523415977,32.658082595870205,0.0310515206356317,0.0401773492193861,0.3059237779618889,0.0452980640214682,6.089017341040463,0.0709947245853334,-0.25,1.3988439306358382,0.0063406731068942,0.2041984732824427,0.0,0.0,0.0067011692543607,0.0661157024793388,0.0059295861642989,1.5483870967741935,0.0,28.41685477700979,-0.0006448430919623,0.0040447391374825,-197.41148775894536,-97736000000.0,18467000000.0,-103615000000.0,-95950000000.0,4840500000.0,380500000.0,0.0,53.83323038912909,81.73031026252983,0.0,1.6718298223874433,1.1011826544021024,0.0,0.0271333885666942,0.0903954802259887,2011-04-27,0.68,amc,5130709677.0,2025-04-25,2011-03-31,0.3676470588235294,31.455,4639693.145161291
2010-12-31,ALL,USD,899051,2011-02-24,2011-02-24 16:50:58,2010,Q4,8087000000.0,3281000000.0,4806000000.0,0.5942871275,0,828000000.0,0.0,828000000.0,7724000000.0,7724000000.0,7724000000.0,0.0,92000000.0,39000000.0,400000000.0,0.0494620997,11000000.0,0.0013602077,352000000.0,363000000.0,0.0448868554,67000000.0,296000000.0,0.0366019538,0.56,0.55,531000000,533600000,https://www.sec.gov/Archives/edgar/data/899051/000104746911001286/0001047469-11-001286-index.htm,https://www.sec.gov/Archives/edgar/data/899051/000104746911001286/a2202090z10-k.htm,15.22975517890772,0.5574387947269304,1.2542372881355932,1.1638418079096045,7.233521657250471,35.86440677966102,34.218455743879474,35.811676082862526,11.299435028248588,16928280000.0,22274280000.0,14.297533783783782,2.0932706813404227,25.41783783783784,27.392038834951457,0.8902124526714345,0.8902124526714345,2.7543316433782614,55.6857,33.44486486486486,36.04252427184466,0.0174855330842826,0.0365069575881306,0.3106857383256205,0.045142656295368,13.365,0.0819254365266635,0.1195652173913043,2.25,0.0063798566658869,0.3648648648648648,0.1023865463088908,0.0,0.006678179011874,0.072072072072072,0.0059354519599356,1.2307692307692308,0.0,21.19347529164572,0.0003598819198241,0.002276923076923,-196.5343691148776,-97270000000.0,18170000000.0,-103150000000.0,-95475000000.0,4910000000.0,0.0,0.0,53.8530975639916,0.0,0.0,1.6712130605497004,0.0,0.0,0.0155658392932267,0.0903954802259887,2011-02-09,0.88,amc,12272480000.0,2025-04-25,2010-12-31,-0.4318181818181818,31.19421875,4349669.140625
2010-09-30,ALL,USD,899051,2010-10-27,2010-10-27 16:24:50,2010,Q3,7908000000.0,828000000.0,7080000000.0,0.8952959029,0,0.0,0.0,828000000.0,6590000000.0,7418000000.0,7418000000.0,0.0,91000000.0,29000000.0,610000000.0,0.0771370764,581000000.0,0.0734699039,-91000000.0,490000000.0,0.0619625695,123000000.0,367000000.0,0.0464087001,0.68,0.68,540900000,543000000,https://www.sec.gov/Archives/edgar/data/899051/000110465910054017/0001104659-10-054017-index.htm,https://www.sec.gov/Archives/edgar/data/899051/000110465910054017/a10-17601_110q.htm,14.620077648363836,0.6784987982991311,1.7175078572749125,1.6343131817341467,6.05657237936772,35.684969495285635,34.06914401922722,35.6332039193936,11.092623405435386,17065395000.0,22474395000.0,11.624928474114444,2.1579912746585737,18.36963939720129,19.304745475113123,0.8854101380097541,0.8854101380097541,2.8419821699544765,36.84327049180328,24.19202906350915,25.42352375565611,0.021505508662413,0.0518007347617796,0.3065788108332468,0.0445847857908159,8.8672131147541,0.0769159113562053,6.384615384615385,2.5313351498637604,0.0062699984383602,0.2915531335149863,0.0,0.0,0.0065945342327251,0.0484391819160387,0.005690440060698,1.5517241379310345,0.0,23.323473923801963,0.0172797975958838,0.0027874829105271,-196.37687188019967,-99094000000.0,18428000000.0,-104975000000.0,-97298000000.0,4905500000.0,0.0,0.0,56.68816388467374,0.0,0.0,1.5876330054205985,0.0,0.0,0.019041195392757,0.0831946755407653,2010-10-27,0.98,amc,8320554216.0,2025-04-25,2010-09-30,-0.1530612244897959,29.0446875,4597013.734375
2010-06-30,ALL,USD,899051,2010-08-04,2010-08-04 16:15:21,2010,Q2,7656000000.0,789000000.0,6867000000.0,0.8969435737,0,0.0,0.0,789000000.0,7490000000.0,7490000000.0,7490000000.0,0.0,92000000.0,10000000.0,268000000.0,0.0350052247,258000000.0,0.0336990596,-92000000.0,166000000.0,0.0216823406,21000000.0,145000000.0,0.0189393939,0.27,0.27,540700000,543000000,https://www.sec.gov/Archives/edgar/data/899051/000110465910041885/0001104659-10-041885-index.htm,https://www.sec.gov/Archives/edgar/data/899051/000110465910041885/a10-12963_110q.htm,14.159422970223783,0.2681708895875717,2.0898834843721104,2.006658035879416,5.779545034214906,33.41409284261143,31.797669687442205,33.36230811910487,11.098575920103569,15534311000.0,20732311000.0,26.783294827586207,2.029037486938349,13.747177876106194,14.31733732718894,0.8611514496368978,0.8611514496368978,2.70798210553814,77.35936940298508,18.34717787610619,19.108120737327187,0.0093341764562329,0.0698453893449152,0.3275680470092577,0.0451723874321535,19.395522388059703,0.0744418034474368,2.8043478260869565,7.793103448275862,0.0069523521191252,0.7448275862068966,0.0,0.0,0.0066814463726014,0.0398230088495575,0.0058777429467084,4.5,0.0,14.188128719369155,0.0094104495483185,0.001115933998276,-196.0338450157204,-98907000000.0,17193000000.0,-104788000000.0,-97098000000.0,4826500000.0,0.0,0.0,56.77899686520376,0.0,0.0,1.5850931677018634,0.0,0.0,0.0080381395864515,0.0832254484926946,2010-08-04,0.69,amc,6012370370.0,2025-04-25,2010-06-30,0.173913043478261,31.676984126984127,5512540.349206349
2010-03-31,ALL,USD,899051,2010-04-28,2010-04-28 16:16:06,2010,Q1,7749000000.0,829000000.0,6920000000.0,0.893018454,0,0.0,0.0,829000000.0,7642000000.0,7642000000.0,7642000000.0,0.0,92000000.0,16000000.0,215000000.0,0.0277455156,199000000.0,0.025680733,-92000000.0,107000000.0,0.0138082333,-13000000.0,120000000.0,0.0154858691,0.22,0.22,540500000,541800000,https://www.sec.gov/Archives/edgar/data/899051/000110465910022539/0001104659-10-022539-index.htm,https://www.sec.gov/Archives/edgar/data/899051/000110465910022539/a10-6189_110q.htm,14.33672525439408,0.2220166512488436,1.7835337650323777,1.7391304347826086,5.894542090656799,32.54024051803885,30.923219241443107,32.48843663274746,11.104532839962998,17463555000.0,22669555000.0,36.38240625,2.2536527293844366,18.11572095435685,18.57825,0.9945076879271072,0.9945076879271072,2.925481352432572,105.43979069767444,23.516135892116186,24.116547872340423,0.006871453149144,0.0538263830016282,0.3365603644646925,0.0446421827081413,24.21395348837209,0.0735337324176429,2.1630434782608696,8.033333333333333,0.0061270457246534,0.8916666666666667,0.0,0.0,0.0066019065460093,0.0248962655601659,0.0030971738288811,1.5,0.0,12.739384320839022,0.0095090570981447,0.0009124642618164,-199.8052728954672,-100907000000.0,16714000000.0,-106789000000.0,-99079000000.0,4831000000.0,0.0,0.0,56.016260162601625,0.0,0.0,1.6066763425253991,0.0,0.0,0.0068337129840546,0.0444033302497687,2010-04-28,0.79,bmo,8068304347.0,2025-04-25,2010-03-31,-0.1265822784810127,30.921967213114755,4354231.262295082
2009-12-31,ALL,USD,899051,2010-02-25,2010-02-25 16:32:16,2009,Q4,8058000000.0,3007000000.0,5051000000.0,0.626830479,0,0.0,0.0,0.0,7365000000.0,7365000000.0,7365000000.0,0.0,101000000.0,-4000000.0,881000000.0,0.1093323405,7000000.0,0.0008687019,686000000.0,693000000.0,0.0860014892,175000000.0,518000000.0,0.0642839414,0.96,0.96,540500000,541800000,https://www.sec.gov/Archives/edgar/data/899051/000104746910001355/0001047469-10-001355-index.htm,https://www.sec.gov/Archives/edgar/data/899051/000104746910001355/a2196655z10-k.htm,14.908418131359852,0.9583718778908418,1.454209065679926,1.3691026827012025,6.786308973172988,30.93617021276596,29.317298797409805,30.882516188714156,11.12118408880666,16236620000.0,21534620000.0,7.836206563706564,2.0149689749317448,20.657277353689565,21.94137837837837,0.9727186676252096,0.9727186676252096,2.672452221394887,24.443382519863796,27.39773536895674,29.10083783783784,0.0319031916741292,0.0455759881058988,0.3540618260244428,0.0445526641136206,6.013620885357549,1.1884325306678782,0.0693069306930693,1.5173745173745177,0.0066516306965365,0.2084942084942085,0.0,0.0,0.0065962066158067,0.0585241730279898,0.0057086125589476,-11.5,0.0,25.80563965996342,0.0002314982405239,0.0039308832345553,-200.9875115633673,20737000000.0,15846000000.0,14856000000.0,22602000000.0,4904500000.0,0.0,0.0,54.04690990320179,0.0,0.0,1.6652200867947924,0.0,0.0,0.0310328300982506,0.0851063829787234,2010-02-10,1.01,amc,6500137614.0,2025-04-25,2009-12-31,0.0792079207920792,29.7653125,4320400.171875
2009-09-30,ALL,USD,899051,2009-11-04,2009-11-04 16:16:50,2009,Q3,7582000000.0,744000000.0,6838000000.0,0.9018728568,0,0.0,0.0,0.0,7357000000.0,7357000000.0,7357000000.0,0.0,106000000.0,-1000000.0,2000000.0,0.0002637826,2000000.0,0.0002637826,223000000.0,225000000.0,0.0296755473,4000000.0,221000000.0,0.0291479821,0.41,0.41,539900000,541500000,https://www.sec.gov/Archives/edgar/data/899051/000110465909062522/0001104659-09-062522-index.htm,https://www.sec.gov/Archives/edgar/data/899051/000110465909062522/a09-32133_110q.htm,14.04334135951102,0.4093350620485275,1.9133172809779588,1.8410816817929243,7.773661789220226,32.47638451565105,30.85756621596592,32.422670864975,12.533802556028894,16531738000.0,22465738000.0,18.701061085972853,2.180392772355579,16.003618586640854,16.631527162977868,0.9444009140245644,0.9444009140245644,2.963035874439462,11232.869,21.7480522749274,22.601346076458757,0.0133682254098147,0.0601267694902979,0.3805198514710083,0.0491572204510568,2967.0,1.200102390917746,0.0188679245283018,4.67420814479638,0.0064723987278288,0.4841628959276018,0.0,0.0,0.0064499940961152,0.0377541142303969,0.0051437615404906,-39.0,0.0,17.280453112739963,8.128959879352994e-05,0.001641536061799,-203.8257084645305,22279000000.0,16660000000.0,15647000000.0,24166000000.0,4882000000.0,0.0,0.0,58.994988129781056,0.0,0.0,1.525553319919517,0.0,0.0,0.0126249642959154,0.0722355991850342,2009-11-04,1.01,amc,7158757575.0,2025-04-25,2009-09-30,-0.0198019801980198,27.49640625,4424898.953125
2009-06-30,ALL,USD,899051,2009-08-05,2009-08-05 16:20:35,2009,Q2,8490000000.0,702000000.0,7788000000.0,0.9173144876,0,0.0,0.0,0.0,8029000000.0,8029000000.0,8029000000.0,0.0,97000000.0,-12000000.0,1000000.0,0.0001177856,1000000.0,0.0001177856,460000000.0,461000000.0,0.0542991755,72000000.0,389000000.0,0.0458186101,0.72,0.72,539800000,540600000,https://www.sec.gov/Archives/edgar/data/899051/000110465909047380/0001104659-09-047380-index.htm,https://www.sec.gov/Archives/edgar/data/899051/000110465909047380/a09-14945_110q.htm,15.728047424972212,0.7206372730640979,1.778436457947388,1.683957021118933,12.4805483512412,27.969618377176733,26.3505001852538,27.914042237865875,12.513894034827716,13171120000.0,19162120000.0,8.464730077120821,1.5513686690223794,13.719916666666666,14.48968096809681,0.8741120254844704,0.8741120254844704,2.257022379269729,19162.12,19.960541666666668,21.0804400440044,0.02953431446984,0.069014632013071,0.4418635518980621,0.0500259221134411,5991.0,1.1779823104206888,0.0103092783505154,2.467866323907455,0.0081238345713956,0.2750642673521851,0.0,0.0,0.0065669354050987,0.053125,0.0060070671378091,-4.25,0.0,21.27457952031164,3.88390770237805e-05,0.0029421330086146,-199.44516487587995,19821000000.0,14224000000.0,13193000000.0,21726000000.0,4780000000.0,0.0,0.0,50.81978798586573,0.0,0.0,1.7709637046307884,0.0,0.0,0.0258162994425272,0.0944794368284549,2009-08-05,1.12,amc,14364509090.0,2025-04-25,2009-06-30,-0.5089285714285714,24.06142857142857,7162783.80952381
2009-03-31,ALL,USD,899051,2009-05-07,2009-05-07 16:08:34,2009,Q1,7883000000.0,801000000.0,7082000000.0,0.8983889382,0,0.0,0.0,0.0,8014000000.0,8014000000.0,8014000000.0,0.0,88000000.0,-74000000.0,-117000000.0,-0.0148420652,3000000.0,0.0003805658,-134000000.0,-131000000.0,-0.0166180388,143000000.0,-274000000.0,-0.0347583407,-0.51,-0.51,538900000,538900000,https://www.sec.gov/Archives/edgar/data/899051/000110465909030498/0001104659-09-030498-index.htm,https://www.sec.gov/Archives/edgar/data/899051/000110465909030498/a09-11024_110q.htm,14.627945815550197,-0.508443124884023,2.824271664501763,2.7259231768417145,16.630172573761367,22.770458341065133,21.148636110595657,22.7166450176285,10.664316199665986,10319935000.0,15141935000.0,-9.41599908759124,1.3091380185208676,6.780509198423127,7.025142954390742,0.8429942002940696,0.8429942002940696,1.9208340733223392,-129.41824786324787,9.948708935611036,10.307648059904697,-0.0265505548242309,0.1423458577985229,0.4622610684528672,0.0434068926371662,-41.21367521367522,1.14210900684627,0.034090909090909,-5.554744525547445,0.0213179637274847,-0.8029197080291971,0.0,0.0,0.0067039448957206,0.0348226018396846,0.0067233286819738,-0.7162162162162162,0.0,,0.0003505284151893,-0.0021158791323351,-195.88699202078308,15983000000.0,11397000000.0,10353000000.0,17901000000.0,4804000000.0,0.0,0.0,54.41329443105416,0.0,0.0,1.6540075535039866,0.0,0.0,-0.0223819637314164,0.0983484876600482,2009-05-07,1.23,amc,10346642857.0,2025-04-25,2009-03-31,-0.3170731707317073,21.89016393442623,7912346.032786885
2008-12-31,ALL,USD,899051,2009-02-26,2009-02-26 15:31:45,2008,Q4,6569000000.0,3273000000.0,3296000000.0,0.501750647,0,0.0,0.0,0.0,8391000000.0,8391000000.0,8391000000.0,0.0,87000000.0,-109000000.0,-1468000000.0,-0.2234738925,-6000000.0,-0.000913381,-1816000000.0,-1822000000.0,-0.2773633734,-693000000.0,-1129000000.0,-0.1718678642,-2.1,-2.1,538400000,538900000,https://www.sec.gov/Archives/edgar/data/899051/000104746909001878/0001047469-09-001878-index.htm,https://www.sec.gov/Archives/edgar/data/899051/000104746909001878/a2189233z10-k.htm,12.200965824665676,-2.096953937592868,0.6575037147102526,0.4011887072808321,17.312407132243685,23.478826151560177,21.855497771173848,23.478826151560177,10.672362555720651,17637984000.0,22881984000.0,-3.905665190434012,2.6850333384076723,49.82481355932203,81.65733333333333,1.3952997389447035,1.3952997389447035,3.483328360481047,-15.587182561307902,64.63837288135593,105.93511111111113,-0.0640095829546052,0.0122462975360449,0.4476702792500593,0.0419813350346444,-3.5722070844686646,1.1404916822606397,-0.0689655172413793,-0.3135518157661647,0.0125297766456756,-0.195748449955713,0.0,0.0,0.0064837757236754,0.3898305084745763,0.021007763738773,-1.2660550458715596,0.0,,-0.0002031635205412,-0.0084301544159373,-202.8315378900446,16367000000.0,11767000000.0,10708000000.0,18300000000.0,4940000000.0,0.0,4353500000.0,66.33886436291672,0.0,0.0,1.3566707971912433,0.0,0.0,-0.08931255438652,0.2563150074294205,2009-01-28,1.35,bmo,9981649484.0,2025-04-25,2008-12-31,-0.2814814814814815,28.31734375,6345777.921875
2008-09-30,ALL,USD,899051,2008-11-06,2008-11-05 17:38:41,2008,Q3,7320000000.0,814000000.0,6506000000.0,0.8887978142,0,0.0,0.0,0.0,8864000000.0,8864000000.0,8864000000.0,0.0,88000000.0,-126000000.0,-1582000000.0,-0.2161202186,3000000.0,0.0004098361,-1547000000.0,-1544000000.0,-0.2109289617,-621000000.0,-923000000.0,-0.1260928962,-1.71,-1.71,540100000,540100000,https://www.sec.gov/Archives/edgar/data/899051/000110465908068270/0001104659-08-068270-index.htm,https://www.sec.gov/Archives/edgar/data/899051/000110465908068270/a08-25310_110q.htm,13.5530457322718,-1.7089427883725237,2.32734678763192,2.2255137937419,16.77837437511572,31.360859100166635,29.73153119792631,31.360859100166635,10.64062210701722,24909412000.0,30213412000.0,-6.746861321776814,3.402925136612022,19.8165568814638,20.72330449251248,1.470622977919471,1.470622977919471,4.127515300546448,-19.0982376738306,24.036127287191725,25.135950083194675,-0.0370542668771145,0.0482548524228512,0.3341008383516354,0.0394152144538704,-3.352718078381795,1.171214363060747,0.034090909090909,-1.361863488624052,0.008992584810914,-0.2426868905742145,0.0,0.0,0.0061292434563361,0.0437549721559268,0.0075136612021857,-0.4365079365079365,0.0,,7.936424226151347e-05,-0.0064683868978373,-202.632845769302,20713000000.0,16058000000.0,15054000000.0,22597000000.0,4972000000.0,0.0,4353500000.0,61.94262295081968,0.0,962.6904176904176,1.4529575228265184,0.0,0.093487998162398,-0.054492856299445,0.1018329938900203,2008-10-22,0.67,bmo,13884314285.0,2025-04-25,2008-09-30,-1.5223880597014925,45.48140625,5354971.34375
2008-06-30,ALL,USD,899051,2008-08-06,2008-08-06 13:34:57,2008,Q2,7418000000.0,728000000.0,6690000000.0,0.9018603397,0,0.0,0.0,0.0,7504000000.0,7504000000.0,7504000000.0,0.0,88000000.0,-82000000.0,-80000000.0,-0.0107845781,2000000.0,0.0002696145,-86000000.0,-86000000.0,-0.0115934214,-111000000.0,25000000.0,0.0033701806,0.05,0.05,549600000,552900000,https://www.sec.gov/Archives/edgar/data/899051/000110465908050254/0001104659-08-050254-index.htm,https://www.sec.gov/Archives/edgar/data/899051/000110465908050254/a08-18605_110q.htm,13.497088791848617,0.0454876273653566,2.1451965065502185,2.0614992721979624,18.89919941775837,35.86062590975255,34.26855895196506,35.86062590975255,10.454876273653566,25056264000.0,29966264000.0,250.56264,3.3777654354273388,21.252132315521628,22.114972639011476,1.2713107717286518,1.2713107717286518,4.039668913453761,-374.5783,25.416678541136555,26.448600176522508,0.0009977544936467,0.0452182336520719,0.2870769699122228,0.0375116851086963,-61.375,1.1869321985273025,0.0227272727272727,47.16,0.0090995209820586,9.12,0.0,0.0,0.0058011177925255,0.0390161153519932,0.0062011323806956,-0.5609756097560976,0.0,6.0582450215061225,-2.291935778125949e-05,0.0001667133464036,-212.9867176128093,23457000000.0,18834000000.0,17817000000.0,25349000000.0,4878500000.0,0.0,0.0,59.52278242113777,0.0,0.0,1.512026090501427,0.0,0.0,0.0012684560353138,0.0836972343522561,2008-07-23,1.29,bmo,7512169354.0,2025-04-25,2008-06-30,-0.0387596899224806,49.54296875,4012189.6875
2008-03-31,ALL,USD,899051,2008-05-08,2008-05-07 19:23:31,2008,Q1,8087000000.0,792000000.0,7295000000.0,0.9020650427,0,0.0,0.0,0.0,7660000000.0,7660000000.0,7660000000.0,0.0,88000000.0,-59000000.0,456000000.0,0.0563867936,-9000000.0,-0.0011128972,436000000.0,427000000.0,0.0528007914,79000000.0,348000000.0,0.0430320267,0.62,0.62,558900000,561600000,https://www.sec.gov/Archives/edgar/data/899051/000110465908030846/0001104659-08-030846-index.htm,https://www.sec.gov/Archives/edgar/data/899051/000110465908030846/a08-11207_110q.htm,14.46949364823761,0.6226516371443908,2.003936303453212,1.9108964036500269,12.420826623725176,36.326713186616566,34.85059939166219,36.326713186616566,10.25228126677402,26860734000.0,32132734000.0,19.29650431034483,3.3214707555335723,23.98279821428571,25.1505,1.3229933507363445,1.3229933507363445,3.9733812291331767,70.46652192982457,28.68994107142857,30.086829588014982,0.0129557144640946,0.0397606409415319,0.2778899669999507,0.0370672097759674,11.56140350877193,1.19080995034332,-0.1022727272727272,3.218390804597701,0.0080414779432311,0.6206896551724138,0.0,0.0,0.0054201432231785,0.0464285714285714,0.006430072956597,-0.8813559322033898,0.0,22.559365402172432,-0.0002827093703443,0.0022987746474221,-217.08132045088567,24093000000.0,19478000000.0,18453000000.0,25943000000.0,4865000000.0,0.0,0.0,53.986645233090144,0.0,0.0,1.6670789527932386,0.0,0.0,0.0171403240900359,0.0930398998031848,2008-04-23,1.63,bmo,8843669172.0,2025-04-25,2008-03-31,-0.1840490797546011,48.61081967213115,4893705.459016394
2007-12-31,ALL,USD,899051,2008-02-27,2008-02-27 17:19:32,2007,Q4,8991000000.0,3103000000.0,5888000000.0,0.6548770993,0,0.0,0.0,0.0,7954000000.0,7954000000.0,7954000000.0,0.0,88000000.0,-68000000.0,1314000000.0,0.1461461461,-10000000.0,-0.0011122233,1047000000.0,1037000000.0,0.1153375598,277000000.0,760000000.0,0.0845289734,1.36,1.35,558900000,561600000,https://www.sec.gov/Archives/edgar/data/899051/000104746908001846/0001047469-08-001846-index.htm,https://www.sec.gov/Archives/edgar/data/899051/000104746908001846/a2182971z10-k.htm,16.08695652173913,1.3598139202003936,2.3528359277151547,2.2419037394882806,6.226516371443908,39.09643943460369,37.62032563964931,39.09643943460369,10.248702809089282,29191347000.0,34409347000.0,9.602416776315788,3.2467297297297297,22.198742965779463,23.297164405426976,1.3359272802160085,1.3359272802160085,3.827087865643421,26.186717656012178,26.16680380228137,27.461569832402237,0.0260351123913535,0.0429236787189025,0.2581117568989977,0.0360595365965935,3.9710806697108074,1.1986084069595166,-0.1136363636363636,1.730263157894737,0.0075707366295909,0.2907894736842105,0.0,0.0,0.0052746662574804,0.047148288973384,0.0068957846735624,-0.9117647058823528,0.0,34.58594162232002,-0.0002665902721841,0.0048848524581734,-227.97951332975487,25604000000.0,21026000000.0,19964000000.0,27491000000.0,4926000000.0,0.0,0.0,48.83883883883884,0.0,0.0,1.8427956548473048,0.0,0.0,0.0347810168870989,0.1109321882268742,2008-01-29,1.32,amc,7734774193.0,2025-04-25,2007-12-31,-0.0606060606060606,53.34796875,4343122.09375
2007-09-30,ALL,USD,899051,2007-10-31,2007-10-31 11:37:22,2007,Q3,8992000000.0,785000000.0,8207000000.0,0.9127001779,0,0.0,0.0,0.0,7606000000.0,7606000000.0,7606000000.0,0.0,90000000.0,-75000000.0,6000000.0,0.0006672598,6000000.0,0.0006672598,1380000000.0,1386000000.0,0.1541370107,408000000.0,978000000.0,0.1087633452,1.7,1.7,581100000,585100000,https://www.sec.gov/Archives/edgar/data/899051/000110465907078333/0001104659-07-078333-index.htm,https://www.sec.gov/Archives/edgar/data/899051/000110465907078333/a07-25423_110q.htm,15.47410084322836,1.6830149716055756,2.622612287041817,2.515918086387885,7.186370676303563,37.22939253140595,35.80967131302702,37.22939253140595,9.86060918946825,33907185000.0,39240185000.0,8.66748082822086,3.770816837188612,22.248809055118112,23.192329001367987,1.567310021262827,1.567310021262827,4.363899577402135,6540.030833333333,25.748152887139103,26.840071819425443,0.0288434442434545,0.043117704993794,0.2607007488212998,0.0353886793873491,888.8333333333334,1.1921967615197693,0.0666666666666666,1.5582822085889572,0.0067537308095614,0.2341513292433537,0.0,0.0,0.0051765355486813,0.0406824146981627,0.0068950177935943,-0.8266666666666667,0.0,37.547257727004286,0.0001552308511317,0.0061684789464389,-223.42669075890552,25389000000.0,20809000000.0,19749000000.0,27274000000.0,4918500000.0,0.0,0.0,49.774243772242,0.0,0.0,1.8081640860647497,0.0,0.0,0.0452066192105019,0.1066942006539322,2007-10-17,1.67,bmo,7881532467.0,2025-04-25,2007-09-30,-0.0778443113772454,56.09603174603175,4514039.73015873
2007-06-30,ALL,USD,899051,2007-08-01,2007-08-01 17:28:03,2007,Q2,9455000000.0,734000000.0,8721000000.0,0.9223691169,0,0.0,0.0,0.0,7411000000.0,7411000000.0,7411000000.0,0.0,83000000.0,-66000000.0,2000000.0,0.0002115283,2000000.0,0.0002115283,2042000000.0,2044000000.0,0.2161819143,641000000.0,1403000000.0,0.1483870968,2.33,2.3,604100000,608800000,https://www.sec.gov/Archives/edgar/data/899051/000110465907057980/0001104659-07-057980-index.htm,https://www.sec.gov/Archives/edgar/data/899051/000110465907057980/a07-18721_110q.htm,15.651382221486507,2.322463168349611,1.764608508525079,1.645422943221321,8.541632180102631,35.68945538818077,34.32378745240854,35.68945538818077,9.475252441648731,37158191000.0,42414191000.0,6.621202957947255,3.930004336329984,34.857590056285176,37.38248591549296,1.7234782467532466,1.7234782467532466,4.485900687466949,21207.0955,39.78817166979362,42.67021227364185,0.0377574893244937,0.0267504949312521,0.2616419294990723,0.0351383170234899,2628.0,1.1899037019259615,0.0240963855421686,0.759800427655025,0.0062704882484725,0.1660727013542409,0.0,0.0,0.0051390022237864,0.0675422138836773,0.0076150185087255,-1.0909090909090908,0.0,43.18526979010198,5.046867521202419e-05,0.0087845622119815,-215.4759145836782,25321000000.0,20735000000.0,19680000000.0,27201000000.0,4830000000.0,0.0,0.0,46.2993125330513,0.0,0.0,1.943873355263158,0.0,0.0,0.0650742115027829,0.1191855653037576,2007-07-18,1.81,bmo,7482704545.0,2025-04-25,2007-06-30,-0.0276243093922652,61.74301587301587,3069983.492063492
2007-03-31,ALL,USD,899051,2007-05-01,2007-05-01 17:20:38,2007,Q1,9331000000.0,727000000.0,8604000000.0,0.9220876648,0,0.0,0.0,0.0,7145000000.0,7145000000.0,7145000000.0,0.0,72000000.0,-48000000.0,2210000000.0,0.2368449255,2258000000.0,0.2419890687,-72000000.0,2186000000.0,0.2342728539,691000000.0,1495000000.0,0.1602186261,2.42,2.41,616800000,621600000,https://www.sec.gov/Archives/edgar/data/899051/000110465907034450/0001104659-07-034450-index.htm,https://www.sec.gov/Archives/edgar/data/899051/000110465907034450/a07-10651_110q.htm,15.128080415045396,2.423800259403372,2.477302204928664,2.350843060959793,5.946822308690013,36.46400778210117,35.12645914396887,36.46400778210117,7.639429312581064,37045008000.0,41214008000.0,6.1948173913043485,3.970100525131283,24.244115183246077,25.548281379310342,1.6471036414565825,1.6471036414565825,4.416890794127103,18.648872398190043,26.97251832460733,28.423453793103448,0.0403563146753808,0.0391415761065566,0.2063047441198701,0.0289838777180193,1.886425339366516,1.1900825824696522,31.36111111111111,1.0220735785953177,0.0058847335111926,0.145819397993311,0.0,0.0,0.0051533834304668,0.0510471204188481,0.0083592326653091,-1.625,0.0,44.5935321456568,0.0569179397051673,0.0093869298774362,-211.30512321660183,25273000000.0,21666000000.0,20633000000.0,27131000000.0,4792500000.0,0.0,0.0,46.25870753402637,0.0,0.0,1.9455796497080904,0.0,0.0,0.0664710328575874,0.1264591439688716,2007-04-18,1.87,bmo,7062398963.0,2025-04-25,2007-03-31,0.0320855614973261,61.75196721311475,3067822.934426229
2006-12-31,ALL,USD,899051,2007-02-22,2007-02-22 17:15:21,2006,Q4,9102000000.0,3033000000.0,6069000000.0,0.6667765326,0,0.0,0.0,0.0,7370000000.0,7370000000.0,7370000000.0,0.0,96000000.0,-32000000.0,1984000000.0,0.2179740716,-93000000.0,-0.0102175346,1825000000.0,1732000000.0,0.1902878488,519000000.0,1213000000.0,0.1332674138,1.97,1.95,616800000,621600000,https://www.sec.gov/Archives/edgar/data/899051/000104746907001347/0001047469-07-001347-index.htm,https://www.sec.gov/Archives/edgar/data/899051/000104746907001347/a2175845z10-k.htm,14.756809338521402,1.9666018158236056,2.285992217898833,2.200064850843061,4.657911802853437,35.41828793774319,34.0807392996109,35.41828793774319,7.714007782101167,40159848000.0,44378848000.0,8.276967848309976,4.412200395517469,28.482161702127662,29.594582166543848,1.8383158472946992,1.8383158472946992,4.875724895627335,22.36837096774193,31.474360283687943,32.70364627855564,0.0302042975859868,0.0337899685277693,0.2134029112881076,0.029589854906889,2.126512096774193,1.1881685971096767,-0.96875,1.1624072547403133,0.0054781083832787,0.1813685078318219,0.0,0.0,0.0052362999352602,0.0375886524822695,0.0058228960667985,-1.65625,0.0,39.58797242678518,-0.0024570777535109,0.0077394738689074,-209.5383430609598,24661000000.0,21021000000.0,20011000000.0,26496000000.0,4866000000.0,0.0,0.0,47.3533289386948,0.0,0.0,1.9006055543954896,0.0,0.0,0.0555250389087247,0.0859273670557717,2007-01-30,1.84,bmo,7589483146.0,2025-04-25,2006-12-31,-0.0326086956521739,63.52904761904762,2280193.6507936507
2006-09-30,ALL,USD,899051,2006-11-01,2006-11-01 14:31:16,2006,Q3,8738000000.0,726000000.0,8012000000.0,0.9169146258,0,0.0,0.0,0.0,7096000000.0,7096000000.0,7096000000.0,0.0,90000000.0,-62000000.0,1670000000.0,0.1911192493,-1000000.0,-0.0001144427,1643000000.0,1642000000.0,0.1879148547,484000000.0,1158000000.0,0.1325246052,1.84,1.83,629000000,633900000,https://www.sec.gov/Archives/edgar/data/899051/000110465906070205/0001104659-06-070205-index.htm,https://www.sec.gov/Archives/edgar/data/899051/000110465906070205/a06-21497_110q.htm,13.891891891891891,1.8410174880763115,2.508744038155803,2.5007949125596185,6.63275039745628,35.294117647058826,33.98251192368839,35.294117647058826,8.933227344992051,39457170000.0,44659170000.0,8.51838730569948,4.515583657587548,25.00454372623573,25.08402415766052,1.7773499999999998,1.7773499999999998,5.11091439688716,26.742017964071856,28.3011216730038,28.391080737444373,0.029348278145645,0.0398660116779789,0.249054054054054,0.0344864150096055,3.1149700598802395,1.1953316490063728,-0.0111111111111111,1.362694300518135,0.0056010099051705,0.1908462867012089,0.0,0.0,0.0051458296948678,0.003168567807351,0.0005722133211261,-0.0806451612903225,0.0,38.23590558395743,-2.543321126709708e-05,0.0072602336064802,-207.06637519872817,25900000000.0,21375000000.0,20371000000.0,27729000000.0,4893500000.0,0.0,0.0,50.91210803387502,0.0,0.0,1.767752377098928,0.0,0.0,0.0521621621621621,0.0079491255961844,2006-10-18,1.78,bmo,6859627659.0,2025-04-25,2006-09-30,0.0561797752808988,57.61761904761904,2277893.6507936507
2006-06-30,ALL,USD,899051,2006-08-08,2006-08-08 12:21:52,2006,Q2,8875000000.0,747000000.0,8128000000.0,0.9158309859,0,0.0,0.0,0.0,7127000000.0,7127000000.0,7127000000.0,0.0,90000000.0,-58000000.0,1780000000.0,0.2005633803,-35000000.0,-0.003943662,1783000000.0,1748000000.0,0.1969577465,541000000.0,1207000000.0,0.136,1.91,1.89,634100000,638500000,https://www.sec.gov/Archives/edgar/data/899051/000110465906052356/0001104659-06-052356-index.htm,https://www.sec.gov/Archives/edgar/data/899051/000110465906052356/a06-15140_110q.htm,13.996215108027124,1.903485254691689,1.91767859958997,1.8451348367765337,7.719602586342848,32.4948746254534,31.19381800977764,32.4948746254534,8.864532408137517,34704293000.0,39769293000.0,7.188130281690141,3.9103428732394367,28.539714638157893,29.66178888888889,1.6842656151419555,1.6842656151419555,4.481047098591549,22.342299438202247,32.70501069078947,33.990848717948715,0.034779558828644,0.0337134083094561,0.2684299927202135,0.0352082192827224,2.845505617977528,1.1853113211869457,-0.3888888888888889,1.007456503728252,0.0064833477518184,0.1864125932062966,0.0,0.0,0.0052516327803735,0.037828947368421,0.0051830985915492,-0.7931034482758621,0.0,37.30555026813875,-0.0009246870269857,0.0077238607785293,-201.79940072543764,24268000000.0,19780000000.0,18737000000.0,26136000000.0,4823500000.0,0.0,0.0,49.122253521126765,0.0,0.0,1.8321635012386457,0.0,0.0,0.058578015044892,0.0725437628134363,2006-07-19,1.61,bmo,5936875000.0,2025-04-25,2006-06-30,0.2422360248447204,54.54968253968254,2722108.015873016
2006-03-31,ALL,USD,899051,2006-05-03,2006-05-03 16:27:39,2006,Q1,9081000000.0,779000000.0,8302000000.0,0.914216496,0,0.0,0.0,0.0,7025000000.0,7025000000.0,7025000000.0,0.0,81000000.0,-36000000.0,2101000000.0,0.2313621848,-53000000.0,-0.0058363616,2109000000.0,2056000000.0,0.2264067834,641000000.0,1415000000.0,0.1558198436,2.2,2.19,643200000,647400000,https://www.sec.gov/Archives/edgar/data/899051/000110465906030748/0001104659-06-030748-index.htm,https://www.sec.gov/Archives/edgar/data/899051/000110465906030748/a06-9188_110q.htm,14.118470149253731,2.199937810945274,1.3230721393034826,1.2189054726368158,8.283582089552239,31.941853233830845,30.6592039800995,31.941853233830845,8.781094527363184,33517152000.0,38741152000.0,5.921758303886925,3.6909098116947474,39.38560752056405,42.7514693877551,1.6314018982720857,1.6314018982720857,4.266176852769519,18.439386958591147,45.524267920094005,49.41473469387755,0.0422171907684758,0.0233910088780812,0.2709661718179605,0.0355022416091118,2.4864350309376486,1.185123423264922,-0.654320987654321,0.6014134275618375,0.0061759423951056,0.1462897526501766,0.0,0.0,0.0052612447148405,0.0787309048178613,0.0073780420658517,-1.8611111111111112,0.0,39.76275946557662,-0.0013969120448519,0.0090715595389211,-197.9660292288557,24201000000.0,19720000000.0,18668000000.0,26078000000.0,4771000000.0,0.0,0.0,47.60158572844401,0.0,0.0,1.8906933166770767,0.0,0.0,0.0688732051594061,0.1041666666666666,2006-04-18,1.66,bmo,6087492537.0,2025-04-25,2006-03-31,0.2108433734939758,53.6133870967742,3178500.080645161
2005-12-31,ALL,USD,899051,2006-02-23,2006-02-23 16:14:00,2005,Q4,8945000000.0,2997000000.0,5948000000.0,0.6649524874,0,0.0,0.0,0.0,7474000000.0,7474000000.0,7474000000.0,0.0,79000000.0,-30000000.0,1587000000.0,0.1774175517,-13000000.0,-0.0014533259,1484000000.0,1471000000.0,0.1644494131,216000000.0,1041000000.0,0.1163778647,1.62,1.61,643200000,647400000,https://www.sec.gov/Archives/edgar/data/899051/000104746906002356/0001047469-06-002356-index.htm,https://www.sec.gov/Archives/edgar/data/899051/000104746906002356/a2167600z10-k.htm,13.90702736318408,1.6184701492537314,0.5223880597014925,0.5068407960199005,5.8815298507462686,31.383706467661693,30.10105721393035,31.383706467661693,8.362873134328359,34777824000.0,39764824000.0,8.352023054755042,3.887962437115707,103.50542857142858,106.6804417177914,1.7228685227385316,1.7228685227385316,4.445480603689212,25.05659987397605,118.34769047619048,121.97798773006134,0.0299328675652622,0.0093737894584779,0.2625582086594669,0.033958685734789,3.142407057340894,1.177161657722578,-0.1645569620253164,0.3227665706051873,0.0060095766773677,0.2007684918347742,0.0,0.0,0.0052860218360756,0.0297619047619047,0.0011179429849077,-0.3333333333333333,0.0,33.80615065404761,-0.0004351838065424,0.0067054435834508,-199.85813121890547,23208000000.0,19361000000.0,18321000000.0,25073000000.0,4849000000.0,0.0,0.0,47.68138624930128,0.0,0.0,1.887529014560034,0.0,0.0,0.0515703953234915,0.015547263681592,2006-01-31,1.52,bmo,7510228187.0,2025-04-25,2005-12-31,-0.0197368421052631,54.90111111111111,2682241.26984127
2005-09-30,ALL,USD,899051,2005-11-01,2005-11-01 17:18:42,2005,Q3,8942000000.0,713000000.0,8229000000.0,0.9202639231,0,0.0,0.0,0.0,11504000000.0,11504000000.0,11504000000.0,0.0,85000000.0,-8000000.0,-4000000.0,-0.0004473272,-4000000.0,-0.0004473272,-2558000000.0,-2562000000.0,-0.2865130843,-1014000000.0,-1548000000.0,-0.1731156341,-2.36,-2.36,654800000,654800000,https://www.sec.gov/Archives/edgar/data/899051/000110465905051595/0001104659-05-051595-index.htm,https://www.sec.gov/Archives/edgar/data/899051/000110465905051595/a05-17614_110q.htm,13.656078191814297,-2.364080635308491,3.208613317043372,3.123091020158827,5.623091020158827,29.65638362858888,28.396456933414782,29.65638362858888,7.600794135613928,36203892000.0,40687892000.0,-5.8468817829457365,4.048746589129949,17.231742979533553,17.70361466992665,1.8643540862042327,1.8643540862042327,4.5502004025944975,-10171.973,19.36596477867682,19.89627970660147,-0.0427578338815064,0.0564856397207239,0.251918224419383,0.0313326629561073,-1121.0,1.1703990289789106,-0.0470588235294117,-1.357235142118863,0.0058833453596646,-0.1375968992248062,0.0,0.0,0.0052840243129167,0.0266539742979533,0.0062625810780586,-7.0,0.0,,-9.941433205947484e-05,-0.0099674191595946,-197.4812919975565,22462000000.0,18594000000.0,17570000000.0,24311000000.0,4903500000.0,0.0,0.0,49.91165287407739,0.0,0.0,1.803186126235128,0.0,0.0,-0.0797157423142283,0.0855222968845449,2005-10-19,-0.68,bmo,1966063492.0,2025-04-25,2005-09-30,2.705882352941176,58.0721875,3542868.890625
2005-06-30,ALL,USD,899051,2005-08-03,2005-08-03 14:25:12,2005,Q2,8791000000.0,753000000.0,8038000000.0,0.9143442157,0,0.0,0.0,0.0,7150000000.0,7150000000.0,7150000000.0,0.0,82000000.0,-10000000.0,1713000000.0,0.1948583779,-4000000.0,-0.0004550108,1645000000.0,1641000000.0,0.1866681834,492000000.0,1149000000.0,0.1307018542,1.72,1.71,666500000,672600000,https://www.sec.gov/Archives/edgar/data/899051/000110465905035990/0001104659-05-035990-index.htm,https://www.sec.gov/Archives/edgar/data/899051/000110465905035990/a05-12547_110q.htm,13.18979744936234,1.7239309827456863,2.6676669167291824,2.558139534883721,5.702925731432858,33.49437359339835,32.256564141035255,33.49437359339835,7.905476369092273,39823375000.0,44645375000.0,8.664790034812881,4.530016494141736,22.397848706411697,23.35681818181818,1.7838816968285254,1.7838816968285254,5.078532021385508,26.06268242848803,25.10988470191226,26.1849706744868,0.028852401384865,0.0428140507930329,0.2323508331840172,0.0334768269621731,2.814944541739638,1.2012696071123108,-0.048780487804878,1.5474325500435162,0.0054239501297918,0.1879895561357702,0.0,0.0,0.0053245387013288,0.0410573678290213,0.0083039472187464,-7.3,0.0,36.04434405936198,-0.0001018040515221,0.0074553264381837,-187.8199549887472,25650000000.0,21499000000.0,20472000000.0,27502000000.0,4829000000.0,0.0,0.0,49.63257877374588,0.0,0.0,1.8133250825082508,0.0,0.0,0.0514692707400107,0.1095273818454613,2005-07-20,1.51,bmo,6581234939.0,2025-04-25,2005-06-30,0.0993377483443708,57.06453125,2525179.703125
2005-03-31,ALL,USD,899051,2005-05-03,2005-05-03 10:04:03,2005,Q1,8705000000.0,800000000.0,7905000000.0,0.9080987938,0,0.0,0.0,0.0,7167000000.0,7167000000.0,7167000000.0,0.0,84000000.0,-19000000.0,1603000000.0,0.1841470419,-4000000.0,-0.000459506,1542000000.0,1538000000.0,0.1766800689,415000000.0,1123000000.0,0.1290063182,1.66,1.64,677700000,683100000,https://www.sec.gov/Archives/edgar/data/899051/000110465905019862/0001104659-05-019862-index.htm,https://www.sec.gov/Archives/edgar/data/899051/000110465905019862/a05-7647_110q.htm,12.844916629777188,1.6570754020953224,2.051055039102848,1.966947026707983,7.03261029954257,31.46672568983326,30.24937287885495,31.46672568983326,8.025675077467906,36636462000.0,41652462000.0,8.155935440783615,4.2086688110281445,26.35716690647482,27.4842175543886,1.7180052520515827,1.7180052520515827,4.784889373923033,25.984068621335,29.9658,31.247158289572397,0.0306525231612157,0.0363845176971509,0.2511137162954279,0.0353544689897402,3.1291328758577666,1.1983565725086296,-0.0476190476190476,1.237756010685663,0.0052406807185693,0.1709706144256456,0.0,0.0,0.0054467669311924,0.0410071942446043,0.0065479609419873,-3.0,0.0,34.25217635880722,-0.0001094706222961,0.007454809779542,-179.67758595248634,24767000000.0,20500000000.0,19487000000.0,26605000000.0,4765500000.0,0.0,0.0,49.73004020677771,0.0,0.0,1.8097713097713093,0.0,0.0,0.0526611957796014,0.0841080123948649,2005-04-20,1.49,bmo,6428413173.0,2025-04-25,2005-03-31,0.1208053691275167,52.42540983606557,2440867.180327869
2004-12-31,ALL,USD,899051,2005-02-24,2005-02-24 16:56:54,2004,Q4,8879000000.0,3040000000.0,5839000000.0,0.6576191013,0,0.0,0.0,0.0,7295000000.0,7295000000.0,7295000000.0,0.0,85000000.0,-12000000.0,1661000000.0,0.1870706161,-24000000.0,-0.0027030071,1608000000.0,1584000000.0,0.1783984683,442000000.0,1142000000.0,0.1286180876,1.69,1.67,677700000,683100000,https://www.sec.gov/Archives/edgar/data/899051/000104746905004614/0001047469-05-004614-index.htm,https://www.sec.gov/Archives/edgar/data/899051/000104746905004614/a2151333z10-k.htm,13.101667404456247,1.685111406226944,0.9428950863213812,0.8351778072893611,6.70945846244651,32.20156411391471,30.9842113029364,32.20156411391471,7.996163494171462,35050644000.0,39970644000.0,7.673083187390542,3.9475891429215,54.85233802816901,61.92693286219081,1.6061331622600008,1.6061331622600008,4.501705597477193,24.06420469596629,62.551868544600936,70.61951236749117,0.0325814270345503,0.0161480627859505,0.2444210236906016,0.0356253130739689,2.96207104154124,1.2061071192633614,-0.2823529411764706,0.5595446584938704,0.0055348483753964,0.169877408056042,0.0,0.0,0.0055101018533978,0.1142410015649452,0.0082216465818222,-6.083333333333333,0.0,34.94170169297545,-0.000637148076114,0.0076695768972464,-176.7954109487974,25271000000.0,20998000000.0,19980000000.0,27114000000.0,4772500000.0,0.0,0.0,47.853361865074895,0.0,0.0,1.8807456047447573,0.0,0.0,0.0523301104339458,0.10771727903202,2005-02-02,1.4,bmo,8752157142.0,2025-04-25,2004-12-31,0.0142857142857143,49.50359375,2345285.953125
2004-09-30,ALL,USD,899051,2004-11-03,2004-11-03 16:50:06,2004,Q3,8442000000.0,738000000.0,7704000000.0,0.9125799574,0,0.0,0.0,0.0,8510000000.0,8510000000.0,8510000000.0,0.0,76000000.0,-5000000.0,3000000.0,0.000355366,-6000000.0,-0.0007107321,-62000000.0,-68000000.0,-0.0080549633,-124000000.0,56000000.0,0.0066334992,0.1,0.09,692100000,696800000,https://www.sec.gov/Archives/edgar/data/899051/000104746904033013/0001047469-04-033013-index.htm,https://www.sec.gov/Archives/edgar/data/899051/000104746904033013/a2145825z10-q.htm,12.197659297789336,0.0809131628377402,2.787169484178587,2.7163704666955644,7.312527091460772,30.397341424649618,29.20098251697732,30.397341424649618,7.910706545296923,33213879000.0,38242879000.0,148.2762455357143,3.934361407249467,17.218185069984447,17.666956914893618,1.5787564882593403,1.5787564882593403,4.5300733238569055,12747.626333333334,19.825235355106276,20.34195691489362,0.0016860421512344,0.0566028436485843,0.2566308584466204,0.0365360149419375,1676.3333333333333,1.2018298005500931,-0.0789473684210526,34.44642857142857,0.0059011475293204,3.5,0.0,0.0,0.0056032265923178,0.0254017625712804,0.005804311774461,-9.8,0.0,7.439070057598521,0.0001869038268558,0.0003810975609756,-170.57506140731107,24509000000.0,20210000000.0,19209000000.0,26338000000.0,4728000000.0,0.0,0.0,51.42857142857143,0.0,0.0,1.75,0.0,0.0,0.00266184998574,0.0707990174830226,2004-10-20,0.08,bmo,7059000000.0,2025-04-25,2004-09-30,0.0,47.15921875,2676785.828125
2004-06-30,ALL,USD,899051,2004-08-03,2004-08-03 17:23:00,2004,Q2,8304000000.0,770000000.0,7534000000.0,0.9072736031,0,0.0,0.0,0.0,6818000000.0,6818000000.0,6818000000.0,0.0,73000000.0,5000000.0,1564000000.0,0.1883429672,-8000000.0,-0.0009633911,1494000000.0,1486000000.0,0.1789499037,452000000.0,1034000000.0,0.1245183044,1.47,1.47,700000000,704500000,https://www.sec.gov/Archives/edgar/data/899051/000104746904025193/0001047469-04-025193-index.htm,https://www.sec.gov/Archives/edgar/data/899051/000104746904025193/a2138756z10-q.htm,11.862857142857145,1.477142857142857,2.202857142857143,2.14,4.667142857142857,29.547142857142852,28.292857142857144,29.547142857142852,7.035714285714286,32585000000.0,37142000000.0,7.878384912959381,3.924012524084778,21.131647211413743,21.75233644859813,1.575448435913552,1.575448435913552,4.472784200385356,23.748081841432224,24.08690012970169,24.79439252336449,0.0317323922050023,0.0459720730397422,0.2345887927283276,0.0347047379262989,2.913682864450128,1.2047958069447475,-0.1095890410958904,1.4912959381044488,0.0060457265613012,0.190522243713733,0.0,0.0,0.0062800411993591,0.0285343709468223,0.0052986512524084,8.8,0.0,31.337204692811763,-0.0002179996790091,0.0074425969912905,-160.54857142857142,23444000000.0,19805000000.0,18794000000.0,25333000000.0,4560500000.0,0.0,0.0,50.20231213872832,0.0,0.0,1.7927461139896372,0.0,0.0,0.0499927476671662,0.0628571428571428,2004-07-19,1.15,bmo,5448027210.0,2025-04-25,2004-06-30,0.2782608695652174,45.37887096774193,2530990.370967742
2004-03-31,ALL,USD,899051,2004-05-05,2004-05-05 17:37:59,2004,Q1,8311000000.0,733000000.0,7578000000.0,0.9118036337,0,0.0,0.0,0.0,6727000000.0,6727000000.0,6727000000.0,0.0,74000000.0,8000000.0,1666000000.0,0.2004572254,-3000000.0,-0.0003609674,1587000000.0,1584000000.0,0.1905907833,460000000.0,949000000.0,0.1141860185,1.35,1.34,704500000,709200000,https://www.sec.gov/Archives/edgar/data/899051/000104746904016039/0001047469-04-016039-index.htm,https://www.sec.gov/Archives/edgar/data/899051/000104746904016039/a2134126z10-q.htm,11.797019162526617,1.347054648687012,1.927608232789212,1.879347054648687,4.601845280340667,30.631653655074523,29.312987934705465,30.631653655074523,6.772178850248404,32026570000.0,36407570000.0,8.436925711275027,3.853515822404043,23.583630338733432,24.18925226586103,1.4840857275254864,1.4840857275254864,4.38064853808206,21.85328331332533,26.809698085419736,27.498164652567976,0.0296316464735374,0.0413406743213525,0.2176552363299351,0.034025876182611,2.6296518607442976,1.217371857947938,-0.0405405405405405,1.4309799789251845,0.005276868550082,0.1780821917808219,0.0,0.0,0.006729835847061,0.0250368188512518,0.0040909637829382,4.25,0.0,30.46976382733167,-8.101335307637397e-05,0.0069212984910256,-155.93080198722498,24300000000.0,20651000000.0,19628000000.0,26252000000.0,4437500000.0,0.0,0.0,48.61147876308507,0.0,0.0,1.8514145689463133,0.0,0.0,0.0439759036144578,0.0482611781405252,2004-04-20,1.41,bmo,6723937500.0,2025-04-25,2004-03-31,0.0212765957446808,45.027580645161294,2879977.419354839
2003-12-31,ALL,USD,899051,2004-03-11,2004-03-10 18:10:26,2003,Q4,8262000000.0,3001000000.0,5261000000.0,0.6367707577,0,0.0,0.0,0.0,7179000000.0,7179000000.0,7179000000.0,0.0,71000000.0,-6000000.0,1147000000.0,0.1388283709,-41000000.0,-0.0049624788,1124000000.0,1083000000.0,0.1310820625,308000000.0,761000000.0,0.0921084483,1.08,1.07,704500000,709200000,https://www.sec.gov/Archives/edgar/data/899051/000104746904007369/0001047469-04-007369-index.htm,https://www.sec.gov/Archives/edgar/data/899051/000104746904007369/a2129645z10-k.htm,11.727466288147625,1.0801987224982257,1.1809794180269697,1.1242015613910574,3.095812633073101,29.190915542938253,27.8722498225692,29.190915542938253,7.305890702625976,30307590000.000004,35017590000.0,9.956501314060448,3.6683115468409593,36.42739182692308,38.2671590909091,1.4737461706783372,1.4737461706783372,4.238391430646333,30.529721011333915,42.08844951923077,44.21412878787879,0.0251092218153934,0.0261320679077419,0.2468271334792122,0.0378404973833698,4.106364428945074,1.2180841259308413,-0.5774647887323944,1.0932982917214191,0.0053122006731647,0.2115637319316688,0.0,0.0,0.0069254968615347,0.048076923076923,0.0048414427499394,-6.666666666666667,0.0,26.635873699876992,-0.0011442532218155,0.0057126556717437,-153.4513839602555,23663000000.0,19636000000.0,18590000000.0,25638000000.0,4420500000.0,0.0,0.0,47.77777777777778,0.0,0.0,1.8837209302325584,0.0,0.0,0.037004619499149,0.0567778566359119,2004-02-04,1.04,bmo,8103115384.0,2025-04-25,2003-12-31,0.0192307692307692,40.33328125,2360985.984375
2003-09-30,ALL,USD,899051,2003-11-14,2003-11-14 10:02:39,2003,Q3,8127000000.0,716000000.0,7411000000.0,0.9118986096,0,0.0,0.0,0.0,7229000000.0,7229000000.0,7229000000.0,0.0,70000000.0,-7000000.0,961000000.0,0.1182478159,-12000000.0,-0.0014765596,910000000.0,898000000.0,0.1104958779,206000000.0,691000000.0,0.0850252246,0.98,0.97,703300000,706000000,https://www.sec.gov/Archives/edgar/data/899051/000104746903037356/0001047469-03-037356-index.htm,https://www.sec.gov/Archives/edgar/data/899051/000104746903037356/a2119505z10-q.htm,11.555523958481444,0.9825110194795962,2.4555666145314943,2.395848144461823,7.61268306554813,27.5273709654486,26.205033413905877,27.5273709654486,6.324470354045215,25691549000.0,29822549000.0,9.295061143270622,3.161258644026086,14.876403590040534,15.247210089020772,1.327042820247934,1.327042820247934,3.669564291866618,31.032829344432884,17.268412854661264,17.698842136498516,0.0268960038182205,0.0655857690791629,0.2261363636363636,0.0336091876372234,4.298647242455775,1.204263827869776,-0.1714285714285714,2.499276410998553,0.0063055754248216,0.2344428364688856,0.0,0.0,0.0071394574012375,0.0243196294151708,0.0051679586563307,-6.0,0.0,24.668477243118566,-0.0003895532915845,0.0053428385859648,-145.32454144746197,21759000000.0,18430000000.0,17381000000.0,23738000000.0,4390000000.0,0.0,0.0,49.33554817275748,0.0,0.0,1.824242424242424,0.0,0.0,0.0356921487603305,0.0597184700696715,2003-10-15,0.88,bmo,7849943181.0,2025-04-25,2003-09-30,0.0340909090909091,37.05953125,2427950.03125
2003-06-30,ALL,USD,899051,2003-08-11,2003-08-11 14:00:03,2003,Q2,7899000000.0,728000000.0,7171000000.0,0.907836435,0,0.0,0.0,0.0,7180000000.0,7180000000.0,7180000000.0,0.0,67000000.0,0.0,0.0,0.0,784000000.0,0.09925307,-65000000.0,719000000.0,0.0910241803,129000000.0,588000000.0,0.0744398025,0.84,0.84,704000000,706600000,https://www.sec.gov/Archives/edgar/data/899051/000104746903026942/0001047469-03-026942-index.htm,https://www.sec.gov/Archives/edgar/data/899051/000104746903026942/a2115843z10-q.htm,11.220170454545457,0.8352272727272727,2.53125,2.4786931818181817,7.176136363636363,27.413352272727277,26.092329545454547,27.413352272727277,5.957386363636363,25097600000.0,28717600000.0,10.670748299319728,3.1773135839979743,14.08395061728395,14.382578796561605,1.3004611637908698,1.3004611637908698,3.635599442967464,0.0,16.11537598204265,16.457077363896847,0.0234285349993624,0.0695285604998087,0.2138452769573553,0.0324822516410345,0.0,1.209064652299489,11.701492537313433,3.0306122448979598,0.006454800459008,0.2755102040816326,0.0,0.0,0.0073197223227918,0.020763187429854,0.004684137232561,0.0,0.0,22.697324462123166,0.0272300842039256,0.0046620785893247,-141.27734375,21643000000.0,18369000000.0,17411000000.0,23531000000.0,4209500000.0,0.0,0.0,49.27838966957842,0.0,0.0,1.82635838150289,0.0,0.0,0.030467899891186,0.0525568181818181,2003-07-16,0.75,bmo,5893235294.0,2025-04-25,2003-06-30,0.1333333333333333,36.26095238095238,2552003.1587301586
2003-03-31,ALL,USD,899051,2003-05-09,2003-05-09 15:39:11,2003,Q1,7861000000.0,753000000.0,7108000000.0,0.9042106602,0,0.0,0.0,0.0,6990000000.0,6990000000.0,6990000000.0,0.0,67000000.0,0.0,0.0,0.0,935000000.0,0.1189416105,-64000000.0,871000000.0,0.1108001527,203000000.0,665000000.0,0.0845948353,0.95,0.94,703300000,705200000,https://www.sec.gov/Archives/edgar/data/899051/000104746903017741/0001047469-03-017741-index.htm,https://www.sec.gov/Archives/edgar/data/899051/000104746903017741/a2110380z10-q.htm,11.177306981373524,0.9455424427697996,1.9195222522394424,1.8484288354898333,7.164794540025594,25.569458268164368,24.24712071662164,25.569458268164368,5.872316223517703,23328461000.0,27001461000.0,8.770098120300753,2.96762002289785,17.280341481481482,17.94497,1.2972507924150587,1.2972507924150587,3.4348633761607936,0.0,20.001082222222223,20.770354615384612,0.0285059524500994,0.0557259220829012,0.2259356058499694,0.0337604280918669,0.0,1.2058092891612875,13.955223880597014,2.030075187969925,0.0063441818986687,0.2225563909774436,0.0,0.0,0.0077275899890318,0.037037037037037,0.0063605139295255,0.0,0.0,23.323436297028856,0.0322342808464747,0.0055686747391515,-134.0189108488554,20215000000.0,17053000000.0,16072000000.0,22126000000.0,4084500000.0,0.0,0.0,46.87189924945936,0.0,0.0,1.9201270151441137,0.0,0.0,0.0369793694044375,0.0710934167496089,2003-04-15,0.78,bmo,5450147368.0,2025-04-25,2003-03-31,0.2179487179487178,33.82475409836066,2569055.7868852457
2002-12-31,ALL,USD,899051,2003-03-28,2003-03-28 14:27:46,2002,Q4,7587000000.0,13000000.0,7574000000.0,0.9982865428,0,0.0,0.0,0.0,7180000000.0,7180000000.0,7180000000.0,0.0,74000000.0,-12000000.0,469000000.0,0.0618162647,20979000000.0,2.7651245552,-22318000000.0,407000000.0,0.0536443917,-43000000.0,447000000.0,0.0589165678,0.64,0.63,703300000,705200000,https://www.sec.gov/Archives/edgar/data/899051/000104746903010828/0001047469-03-010828-index.htm,https://www.sec.gov/Archives/edgar/data/899051/000104746903010828/a2104961z10-k.htm,10.787715057585668,0.6355751457415043,1.3422437082326175,1.2171192947533058,3.806341532774065,24.79454002559363,23.47646807905588,24.79454002559363,6.133939997156263,26015067000.0,29793067000.0,14.549813758389265,3.4289003558718862,27.55833368644068,30.391433411214955,1.4918607065030394,1.4918607065030394,3.926857387636747,63.5246631130064,31.560452330508475,34.80498481308411,0.0171823505201812,0.0329040090498325,0.2431471499025117,0.0361078466438437,8.05543710021322,1.205401400440377,283.5,2.111856823266219,0.005689010910485,0.3310961968680089,0.0,0.0,0.0078943334525573,0.0932203389830508,0.0115987873994991,-7.333333333333333,0.0,18.830104919598966,1.0602182350056926,0.003836942806376,-134.01784444760415,19683000000.0,16511000000.0,15522000000.0,21599000000.0,4161000000.0,0.0,0.0,48.33926453143535,0.0,0.0,1.861840490797546,0.0,0.0,0.0256336735864204,0.1251244134793118,2003-02-05,0.77,bmo,5851114942.0,2025-04-25,2002-12-31,0.1298701298701298,38.40484375,2621275.046875
2002-09-30,ALL,USD,899051,2002-11-14,2002-11-13 21:30:21,2002,Q3,7239000000.0,710000000.0,6529000000.0,0.9019201547,0,0.0,0.0,0.0,7026000000.0,7026000000.0,7026000000.0,0.0,67000000.0,-20000000.0,260000000.0,0.0359165631,278000000.0,0.0384030944,-65000000.0,213000000.0,0.0294239536,-37000000.0,248000000.0,0.0342588755,0.35,0.35,705400000,708100000,https://www.sec.gov/Archives/edgar/data/899051/000091205702042237/0000912057-02-042237-index.htm,https://www.sec.gov/Archives/edgar/data/899051/000091205702042237/a2092506z10-q.htm,10.26226254607315,0.3515735752764389,2.1548057839523675,2.0754182024383327,6.394953218032322,25.185710235327477,23.87156223419337,25.185710235327477,6.056138361213496,25076970000.0,28850970000.0,25.279203629032256,3.464148363033567,16.498006578947365,17.129077868852455,1.411514690982776,1.411514690982776,3.985491089929548,110.9652692307692,18.98090131578947,19.70694672131147,0.0098895520471572,0.0583802588590248,0.236688055836992,0.0360226844395709,14.515384615384615,1.211174162517931,4.149253731343284,6.129032258064516,0.0059417066734936,0.6008064516129032,0.0,0.0,0.0079412671760956,0.0368421052631578,0.007735875120873,-2.8,0.0,14.114856688946078,0.014717021325705,0.0021415310219765,-129.38722710518854,20021000000.0,16839000000.0,15863000000.0,21924000000.0,4161500000.0,0.0,0.0,52.80149191877331,0.0,0.0,1.7044972922062631,0.0,0.0,0.0139592480018011,0.0793875815140345,2002-10-16,0.68,bmo,5666077922.0,2025-04-25,2002-09-30,0.1323529411764705,36.6578125,2719879.703125
2002-06-30,ALL,USD,899051,2002-08-13,2002-08-12 21:30:18,2002,Q2,7455000000.0,658000000.0,6797000000.0,0.9117370892,0,0.0,0.0,0.0,7052000000.0,7052000000.0,7052000000.0,0.0,68000000.0,-21000000.0,450000000.0,0.060362173,469000000.0,0.0629107981,-66000000.0,403000000.0,0.0540576794,57000000.0,344000000.0,0.0461435278,0.48,0.48,708700000,712100000,https://www.sec.gov/Archives/edgar/data/899051/000091205702031314/0000912057-02-031314-index.htm,https://www.sec.gov/Archives/edgar/data/899051/000091205702031314/a2085461z10-q.htm,10.519260618033018,0.4853957951178214,1.224777762099619,1.154226047692959,7.278114858191054,24.293777338789333,22.987159587977988,24.293777338789333,6.0547481303795685,26328205000.0,30252205000.0,19.133869912790697,3.531617035546613,30.332033410138248,32.18606968215159,1.5291981762211766,1.5291981762211766,4.057975184439973,67.22712222222222,34.85277073732719,36.98313569682151,0.0130658356693895,0.0310693417952344,0.2452808270895045,0.0366493964088277,8.72,1.20753731899886,6.897058823529412,66.76923076923077,0.0056973120651407,0.436046511627907,0.0,0.0,0.0080363109340692,0.0576036866359447,0.0067069081153588,-2.380952380952381,0.0,16.288713600987084,0.0186074404993968,0.0030095974663388,-126.70382390292085,19478000000.0,16291000000.0,15321000000.0,21374000000.0,4035500000.0,0.0,0.0,49.20724346076459,0.0,0.0,1.828999018645731,0.0,0.0,0.019980252076436,0.07055171440666,2002-07-18,0.58,bmo,5786406249.0,2025-04-25,2002-06-30,0.103448275862069,38.585625,2111729.6875
2002-03-31,ALL,USD,899051,2002-05-10,2002-05-10 17:02:24,2002,Q1,7298000000.0,640000000.0,6658000000.0,0.912304741,0,0.0,0.0,0.0,6781000000.0,6781000000.0,6781000000.0,0.0,69000000.0,-9000000.0,577000000.0,0.0790627569,583000000.0,0.0798849,-66000000.0,517000000.0,0.0708413264,88000000.0,426000000.0,0.0583721568,0.6,0.6,711700000,713800000,https://www.sec.gov/Archives/edgar/data/899051/000091205702019625/0000912057-02-019625-index.htm,https://www.sec.gov/Archives/edgar/data/899051/000091205702019625/a2078645z10-q.htm,10.254320640719405,0.5985668118589293,1.5329492763804975,1.4697203878038498,6.150063228888577,24.192777855838138,22.42236897569201,24.192777855838138,5.871856119151328,26838207000.0,30613207000.0,15.75012147887324,3.677474239517676,24.59963978001833,25.65794168260038,1.5587296433964457,1.5587296433964457,4.194739243628392,53.05581802426343,28.05976810265811,29.26692829827916,0.0158728934462723,0.0389742876638517,0.2387036821930537,0.0366127423033067,6.542461005199307,1.2107736326620446,8.44927536231884,2.561032863849765,0.0050301422893116,0.3169014084507042,0.0,0.0,0.0112243443557582,0.0412465627864344,0.006166072896684,-5.0,0.0,18.050550213263797,0.0224714770274437,0.0038379761432844,-123.17654910777011,19153000000.0,15958000000.0,14985000000.0,21386000000.0,3985500000.0,0.0,0.0,49.26692244450534,0.0,0.0,1.8267834793491864,0.0,0.0,0.0247415495411778,0.0632288885766474,2002-04-17,0.58,bmo,5324058823.0,2025-04-25,2002-03-31,0.1724137931034484,34.383833333333335,2163196.7
2001-12-31,ALL,USD,899051,2002-03-26,2002-03-26 00:00:00,2001,Q4,7358000000.0,11000000.0,7347000000.0,0.9985050285,0,0.0,0.0,0.0,7063000000.0,7063000000.0,7063000000.0,0.0,62000000.0,-20000000.0,444000000.0,0.0603424844,20565000000.0,2.794917097,-20397000000.0,295000000.0,0.0400924164,15000000.0,264000000.0,0.035879315,0.37,0.37,711700000,713800000,https://www.sec.gov/Archives/edgar/data/899051/000091205702011595/0000912057-02-011595-index.htm,https://www.sec.gov/Archives/edgar/data/899051/000091205702011595/a2073498z10-k.htm,10.338625825488268,0.3709428129829984,0.8093297737810875,0.716594070535338,3.0504426022200364,24.161865954756216,22.357735000702544,24.161865954756216,5.596459182239708,23984290000.000004,27642290000.000004,22.712395833333336,3.2596208208752384,41.63939236111111,47.02801960784314,1.394759827866946,1.394759827866946,3.756766784452297,62.25740990990992,47.99008680555556,54.20056862745099,0.0110072051330266,0.0212639190069833,0.2280181437543614,0.0359148156629264,8.23873873873874,1.213679968212522,331.6935483870968,2.1818181818181817,0.0056286844430249,0.5113636363636364,0.0,0.0,0.0117609342798259,0.1145833333333333,0.0089698287578146,-3.3,0.0,14.200707263863542,0.9156692796312006,0.0024469140150707,-121.99803287902206,18822000000.0,15912000000.0,14928000000.0,21090000000.0,4031500000.0,0.0,0.0,48.63278064691493,0.0,0.0,1.8506036217303825,0.0,0.0,0.0153524075366364,0.0927357032457496,2002-02-06,0.46,bmo,6642186046.0,2025-04-25,2001-12-31,-0.0652173913043478,33.16265625,2391945.328125
2001-09-30,ALL,USD,899051,2001-11-13,2001-11-13 00:00:00,2001,Q3,7173000000.0,641000000.0,6532000000.0,0.9106371114,0,0.0,0.0,0.0,7004000000.0,7004000000.0,7004000000.0,0.0,63000000.0,-29000000.0,203000000.0,0.0283005716,-53000000.0,-0.0073888192,222000000.0,169000000.0,0.0235605744,-67000000.0,226000000.0,0.0315070403,0.32,0.32,717300000,719700000,https://www.sec.gov/Archives/edgar/data/899051/000091205701538766/0000912057-01-538766-index.htm,https://www.sec.gov/Archives/edgar/data/899051/000091205701538766/a2062362z10-q.htm,10.0,0.315070402899763,0.726334866861843,0.6705701937822389,4.784608950230029,24.10846228913983,22.30168688136066,24.10846228913983,4.942144151679911,25815627000.0,29078627000.0,28.557109513274337,3.599,49.55014779270634,53.6707422037422,1.4928368125831262,1.4928368125831262,4.0539003206468704,143.24446798029555,55.81310364683301,60.45452598752599,0.0087543874103851,0.0186321254176782,0.2013531486728734,0.032060843783953,16.073891625615765,1.2161596523330285,-0.8412698412698413,2.3053097345132745,0.0053455993921821,0.6106194690265486,0.0,0.0,0.0119330423733495,0.0767754318618042,0.0055764673079604,-1.3793103448275863,0.0,13.073137184757648,-0.0034384127442288,0.0021060478986114,-118.24306426878572,18901000000.0,15997000000.0,15028000000.0,21166000000.0,4029000000.0,0.0,0.0,51.27979924717691,0.0,0.0,1.755077073648153,0.0,0.0,0.0130688717978372,0.055764673079604,2001-10-18,0.54,bmo,5851894736.0,2025-04-25,2001-09-30,0.0555555555555553,35.80949152542373,3632330.627118644
2001-06-30,ALL,USD,899051,2001-08-13,2001-08-13 00:00:00,2001,Q2,7203000000.0,685000000.0,6518000000.0,0.9049007358,0,0.0,0.0,0.0,7056000000.0,7056000000.0,7056000000.0,0.0,61000000.0,-29000000.0,179000000.0,0.0248507566,-10000000.0,-0.0013883104,157000000.0,147000000.0,0.0204081633,-30000000.0,168000000.0,0.0233236152,0.23,0.23,724600000,728500000,https://www.sec.gov/Archives/edgar/data/899051/000091205701528164/0000912057-01-528164-index.htm,https://www.sec.gov/Archives/edgar/data/899051/000091205701528164/a2055943z10-q.htm,9.940656914159536,0.2318520563069279,0.6072315760419542,0.5616892078388076,4.50869445211151,24.247860888766212,22.434446591222745,24.247860888766212,4.743306651945901,31875154000.0,35047154000.0,47.43326488095239,4.425260863529085,72.44353181818182,78.31733169533169,1.8141806488332384,1.8141806488332384,4.86563293072331,195.79415642458105,79.65262272727273,86.11094348894349,0.0052705627712418,0.0127685657612822,0.192145702902675,0.0311827460398097,17.720670391061454,1.2204369809843014,-0.1639344262295081,2.619047619047619,0.0043293908478057,0.8214285714285714,0.0,0.0,0.0121368863436937,0.075,0.0045814244064972,-1.137931034482759,0.0,11.246915985387174,-0.0005549786286195,0.0015708128021243,-116.54671542920232,19139000000.0,16256000000.0,15267000000.0,21442000000.0,3917000000.0,0.0,0.0,49.61682632236568,0.0,0.0,1.813900780659783,0.0,0.0,0.0095617529880478,0.0455423682031465,2001-07-19,0.44,bmo,8628258064.0,2025-04-25,2001-06-30,-0.2954545454545454,42.91761904761905,2256312.761904762
2001-03-31,ALL,USD,899051,2001-05-15,2001-05-15 00:00:00,2001,Q1,7131000000.0,659000000.0,6472000000.0,0.9075865937,0,0.0,0.0,0.0,6457000000.0,6457000000.0,6457000000.0,0.0,62000000.0,-28000000.0,708000000.0,0.0992848128,717000000.0,0.1005469079,-43000000.0,674000000.0,0.0945168981,155000000.0,500000000.0,0.0701163932,0.69,0.68,726600000,730300000,https://www.sec.gov/Archives/edgar/data/899051/000091205701515524/0000912057-01-515524-index.htm,https://www.sec.gov/Archives/edgar/data/899051/000091205701515524/a2048088z10-q.htm,9.81420313790256,0.6881365262868153,1.0377098816405177,0.9730250481695568,5.499587118084228,24.145334434351778,22.451142306633635,24.145334434351778,4.810074318744839,30473604000.0,33762604000.0,15.236802,4.273398401346235,40.41592042440318,43.10269306930693,1.7369815321477429,1.7369815321477429,4.734624035899594,47.687293785310736,44.77798938992042,47.75474398868458,0.016407642496109,0.0232004064894982,0.1956794345645235,0.0322489737254938,4.645480225988701,1.2254753254083035,11.564516129032258,1.508,0.004069095339035,0.248,0.0,0.0,0.0115637887142682,0.0623342175066313,0.0065909409619969,-1.6785714285714286,0.0,19.335044548254498,0.0254112981987569,0.0047518579764687,-112.87606661161574,19176000000.0,16313000000.0,15314000000.0,21406000000.0,3832500000.0,0.0,0.0,48.75473285654186,0.0,0.0,1.8459746311157128,0.0,0.0,0.0284997720018239,0.0646848334709606,2001-04-19,0.72,bmo,5648210526.0,2025-04-25,2001-03-31,0.0555555555555556,39.48822580645161,2663275.806451613
2000-12-31,ALL,USD,899051,2001-03-26,2001-03-26 00:00:00,2000,Q4,7220000000.0,6000000.0,7214000000.0,0.9991689751,0,0.0,0.0,0.0,6508000000.0,6508000000.0,6508000000.0,0.0,63000000.0,-26000000.0,749000000.0,0.1037396122,19651000000.0,2.7217451524,-22193000000.0,712000000.0,0.0986149584,156000000.0,547000000.0,0.0757617729,0.75,0.75,726600000,730300000,https://www.sec.gov/Archives/edgar/data/899051/000091205701008238/0000912057-01-008238-index.htm,https://www.sec.gov/Archives/edgar/data/899051/000091205701008238/a2042391z10-k405.htm,9.936691439581612,0.752821359757776,0.1293696669419212,0.0316542802091935,2.8254885769336635,24.017341040462423,22.30112854390311,24.017341040462423,4.671070740434902,31650696000.0,34759696000.0,14.465583180987204,4.383752908587257,336.7095319148936,1376.1172173913044,1.8136895306859209,1.8136895306859209,4.814362326869806,46.408138851802406,369.784,1511.2911304347826,0.0172824003617487,0.000726682282121,0.1908773136209959,0.0317819250438897,4.15086782376502,1.2283490029343074,311.92063492063494,0.1718464351005484,0.0039809551107501,0.2303473491773309,0.0,0.0,0.0118979467216243,0.7553191489361702,0.0098337950138504,-2.730769230769231,0.0,20.169711578169903,0.712680838762062,0.0052819111441565,-113.47715386732727,19066000000.0,16204000000.0,15204000000.0,21313000000.0,3872000000.0,0.0,0.0,47.393351800554015,0.0,0.0,1.8990005260389269,0.0,0.0,0.0313449086012262,0.0977153867327277,2001-02-07,0.72,bmo,5499341772.0,2025-04-25,2000-12-31,0.0972222222222223,38.1715873015873,2789657.206349206
2000-09-30,ALL,USD,899051,2000-11-13,2000-11-13 00:00:00,2000,Q3,7445000000.0,664000000.0,6781000000.0,0.9108126259,0,0.0,0.0,0.0,6536000000.0,6536000000.0,6536000000.0,0.0,61000000.0,-8000000.0,962000000.0,0.1292142377,960000000.0,0.1289456011,-51000000.0,909000000.0,0.122095366,255000000.0,644000000.0,0.0865010074,0.87,0.87,735800000,740600000,https://www.sec.gov/Archives/edgar/data/899051/000091205700048494/0000912057-00-048494-index.htm,https://www.sec.gov/Archives/edgar/data/899051/000091205700048494/a2029551z10-q.htm,10.118238651807555,0.8752378363685784,0.8752378363685784,0.7977711334601794,6.374014677901604,22.8241369937483,22.8241369937483,22.8241369937483,4.58820331611851,25569050000.0,28653050000.0,9.92587344720497,3.4343922095366017,39.70349378881988,43.55885860306644,1.52251101583899,1.52251101583899,3.848629952988583,29.78487525987526,44.492313664596274,48.812691652470185,0.0251867003271533,0.0229574426895015,0.1973919256877456,0.0313617528523585,3.2058212058212057,1.231063144405648,15.737704918032788,1.0,0.0049278326727039,0.1956521739130435,0.0,0.0,0.0,0.0885093167701863,0.0076561450638012,-7.125,0.0,21.200762634543047,0.033112472760292,0.006092599950805,-110.43965751562924,19654000000.0,16794000000.0,15805000000.0,20643000000.0,3952000000.0,0.0,0.0,47.65345869711216,0.0,0.0,1.8886352105530189,0.0,0.0,0.0383470287007264,0.077466702908399,2000-10-19,0.7,bmo,5870277777.0,2025-04-25,2000-09-30,0.0285714285714286,28.55936507936508,2367865.095238095
2000-06-30,ALL,USD,899051,2000-08-07,2000-08-07 00:00:00,2000,Q2,7183000000.0,682000000.0,6501000000.0,0.9050535988,0,0.0,0.0,0.0,6545000000.0,6545000000.0,6545000000.0,0.0,58000000.0,-23000000.0,35000000.0,0.0048726159,685000000.0,0.095364054,-47000000.0,638000000.0,0.088820827,168000000.0,459000000.0,0.0639008771,0.62,0.61,742300000,747800000,https://www.sec.gov/Archives/edgar/data/899051/000091205700034974/0000912057-00-034974-index.htm,https://www.sec.gov/Archives/edgar/data/899051/000091205700034974/a10-q.htm,9.6766805873636,0.6183483766671157,0.5213525528761956,0.4216624006466388,5.540886434056311,21.72302303650815,21.72302303650815,21.72302303650815,4.53859625488347,16516175000.0,19589175000.0,8.995738017429193,2.2993421968536825,42.67745478036176,52.76733226837061,1.0242589147286822,1.0242589147286822,2.727157872755116,559.6907142857143,50.61802325581395,62.58522364217252,0.0277909382771737,0.018951119130186,0.2053333333333333,0.0320181800599555,87.8,1.2306814222029967,11.810344827586206,0.8431372549019608,0.0078710718432082,0.2832244008714596,0.0,0.0,0.0,0.1912144702842377,0.0103021021857162,-3.217391304347826,0.0,17.384732114584377,0.0247364619829122,0.0044386422976501,-108.04324397144012,19198000000.0,16125000000.0,15136000000.0,20187000000.0,3953500000.0,0.0,0.0,49.64221077544202,0.0,0.0,1.8129732458354368,0.0,0.0,0.0284651162790697,0.0996901522295567,2000-07-20,0.56,bmo,5500852459.0,2025-04-25,2000-06-30,0.0892857142857141,24.52380952380953,2872022.3174603176
2000-03-31,ALL,USD,899051,2000-05-12,2000-05-12 00:00:00,2000,Q1,7286000000.0,650000000.0,6636000000.0,0.9107878122,0,0.0,0.0,0.0,6498000000.0,6498000000.0,6498000000.0,0.0,47000000.0,10000000.0,845000000.0,0.1159758441,824000000.0,0.1130936042,-36000000.0,788000000.0,0.1081526215,216000000.0,561000000.0,0.0769969805,0.73,0.73,767600000,772100000,https://www.sec.gov/Archives/edgar/data/899051/000091205700023751/0000912057-00-023751-index.htm,https://www.sec.gov/Archives/edgar/data/899051/000091205700023751/0000912057-00-023751-d1.html,9.491922876498176,0.7308494007295466,0.7894736842105263,0.6618030224075039,4.580510682647212,22.642001042209483,22.642001042209483,21.386138613861387,3.2334549244398123,18276556000.0,20421556000.0,8.144632798573975,2.50844853143014,30.159333333333333,35.97747244094488,1.113337962962963,1.113337962962963,2.802848751029372,24.167521893491124,33.69893729372937,40.19991338582677,0.0306950609294223,0.0277951710376944,0.1483308966861598,0.0242999421192343,2.5384615384615383,0.0525173611111111,17.53191489361702,1.0802139037433156,0.006565788434101,0.213903743315508,0.0,0.0,0.0,0.1617161716171617,0.0134504529234147,9.8,0.0,18.75302770946178,-0.00796235329733,0.0055984671576552,-99.46749609171444,-76405000000.0,17380000000.0,-78591000000.0,-75449000000.0,3936000000.0,0.0,0.0,48.7304419434532,0.0,0.0,1.846894803548796,0.0,0.0,0.0341739766081871,0.1276706618030224,2000-04-20,0.65,bmo,6302903225.0,2025-04-25,2000-03-31,-0.0461538461538461,21.79174603174603,3561281.0793650798
1999-12-31,ALL,USD,899051,2000-03-28,2000-03-28 00:00:00,1999,Q4,6999000000.0,0.0,6999000000.0,1.0,0,0.0,0.0,0.0,21325000000.0,21325000000.0,21325000000.0,0.0,271000000.0,12000000.0,853000000.0,0.1218745535,841000000.0,0.1201600229,3066000000.0,3907000000.0,0.5582226032,145000000.0,425000000.0,0.0607229604,0.55,0.55,767600000,772100000,https://www.sec.gov/Archives/edgar/data/899051/000091205700013918/0000912057-00-013918-index.htm,https://www.sec.gov/Archives/edgar/data/899051/000091205700013918/0000912057-00-013918.txt,9.11803022407504,0.5536737884314747,0.901511203751954,0.8507034914017717,3.486190724335592,21.62714955706097,20.00521104742053,21.62714955706097,4.067222511724856,18468456000.0,21065456000.0,10.863797647058822,2.638727818259752,26.68852023121387,28.28247473200613,1.1124905728570569,1.1124905728570569,3.009780825832262,24.695728018757325,30.44141040462428,32.25950382848392,0.0230122106579997,0.0353575848462914,0.1717366423709415,0.0290565537765366,3.044548651817116,0.084256329113924,3.103321033210332,1.628235294117647,0.0063351262282022,0.2752941176470588,0.0,0.0,0.0126886739571336,0.0563583815028901,0.0055722246035147,3.25,0.0,16.414130532416905,-0.141127234696766,0.0043871420608212,-98.87539082855652,-71765000000.0,15356000000.0,-74915000000.0,-69604000000.0,3620500000.0,0.0,0.0,50.49721388769824,0.0,0.0,1.782276546982429,0.0,0.0,0.0256008674176254,0.0508077123501823,2000-02-09,0.65,bmo,6891323076.0,2025-04-25,1999-12-31,0.0153846153846153,26.11703125,3556645.4375
1999-09-30,ALL,USD,899051,1999-11-12,1999-11-12 00:00:00,1999,Q3,6551000000.0,564000000.0,5987000000.0,0.9139062739,0,0.0,0.0,0.0,592000000.0,592000000.0,592000000.0,0.0,28000000.0,-22000000.0,6000000.0,0.0009158907,717000000.0,0.1094489391,0.0,699000000.0,0.106701267,199000000.0,490000000.0,0.0747977408,0.63,0.62,790900000,793900000,https://www.sec.gov/Archives/edgar/data/899051/000095013199006221/0000950131-99-006221-index.htm,https://www.sec.gov/Archives/edgar/data/899051/000095013199006221/0000950131-99-006221-d1.html,8.282968769755975,0.6195473511189784,0.5613857630547477,0.4741433809584018,0.2908079403211531,21.00771273233026,21.00771273233026,21.00771273233026,2.5085345808572512,19725046000.0,21451046000.0,10.063798979591835,3.010997710273241,44.42577927927928,52.60012266666666,1.1871830273848931,1.1871830273848931,3.274468936040299,3575.1743333333334,48.31316666666667,57.202789333333335,0.0248415136775853,0.0190113625083561,0.1177249473367439,0.0216558535019153,287.6666666666667,0.0489834280106702,25.607142857142858,0.9061224489795918,0.0061343329693629,0.246938775510204,0.0,0.0,0.0,0.1554054054054054,0.0105327430926576,-3.136363636363636,0.0,17.11267476079155,-0.0076532595648772,0.0054250348752241,-89.76039954482235,-68807000000.0,16615000000.0,-70163000000.0,-67985000000.0,1657000000.0,0.0,0.0,45.52892688139215,0.0,0.0,1.976765238382619,0.0,0.0,0.0294914234125789,0.0872423820963459,1999-10-20,0.51,bmo,6551000000.0,2025-04-25,1999-09-30,0.0,34.4084375,2945162.640625
1999-06-30,ALL,USD,899051,1999-08-12,1999-08-12 00:00:00,1999,Q2,6602000000.0,0.0,6602000000.0,1.0,0,0.0,0.0,0.0,553000000.0,553000000.0,553000000.0,0.0,28000000.0,-1000000.0,27000000.0,0.0040896698,1141000000.0,0.1728264162,1330000000.0,2471000000.0,0.3742805211,343000000.0,770000000.0,0.1166313238,0.96,0.95,807200000,810500000,https://www.sec.gov/Archives/edgar/data/899051/000095012499004658/0000950124-99-004658-index.htm,https://www.sec.gov/Archives/edgar/data/899051/000095012499004658/0000950124-99-004658-d1.html,8.178889990089198,0.9539147670961348,0.5141228939544104,0.4459861248761149,0.3146679881070366,22.25842418235877,22.25842418235877,21.3292864222002,1.984638255698712,28962336000.000004,30282336000.000004,9.403355844155843,4.38690336261739,69.78876144578314,80.45093333333334,1.6821941104722078,1.6821941104722078,4.5868427749166925,1121.5680000000002,72.96948433734941,84.11760000000001,0.0265862532635489,0.0124299365907501,0.0914212696753209,0.017603507280739,48.888888888888886,0.0036238087085544,40.75,0.538961038961039,0.0042123674001986,0.1584415584415584,0.0,0.0,0.0,0.1325301204819277,0.0083308088458043,-55.0,0.0,21.396079758207968,-0.0142853465688649,0.0086116268145927,-88.19747274529237,-69838000000.0,17967000000.0,-71193000000.0,-69004000000.0,0.0,0.0,0.0,0.0,0.0,0.0,0.0,0.0,0.0,0.0447232386594644,0.0681367690782953,1999-07-21,0.79,bmo,6936278481.0,2025-04-25,1999-06-30,-0.0506329113924051,37.26396825396826,2541974.634920635
1999-03-31,ALL,USD,899051,1999-05-14,1999-05-14 00:00:00,1999,Q1,6807000000.0,0.0,6807000000.0,1.0,0,0.0,0.0,0.0,582000000.0,582000000.0,582000000.0,0.0,30000000.0,-6000000.0,24000000.0,0.0035257823,1526000000.0,0.2241809902,1570000000.0,3096000000.0,0.4548259145,461000000.0,1035000000.0,0.152049361,1.27,1.27,813600000,817000000,https://www.sec.gov/Archives/edgar/data/899051/000089905199000007/0000899051-99-000007-index.htm,https://www.sec.gov/Archives/edgar/data/899051/0000899051-99-000007.txt,8.366519174041297,1.2721238938053097,0.880039331366765,0.8198131760078663,0.2335299901671583,22.32423795476893,22.32423795476893,21.402409046214355,2.101769911504425,30152016000.0,31642016000.0,7.283095652173914,4.429560158660203,42.111754189944136,45.20542128935532,1.7315807729857005,1.7315807729857005,4.648452475392978,1318.417333333333,44.19275977653631,47.43930434782609,0.0343260629736996,0.0221212405830508,0.0964796416470453,0.0187871129351509,62.083333333333336,0.0027178966340995,50.86666666666667,0.6917874396135266,0.0036813458841359,0.1072463768115942,0.0,0.0,0.0,0.0684357541899441,0.0071984721610107,-8.166666666666666,0.0,24.75068905071926,-0.018940323160959,0.0115742035046911,-87.35250737463127,-69717000000.0,18163000000.0,-71070000000.0,-68899000000.0,1541000000.0,0.0,0.0,0.0,0.0,0.0,0.0,0.0,0.0,0.0594383506575547,0.0602261553588987,1999-04-21,0.8,bmo,6721912500.0,2025-04-25,1999-03-31,0.0125,37.74622950819672,2605913.1147540985
1998-12-31,ALL,USD,899051,1999-03-26,1999-03-26 00:00:00,1998,Q4,6357000000.0,0.0,6357000000.0,1.0,0,0.0,0.0,0.0,19559000000.0,19559000000.0,19559000000.0,0.0,30000000.0,-14000000.0,1086000000.0,0.1708352997,1100000000.0,0.1730375964,3645000000.0,4745000000.0,0.7464212679,310000000.0,760000000.0,0.1195532484,0.93,0.93,813600000,817000000,https://www.sec.gov/Archives/edgar/data/899051/000089905199000005/0000899051-99-000005-index.htm,https://www.sec.gov/Archives/edgar/data/899051/0000899051-99-000005.txt,7.813421828908554,0.9341199606686332,0.7731071779744346,0.7104228121927237,3.361602753195674,21.189773844641103,21.189773844641103,21.189773844641103,2.1828908554572277,31323600000.0,32811600000.0,10.303815789473685,4.927418593676262,49.79904610492846,54.19307958477509,1.8169141531322504,1.8169141531322504,5.16149126946673,30.21325966850829,52.16470588235294,56.76747404844291,0.0242628561212632,0.0184525405764343,0.101276102088167,0.0199108232315745,1.3701657458563536,0.0851085620647275,36.66666666666666,0.8276315789473684,0.0035755787968177,0.1473684210526315,0.0,0.0,0.0,0.081081081081081,0.0080226521944313,-3.642857142857143,0.0,21.10356109718218,0.915525270543019,0.00866679590836,-80.38901179941003,-62531000000.0,17240000000.0,-64634000000.0,-61728000000.0,1541000000.0,0.0,0.0,43.63378952336008,0.0,0.0,2.062621674237508,0.0,0.0,0.0440835266821345,0.0626843657817109,1999-02-10,0.78,bmo,6357000000.0,2025-04-25,1998-12-31,0.0,41.51265625,2153400.046875
1998-09-30,ALL,USD,899051,1998-11-13,1998-11-13 00:00:00,1998,Q3,6436000000.0,0.0,6436000000.0,1.0,0,0.0,0.0,0.0,529000000.0,529000000.0,529000000.0,0.0,28000000.0,8000000.0,36000000.0,0.0055935364,1061000000.0,0.1648539466,1189000000.0,2250000000.0,0.3495960224,320000000.0,713000000.0,0.1107830951,0.87,0.86,826500000,830700000,https://www.sec.gov/Archives/edgar/data/899051/000089905198000022/0000899051-98-000022-index.htm,https://www.sec.gov/Archives/edgar/data/899051/0000899051-98-000022.txt,7.7870538415003026,0.8626739261947973,1.2147610405323654,1.1433756805807622,0.3145795523290986,20.989715668481548,20.989715668481548,20.989715668481548,1.927404718693285,34299750000.0,35604750000.0,12.0265603085554,5.329358297078931,34.16309760956175,36.296031746031744,1.9771587502882173,1.9771587502882173,5.532123990055935,989.0208333333334,35.4628984063745,37.67698412698413,0.0207873235227662,0.0275512212188135,0.090212128199216,0.0183261707085729,36.25,0.003897583498231,37.892857142857146,1.4081346423562413,0.0032944846536782,0.1584852734922861,0.0,0.0,0.0,0.0587649402390438,0.0091671845866998,7.375,0.0,20.184494285773727,-0.0139055176125261,0.0083492394346405,-82.01935874168178,-66448000000.0,17348000000.0,-67789000000.0,-65673000000.0,0.0,0.0,0.0,0.0,0.0,0.0,0.0,0.0,0.0,0.0410998385981092,0.0713853599516031,1998-10-21,0.74,bmo,6262054054.0,2025-04-25,1998-09-30,0.027027027027027,43.38875,2289939.09375
1998-06-30,ALL,USD,899051,1998-08-13,1998-08-13 00:00:00,1998,Q2,6627000000.0,0.0,6627000000.0,1.0,0,0.0,0.0,0.0,548000000.0,548000000.0,548000000.0,0.0,28000000.0,-11000000.0,17000000.0,0.0025652633,1291000000.0,0.1948091142,1421000000.0,2712000000.0,0.4092349479,378000000.0,885000000.0,0.1335445903,1.06,1.05,834905660,841900000,https://www.sec.gov/Archives/edgar/data/899051/000089905198000020/0000899051-98-000020-index.htm,https://www.sec.gov/Archives/edgar/data/899051/0000899051-98-000020.txt,7.937423732401095,1.060000000479096,0.4419661018946739,0.4000451979209243,0.3605197741742462,20.622689274857716,20.622689274857716,20.622689274857716,1.9391412438143008,38221981114.8,39511981114.8,10.797169806440678,5.767614473336352,103.58260464715448,114.43706920598804,2.219885068811709,2.219885068811709,5.962272689723857,2324.2341832235297,107.07853960650408,118.29934465508984,0.0231542158252314,0.008738427215398,0.0924032988732721,0.018690600660221,75.88235294117646,0.0045219638242894,46.10714285714285,0.4169491525423728,0.0027209473964113,0.1175141242937853,0.0,0.0,0.0,0.0948509485094851,0.0052814244756299,-3.1818181818181817,0.0,22.177717182515924,-0.0170274744373768,0.0103967200404121,-80.97202263546758,-66263000000.0,17218000000.0,-67604000000.0,-65501000000.0,0.0,0.0,0.0,0.0,0.0,0.0,0.0,0.0,0.0,0.051399697990475,0.0419209039737495,1998-07-22,0.73,bmo,6536219178.0,2025-04-25,1998-06-30,0.0136986301369863,47.14222222222222,2177692.0634920634
1998-03-31,ALL,USD,899051,1998-05-14,1998-05-14 00:00:00,1998,Q1,6459000000.0,0.0,6459000000.0,1.0,0,0.0,0.0,0.0,498000000.0,498000000.0,498000000.0,0.0,26000000.0,-5000000.0,21000000.0,0.0032512773,1376000000.0,0.2130360737,1359000000.0,2735000000.0,0.423440161,414000000.0,936000000.0,0.1449140734,1.1,1.1,845200000,850000000,https://www.sec.gov/Archives/edgar/data/899051/000089905198000017/0000899051-98-000017-index.htm,https://www.sec.gov/Archives/edgar/data/899051/0000899051-98-000017.txt,7.6419782300047325,1.1074301940369145,1.0518220539517271,1.0009465215333648,0.3111689540937056,20.039044013251303,20.039044013251303,20.039044013251303,2.0989115002366305,38853844000.0,40338844000.0,10.377629273504272,6.015458120452083,43.705111361079865,45.92652955082743,2.294021609494007,2.294021609494007,6.245369871497136,1920.897333333333,45.37552755905512,47.68184869976359,0.0240902804880773,0.0217739073642237,0.1032059987010686,0.0206775811488596,70.71428571428571,0.003978699585489,52.92307692307692,0.9497863247863249,0.0029340726235478,0.1217948717948717,0.0,0.0,0.0,0.0483689538807649,0.006657377302988,-8.6,0.0,22.34538999431328,-0.0180108175574702,0.0110722059241033,-79.6687174633223,-65839000000.0,16937000000.0,-67336000000.0,-65085000000.0,1479500000.0,0.0,0.0,0.0,0.0,0.0,0.0,0.0,0.0,0.0552636240184212,0.0508755324183625,1998-04-22,0.71,bmo,4515950617.0,2025-04-25,1998-03-31,0.1408450704225353,45.78262295081968,1965459.0163934424
1997-12-31,ALL,USD,899051,1998-03-27,1998-03-27 00:00:00,1997,Q4,6287000000.0,0.0,6287000000.0,1.0,0,0.0,0.0,0.0,19022000000.0,19022000000.0,19022000000.0,0.0,26000000.0,-9000000.0,1276000000.0,0.2029584858,1285000000.0,0.2043900111,3149000000.0,4434000000.0,0.7052648322,388000000.0,871000000.0,0.1385398441,1.03,1.02,845200000,850000000,https://www.sec.gov/Archives/edgar/data/899051/000089905198000014/0000899051-98-000014-index.htm,https://www.sec.gov/Archives/edgar/data/899051/0000899051-98-000014.txt,7.438476100331283,1.0305253194510176,0.7513014671083768,0.6968764789398959,1.0731187884524374,18.469001419782305,18.469001419782305,18.469001419782305,2.037387600567913,38245300000.0,39721300000.0,10.977411021814008,6.0832352473357725,60.228818897637794,64.93259762308999,2.4500512491992312,2.4500512491992312,6.318005407984731,31.129545454545458,62.55322834645669,67.43853989813243,0.0227740402088622,0.0154005851699424,0.1086483023702754,0.0209594898539262,1.1567398119122256,0.0613057198585496,49.42307692307692,0.7290470723306545,0.0002091760294729,0.0091848450057405,0.0,0.0,0.0,0.0724409448818897,0.007316685223477,-5.111111111111111,0.0,20.69389778972065,-0.0203681777176364,0.0107639832917274,-73.57045669663985,-59195000000.0,15610000000.0,-61442000000.0,-58454000000.0,1479500000.0,0.0,0.0,42.35883569269922,0.0,0.0,2.124704291990537,0.0,0.0,0.0557975656630365,0.0544249881684808,1998-02-11,0.67,bmo,4314800000.0,2025-04-25,1997-12-31,0.1940298507462686,42.7709375,1564634.375
1997-09-30,ALL,USD,899051,1997-11-13,1997-11-13 00:00:00,1997,Q3,6393000000.0,0.0,6393000000.0,1.0,0,0.0,0.0,0.0,501000000.0,501000000.0,501000000.0,0.0,26000000.0,-8000000.0,18000000.0,0.0028155795,1209000000.0,0.1891130924,1352000000.0,2561000000.0,0.4005944001,359000000.0,824000000.0,0.1288909745,0.95,0.95,871400000,871400000,https://www.sec.gov/Archives/edgar/data/899051/000089905197000034/0000899051-97-000034-index.htm,https://www.sec.gov/Archives/edgar/data/899051/0000899051-97-000034.txt,7.336470048198302,0.945604773927014,1.1315125086068396,1.0867569428505852,0.1916456277254992,18.415193940784945,18.415193940784945,18.415193940784945,1.720220335092954,35021566000.0,36327566000.0,10.625475121359225,5.47811137181292,35.518829614604456,36.98159028511088,2.1824369664111667,2.1824369664111667,5.682397309557328,2018.198111111111,36.84337322515213,38.360682154171066,0.0235283596398858,0.0270404812851601,0.0917928584782202,0.0184148018502312,72.55555555555556,0.0026632644924647,46.5,1.1966019417475728,0.0029695987895001,0.1262135922330097,0.0,0.0,0.0,0.0395537525354969,0.006100422336931,-4.875,0.0,19.79403052240641,-0.0168819482044886,0.0103012876609576,-73.18797337617627,-62538000000.0,16047000000.0,-63776000000.0,-61811000000.0,0.0,0.0,0.0,0.0,0.0,0.0,0.0,0.0,0.0,0.0513491618371035,0.0447555657562543,1997-10-21,0.62,bmo,5671209677.0,2025-04-25,1997-09-30,0.1129032258064515,38.02953125,1683128.125
1997-06-30,ALL,USD,899051,1997-08-14,1997-08-14 00:00:00,1997,Q2,6081000000.0,0.0,6081000000.0,1.0,0,0.0,0.0,0.0,515000000.0,515000000.0,515000000.0,0.0,24000000.0,-6000000.0,18000000.0,0.0029600395,927000000.0,0.1524420326,0.0,2010000000.0,0.3305377405,260000000.0,643000000.0,0.1057391876,0.74,0.74,874600000,874600000,https://www.sec.gov/Archives/edgar/data/899051/000089905197000027/0000899051-97-000027-index.htm,https://www.sec.gov/Archives/edgar/data/899051/0000899051-97-000027.txt,6.9528927509718725,0.7351932311914018,1.101074777040933,1.0553395838097417,0.2080951292019209,17.228447290189802,17.228447290189802,17.228447290189802,1.6407500571689917,31922900000.0,33151900000.0,12.411702954898912,5.249613550402894,33.14942886812045,34.58602383531961,2.1185890629147863,2.1185890629147863,5.451718467357343,1841.772222222222,34.42564901349948,35.91755146262189,0.0201422803066137,0.0289134132550614,0.0936421555614547,0.0182994838274583,68.27777777777777,0.0029933225880727,38.625,1.4976671850699843,0.0032891748556678,0.1632970451010886,0.0,0.0,0.0,0.0415368639667705,0.0065778654826508,-6.666666666666667,0.0,16.881657241305465,-0.0136769339994036,0.0083391694550359,-70.72490281271439,-60620000000.0,15068000000.0,-61856000000.0,-59186000000.0,0.0,0.0,0.0,0.0,0.0,0.0,0.0,0.0,0.0,0.0426732147597557,0.0457351932311914,1997-07-22,0.62,bmo,5688677419.0,2025-04-25,1997-06-30,0.0645161290322581,33.96890625,1665621.875
1997-03-31,ALL,USD,899051,1997-05-15,1997-05-15 00:00:00,1997,Q1,6188000000.0,0.0,6188000000.0,1.0,0,0.0,0.0,0.0,477000000.0,477000000.0,477000000.0,0.0,24000000.0,1000000.0,25000000.0,0.0040400776,1108000000.0,0.1790562379,1273000000.0,2381000000.0,0.3847769877,317000000.0,767000000.0,0.1239495798,0.87,0.87,884600000,884600000,https://www.sec.gov/Archives/edgar/data/899051/000089905197000021/0000899051-97-000021-index.htm,https://www.sec.gov/Archives/edgar/data/899051/0000899051-97-000021.txt,6.995252091340719,0.8670585575401312,0.8568844675559575,0.8286231064888085,0.1458286231064888,15.784535383224055,15.784535383224055,15.784535383224055,1.532896224282161,26263774000.0,27466774000.0,8.560552151238593,4.244307369101486,34.6487783641161,35.83052387448841,1.880954952374132,1.880954952374132,4.438715901745313,1098.67096,36.235849604221634,37.471724420191,0.0292037237298797,0.0279091649204718,0.0953949724271288,0.017899617012699,48.12,0.0021783917052247,46.16666666666666,0.9882659713168188,0.0040359774646248,0.1382007822685788,0.0,0.0,0.0,0.0329815303430079,0.0040400775694893,25.0,0.0,17.548151492919043,-0.0164799394379635,0.0103070617483034,-68.19240334614516,-59089000000.0,13963000000.0,-60323000000.0,-58380000000.0,1345500000.0,0.0,0.0,0.0,0.0,0.0,0.0,0.0,0.0,0.0549308887774833,0.0282613610671489,1997-04-22,0.59,bmo,5768474576.0,2025-04-25,1997-03-31,0.0677966101694916,31.946229508196723,1876026.2295081967
1996-12-31,ALL,USD,899051,1997-03-27,1997-03-27 00:00:00,1996,Q4,6036000000.0,0.0,6036000000.0,1.0,0,0.0,0.0,0.0,19819000000.0,19819000000.0,19819000000.0,0.0,19000000.0,0.0,833000000.0,0.1380053015,833000000.0,0.1380053015,1836000000.0,2669000000.0,0.4421802518,219000000.0,595000000.0,0.0985752154,0.67,0.67,871000000,884600000,https://www.sec.gov/Archives/edgar/data/899051/000089905197000017/0000899051-97-000017-index.htm,https://www.sec.gov/Archives/edgar/data/899051/0000899051-97-000017.txt,6.929965556831228,0.6831228473019518,1.0769230769230769,1.026406429391504,1.600459242250287,15.444316877152698,15.444316877152698,15.444316877152698,1.6130884041331803,25206740000.0,26476740000.0,10.591067226890756,4.176066931742876,26.872857142857143,28.19545861297539,1.8738284269997028,1.8738284269997028,4.386471172962227,31.784801920768302,28.22680170575693,29.616040268456377,0.0236047977644074,0.0354667045401349,0.1030330062444246,0.0186020293122886,1.524609843937575,0.0691528981581798,43.8421052631579,1.576470588235294,0.0037291613274862,0.1579831932773109,0.0,0.0,0.0,0.0469083155650319,0.0072895957587806,0.0,0.0,15.407245980202568,-4.089035730099799,0.0079857196542653,-66.18111366245695,-54987000000.0,13452000000.0,-56971000000.0,-54273000000.0,1345500000.0,0.0,0.0,40.12425447316104,0.0,0.0,2.243032329988852,0.0,0.0,0.0442313410645257,0.0505166475315729,1997-02-06,0.55,bmo,5816509090.0,2025-04-25,1996-12-31,0.0363636363636361,28.1028125,1767618.75
1996-09-30,ALL,USD,899051,1996-11-14,1996-11-14 00:00:00,1996,Q3,6022000000.0,0.0,6022000000.0,1.0,0,0.0,0.0,0.0,607000000.0,607000000.0,607000000.0,0.0,19000000.0,0.0,0.0,0.0,322000000.0,0.0534706078,0.0,1408000000.0,0.2338093657,11000000.0,292000000.0,0.0484888741,0.33,0.33,894800000,894800000,https://www.sec.gov/Archives/edgar/data/899051/000089905196000014/0000899051-96-000014-index.htm,https://www.sec.gov/Archives/edgar/data/899051/0000899051-96-000014.txt,6.729995529727313,0.3263299061242736,0.5710773357174788,0.5464908359409923,0.1832811801519892,14.22552525704068,14.22552525704068,14.22552525704068,1.6092981671881983,22038924000.0,23295924000.0,18.86894178082192,3.659734971770176,43.12900978473581,45.06937423312883,1.7313947678529342,1.7313947678529342,3.868469611424776,0.0,45.58889236790607,47.639926380368095,0.0132492856729303,0.0221880160755579,0.1116348495561316,0.0196778973315054,0.0,0.002815208994936,16.94736842105263,1.75,0.0042651810042994,0.3219178082191781,0.0,0.0,0.0,0.0430528375733855,0.0036532713384257,0.0,0.0,10.22006958088925,-0.0055855864715549,0.0040435932588315,-66.29414394278051,-58091000000.0,12729000000.0,-59320000000.0,-57390000000.0,0.0,0.0,0.0,0.0,0.0,0.0,0.0,0.0,0.0,0.0229397438919003,0.0245864997764863,1996-10-17,0.44,amc,,2025-04-25,1996-09-30,-0.3409090909090909,22.85703125,1352025.0
1996-06-30,ALL,USD,899051,1996-08-14,1996-08-14 00:00:00,1996,Q2,6332000000.0,0.0,6332000000.0,1.0,0,0.0,0.0,0.0,623000000.0,623000000.0,623000000.0,0.0,22000000.0,-3000000.0,19000000.0,0.0030006317,1072000000.0,0.1692987997,0.0,2450000000.0,0.3869235629,286000000.0,764000000.0,0.1206569804,0.86,0.86,896400000,896400000,https://www.sec.gov/Archives/edgar/data/899051/000089905196000008/0000899051-96-000008-index.htm,https://www.sec.gov/Archives/edgar/data/899051/0000899051-96-000008.txt,7.063810798750557,0.8522980812137438,0.6302989736724677,0.5990629183400268,0.1695671575189647,13.834225792057117,13.834225792057117,13.834225792057117,1.6499330655957165,20841300000.0,22146300000.0,6.819797120418849,3.291424510423247,36.88725663716814,38.81061452513966,1.6806144665752762,1.6806144665752762,3.4975205306380293,1165.5947368421052,39.19699115044248,41.24078212290503,0.0366579819876879,0.0257661470253774,0.1174905249576647,0.020330989060058,68.6842105263158,0.0026190189017351,48.72727272727273,0.7395287958115183,0.0045582569225528,0.1243455497382199,0.0,0.0,0.0,0.0495575221238938,0.0044219835754895,-9.333333333333334,0.0,16.28787561952384,-0.0166290904138262,0.0106608617995088,-65.94265952699688,-57885000000.0,12401000000.0,-59111000000.0,-57171000000.0,0.0,0.0,0.0,0.0,0.0,0.0,0.0,0.0,0.0,0.0616079348439641,0.0312360553324408,1996-07-23,0.52,amc,,2025-04-25,1996-06-30,0.0384615384615384,20.774603174603172,2283558.73015873
1996-03-31,ALL,USD,899051,1996-05-14,1996-05-14 00:00:00,1996,Q1,5909000000.0,0.0,5909000000.0,1.0,0,0.0,0.0,0.0,581000000.0,581000000.0,581000000.0,0.0,23000000.0,-8000000.0,15000000.0,0.0025385006,550000000.0,0.0930783551,0.0,1607000000.0,0.2719580301,103000000.0,424000000.0,0.0717549501,0.47,0.47,899600000,899600000,https://www.sec.gov/Archives/edgar/data/899051/000089905196000004/0000899051-96-000004-index.htm,https://www.sec.gov/Archives/edgar/data/899051/0000899051-96-000004.txt,6.568474877723433,0.4713205869275233,1.1360604713205869,1.100489106269453,0.0,13.594931080480212,13.594931080480212,13.594931080480212,1.5151178301467318,19170476000.0,20510476000.0,11.303346698113208,3.2442843120663394,18.75780430528376,19.36411717171717,1.567495993458708,1.567495993458708,3.471057031646641,1367.3650666666667,20.06895890410959,20.717652525252525,0.0221173433565238,0.0516419101956571,0.1095666394112837,0.0190343612835409,89.33333333333333,0.0,23.91304347826087,2.410377358490566,0.0049555368369569,0.2240566037735849,0.0,0.0,0.0,0.0313111545988258,0.0054154679302758,-4.0,0.0,12.007095617261118,0.7149277466639009,0.0060228128240457,-64.66096042685638,-112000000.0,12230000000.0,-58169000000.0,608000000.0,0.0,0.0,0.0,0.0,0.0,0.0,0.0,0.0,0.0,0.0346688470973017,0.0355713650511338,1996-04-17,0.39,amc,,2025-04-25,1996-03-31,-0.0256410256410256,21.167142857142856,2297079.365079365
1995-12-31,ALL,USD,899051,1996-08-27,1996-08-27 00:00:00,1995,Q4,5856000000.0,0.0,5856000000.0,1.0,0,0.0,0.0,0.0,2161000000.0,2161000000.0,2161000000.0,0.0,18000000.0,-4000000.0,14000000.0,0.0023907104,524000000.0,0.0894808743,0.0,1484000000.0,0.2534153005,109000000.0,397000000.0,0.0677937158,0.44,0.44,899600000,899600000,https://www.sec.gov/Archives/edgar/data/899051/000095013796001555/0000950137-96-001555-index.htm,https://www.sec.gov/Archives/edgar/data/899051/000095013796001555/,6.509559804357492,0.4413072476656292,0.8236994219653179,0.7936860827034238,0.0,76.4795464650956,76.4795464650956,14.095153401511784,1.3850600266785238,18495776000.0,19723776000.0,11.64721410579345,3.158431693989071,24.960561403508773,25.904448179271707,1.4586574132492112,1.4586574132492112,3.3681311475409834,1408.8411428571428,26.61778137651822,27.62433613445378,0.0214643602950208,0.0386034086918007,0.0968454258675078,0.0175355923974353,87.71428571428571,0.0,29.11111111111111,1.866498740554156,0.004757843088065,0.2216624685138539,0.0,0.0,0.0,0.0364372469635627,0.0046106557377049,-6.75,0.0,11.830325458056295,0.6705968637846049,0.005669079952591,-1.365051133837261,0.0,68801000000.0,-1228000000.0,724000000.0,0.0,0.0,0.0,0.0,0.0,0.0,0.0,0.0,0.0,0.0313091482649842,0.0300133392618941,1996-02-06,0.4,amc,,2025-04-25,1995-12-31,0.0999999999999999,19.259682539682537,2098228.571428572
1995-09-30,ALL,USD,899051,1995-09-30,1995-09-29 20:00:00,1995,Q3,5705000000.0,0.0,5705000000.0,1.0,0,0.0,0.0,0.0,18000000.0,18000000.0,18000000.0,0.0,18000000.0,2000000.0,20000000.0,0.0035056968,613000000.0,0.1074496056,0.0,1586000000.0,0.2780017528,149000000.0,446000000.0,0.0781770377,0.5,0.5,896200000,896200000,,,6.365766569962062,0.4976567730417318,1.1080116045525552,1.1035483151082348,0.0,74.69314885070297,74.69314885070297,12.931265342557465,1.3869671948225843,15853778000.000002,17078778000.000002,8.886646860986547,2.7789269062226123,15.965536757301107,16.03010920121335,1.3680022435067738,1.3680022435067738,2.99365083260298,853.9389000000001,17.199172205438067,17.268734074823055,0.0281320957061465,0.062382606846141,0.1057036845284321,0.017971099537886,61.25,0.0,34.05555555555556,2.226457399103139,0.0054876509561317,0.195067264573991,0.0,0.0,0.0,0.0040281973816717,0.000701139351446,2.0,0.0,12.03307795573433,0.7556604987518336,0.0065429472603242,-1.366882392323142,0.0,66940000000.0,-1225000000.0,735000000.0,0.0,0.0,0.0,0.0,0.0,0.0,0.0,0.0,0.0,0.0384847700405557,0.0044632894443204,1995-10-19,0.41,amc,,2025-04-25,1995-09-30,0.0975609756097561,16.143174603174604,3014152.4444444445
1995-06-30,ALL,USD,899051,1995-06-30,1995-06-29 20:00:00,1995,Q2,5844000000.0,0.0,5844000000.0,1.0,0,0.0,0.0,0.0,21000000.0,21000000.0,21000000.0,0.0,21000000.0,0.0,0.0,0.0,705000000.0,0.1206365503,0.0,1889000000.0,0.3232375086,165000000.0,519000000.0,0.0888090349,0.58,0.58,897800000,897800000,,,6.509244820672755,0.5780797505012252,0.5424370683893963,0.4934283804856315,0.0,72.02383604366229,72.02383604366229,12.143016261973711,1.3867231009133438,13296418000.0,14520418000.0,6.404825626204239,2.27522553045859,27.30270636550308,30.014487584650112,1.21963107686663,1.21963107686663,2.484671115674196,0.0,29.81605338809035,32.77746726862303,0.0390330689062272,0.0333172437870109,0.1122729774353329,0.0185772610681925,0.0,0.0,33.57142857142857,0.9383429672447012,0.0065431155969976,0.1676300578034682,0.0,0.0,0.0,0.0903490759753593,0.0075290896646132,0.0,0.0,12.567486453094624,0.8388784860956489,0.0078771229529345,-1.363332590777456,0.0,64663000000.0,-1224000000.0,767000000.0,0.0,0.0,0.0,0.0,0.0,0.0,0.0,0.0,0.0,0.0476059438635112,0.0490086879037647,1995-07-20,0.39,amc,,2025-04-25,1995-06-30,0.2564102564102563,15.034603174603175,691704.7619047619
1995-03-31,ALL,USD,899051,1995-03-31,1995-03-30 19:00:00,1995,Q1,5603000000.0,0.0,5603000000.0,1.0,0,0.0,0.0,0.0,15000000.0,15000000.0,15000000.0,0.0,15000000.0,0.0,0.0,0.0,708000000.0,0.1263608781,0.0,1691000000.0,0.3018026057,151000000.0,542000000.0,0.0967338926,0.61,0.61,898400000,898400000,,,6.236642920747997,0.6032947462154942,0.5643365983971504,0.5298308103294747,0.0,68.81567230632236,68.81567230632236,10.72239536954586,0.9839715048975958,12918992000.0,13787992000.0,5.958944649446496,2.30572764590398,25.48124654832348,27.14073949579832,1.341118239385446,1.341118239385446,2.4608231304658217,0.0,27.195250493096648,28.96636974789916,0.0419537375671414,0.0368449798560135,0.0902107339354302,0.0138611966248225,0.0,0.0,47.2,0.9354243542435424,0.0068116769481705,0.1623616236162361,0.0,0.0,0.0,0.0611439842209073,0.0055327503123326,0.0,0.0,12.064294751417426,0.84505666805918,0.0086453033033991,-0.9672751558325912,0.0,61824000000.0,-869000000.0,763000000.0,0.0,0.0,0.0,0.0,0.0,0.0,0.0,0.0,0.0,0.0562649226616837,0.0345057880676758,1995-04-20,0.39,amc,,2025-04-25,1995-03-31,0.3076923076923076,13.018095238095238,642641.2698412698
1994-12-31,ALL,USD,899051,1994-12-31,1994-12-30 19:00:00,1994,Q4,5430000000.0,0.0,5430000000.0,1.0,0,0.0,0.0,0.0,816000000.0,816000000.0,816000000.0,0.0,14000000.0,5000000.0,19000000.0,0.0034990792,159000000.0,0.029281768,0.0,1044000000.0,0.1922651934,-18000000.0,163000000.0,0.0300184162,0.18,0.18,898400000,898400000,,,6.044078361531612,0.181433659839715,0.4619323241317898,0.42520035618878,0.0,67.3419412288513,67.3419412288513,9.378895814781837,0.9828584149599288,10672992000.0,11541992000.0,16.36961963190184,1.9655602209944751,25.718053012048195,27.93976963350785,1.2666736292428198,1.2666736292428198,2.1255970534069983,607.4732631578947,27.81202891566265,30.2146387434555,0.0152721935892016,0.0357912757734663,0.1031331592689295,0.0141602437712851,45.73684210526316,0.0,11.357142857142858,2.5460122699386503,0.007589249575002,0.4969325153374233,0.0,0.0,0.0,0.0795180722891566,0.0060773480662983,6.6,0.0,6.187654348858962,0.2052555575004375,0.0026560641366162,-0.9672751558325912,0.0,60500000000.0,-869000000.0,788000000.0,0.0,0.0,0.0,0.0,0.0,0.0,0.0,0.0,0.0,0.0193448848801329,0.0367319679430097,1995-02-07,0.26,amc,,2025-04-25,1994-12-31,0.0769230769230769,11.904126984126984,458692.0634920635
1994-09-30,ALL,USD,899051,1994-09-30,1994-09-29 20:00:00,1994,Q3,5394000000.0,0.0,5394000000.0,1.0,0,0.0,0.0,0.0,823000000.0,823000000.0,823000000.0,0.0,16000000.0,15000000.0,31000000.0,0.0057471264,178000000.0,0.0329996292,0.0,1070000000.0,0.1983685577,-32000000.0,194000000.0,0.035965888,0.22,0.22,899600000,899600000,,,5.995998221431748,0.2156514006224988,1.0226767452200978,0.9826589595375722,0.0,66.79413072476656,66.79413072476656,9.761004891062694,0.9759893285904848,10741224000.0,11603224000.0,13.84178350515464,1.9913281423804228,11.67524347826087,12.15070588235294,1.2232347113085071,1.2232347113085071,2.151135335558028,374.2975483870967,12.6122,13.125819004524889,0.0180612563335426,0.0822997453549055,0.098166495843298,0.0141427399507793,27.806451612903224,0.0,11.125,4.742268041237113,0.0075410400155513,0.4175257731958763,0.0,0.0,0.0,0.0391304347826087,0.0066740823136818,2.4,0.0,6.881999961160743,0.2305954270263915,0.00318293683347,-0.9582036460649176,0.0,60088000000.0,-862000000.0,795000000.0,0.0,0.0,0.0,0.0,0.0,0.0,0.0,0.0,0.0,0.0220931556770299,0.0400177856825255,1994-10-20,0.2,amc,,2025-04-25,1994-09-30,-0.05,12.611875,415821.875
1994-06-30,ALL,USD,899051,1994-06-30,1994-06-29 20:00:00,1994,Q2,5318000000.0,0.0,5318000000.0,1.0,0,0.0,0.0,0.0,826000000.0,826000000.0,826000000.0,0.0,14000000.0,16000000.0,30000000.0,0.0056412185,497000000.0,0.0934561865,0.0,1375000000.0,0.2585558481,81000000.0,402000000.0,0.0755923279,0.45,0.45,900000000,900000000,,,5.908888888888889,0.4466666666666666,0.3144444444444444,0.2755555555555555,0.0,65.47444444444444,65.47444444444444,9.8,0.9677777777777776,10692000000.0,11549000000.0,6.6492537313432845,2.0105302745393003,37.78091872791519,43.11290322580645,1.2122448979591838,1.2122448979591838,2.1716810831139526,384.9666666666666,40.80918727915194,46.568548387096776,0.0375982042648709,0.0231949120838009,0.0971655328798185,0.0143349391141442,28.566666666666663,0.0,35.5,0.7039800995024875,0.0075757575757575,0.2014925373134328,0.0,0.0,0.0,0.1236749116607773,0.0065814215870628,2.1875,0.0,9.924212815130478,0.5803004737198285,0.0067242071457246,-0.9522222222222222,0.0,58927000000.0,-857000000.0,806000000.0,0.0,0.0,0.0,0.0,0.0,0.0,0.0,0.0,0.0,0.045578231292517,0.0388888888888888,1994-07-20,0.38,amc,,2025-04-25,1994-06-30,0.131578947368421,12.236935483870967,530164.5161290322
1994-03-31,ALL,USD,899051,1994-03-31,1994-03-30 19:00:00,1994,Q1,5322000000.0,0.0,5322000000.0,1.0,0,0.0,0.0,0.0,792000000.0,792000000.0,792000000.0,0.0,15000000.0,16000000.0,31000000.0,0.0058248779,-547000000.0,-0.1027809094,0.0,401000000.0,0.0753476137,-287000000.0,-275000000.0,-0.0516723036,-0.31,-0.31,900000000,900000000,,,5.913333333333333,-0.3055555555555556,0.5022222222222222,0.4711111111111111,0.0,65.07666666666667,65.07666666666667,9.85,0.9611111111111112,10800000000.0,11650000000.0,-9.818181818181817,2.0293122886133035,23.89380530973451,25.471698113207548,1.218274111675127,1.218274111675127,2.1890266816986097,375.8064516129032,25.77433628318584,27.47641509433962,-0.0254629629629629,0.0392592592592592,0.095882684715172,0.0143051885760447,27.41935483870968,0.0,-36.46666666666667,-1.6436363636363636,0.0075,-0.2945454545454545,0.0,0.0,0.0,0.0619469026548672,0.0052611800075159,1.75,0.0,,-1.1586342785012778,-0.0046281492451909,-0.9444444444444444,0.0,58569000000.0,-850000000.0,810000000.0,0.0,0.0,0.0,0.0,0.0,0.0,0.0,0.0,0.0,-0.0310208685843203,0.0311111111111111,1994-04-21,-0.24,amc,,2025-04-25,1994-03-31,0.25,13.292380952380954,1266660.3174603174
1993-12-31,ALL,USD,899051,1993-12-31,1993-12-30 19:00:00,1993,Q4,5283000000.0,0.0,5283000000.0,1.0,0,0.0,0.0,0.0,848000000.0,848000000.0,848000000.0,0.0,18000000.0,-13000000.0,5000000.0,0.000946432,273000000.0,0.0516751846,0.0,1129000000.0,0.2137043347,-4000000.0,259000000.0,0.0490251751,0.29,0.29,900000000,900000000,,,5.87,0.2877777777777778,0.7622222222222222,0.7211111111111111,0.0,65.00888888888889,65.00888888888889,11.444444444444445,0.9644444444444444,13275000000.0,14125000000.0,12.813706563706562,2.512776831345826,19.35131195335277,20.454545454545453,1.2888349514563109,1.2888349514563109,2.6736702631080824,2825.0,20.59037900874636,21.764252696456087,0.0195103578154425,0.0488888888888888,0.0825242718446602,0.014319889484147,170.0,0.0,15.166666666666666,2.6486486486486487,0.0061016949152542,0.3127413127413127,0.0,0.0,0.0,0.053935860058309,0.0070035964414158,-2.8461538461538463,0.0,8.608297031223875,0.3332934642762473,0.0043633545604636,-0.9444444444444444,0.0,58508000000.0,-850000000.0,822000000.0,0.0,0.0,0.0,0.0,0.0,0.0,0.0,0.0,0.0,0.0251456310679611,0.0411111111111111,1994-02-08,0.28,amc,,2025-04-25,1993-12-31,0.0,15.2853125,591681.25
1993-09-30,ALL,USD,899051,1993-09-30,1993-09-29 20:00:00,1993,Q3,5315000000.0,0.0,5315000000.0,1.0,0,0.0,0.0,0.0,889000000.0,889000000.0,889000000.0,0.0,24000000.0,-2000000.0,22000000.0,0.0041392286,336000000.0,0.0632173095,0.0,1230000000.0,0.231420508,-14000000.0,326000000.0,0.061335842,0.36,0.36,900000000,900000000,,,5.905555555555556,0.3622222222222222,1.1133333333333333,1.106666666666667,0.0,9.576666666666666,9.576666666666666,9.576666666666666,1.3266666666666669,14292000000.0,15462000000.0,10.960122699386504,2.6889934148635937,14.263473053892216,14.349397590361448,1.6581970066132965,1.6581970066132965,2.9091251175917217,702.8181818181819,15.4311377245509,15.524096385542167,0.0228099636160089,0.0696893366918555,0.1357466063348416,0.0205047318611987,53.18181818181818,0.0,14.0,3.0736196319018405,0.0056675062972292,0.2484662576687116,0.0,0.0,0.0,0.0059880239520958,0.0011288805268109,-3.0,0.0,8.834581672797718,0.4124082405872602,0.0057132842621801,-53.82333333333333,-320000000.0,8619000000.0,-48441000000.0,504000000.0,0.0,0.0,0.0,0.0,0.0,0.0,0.0,0.0,0.0,0.0378234133890242,0.0066666666666666,1993-10-22,0.28,amc,,2025-04-25,1993-09-30,0.2142857142857142,15.46828125,1081006.25
1993-06-30,ALL,USD,899051,1993-06-30,1993-06-29 20:00:00,1993,Q2,5229000000.0,0.0,5229000000.0,1.0,0,0.0,0.0,0.0,850000000.0,850000000.0,850000000.0,0.0,32000000.0,22000000.0,54000000.0,0.0103270224,498000000.0,0.0952380952,0.0,1388000000.0,0.2654427233,69000000.0,397000000.0,0.0759227386,0.47,0.47,900000000,900000000,,,5.81,0.4411111111111111,0.6144444444444445,0.59,0.0,9.214444444444444,9.214444444444444,9.214444444444444,1.448888888888889,13050000000.0,14322000000.0,8.217884130982368,2.495697074010327,23.598553345388787,24.57627118644068,1.5736163029060657,1.5736163029060657,2.738955823293173,265.22222222222223,25.89873417721519,26.971751412429377,0.0304214559386973,0.0406896551724137,0.1533823706740624,0.022878520810101,23.55555555555556,0.0,15.5625,1.3929471032745593,0.0,0.0,0.0,0.0,0.0,0.0397830018083182,0.0042073054121246,1.0,0.0,9.563125070347615,0.5439580641955679,0.0071405446239073,-52.56111111111111,-422000000.0,8293000000.0,-47305000000.0,448000000.0,0.0,0.0,0.0,0.0,0.0,0.0,0.0,0.0,0.0,0.0478716990232726,0.0244444444444444,1993-06-29,,amc,,2025-04-25,1993-06-30,,14.0885,6197490.4
1993-03-31,ALL,USD,899051,1993-03-31,1993-03-30 19:00:00,1993,Q1,5118000000.0,0.0,5118000000.0,1.0,0,0.0,0.0,0.0,775000000.0,775000000.0,775000000.0,0.0,9000000.0,19000000.0,28000000.0,0.0054708871,353000000.0,0.0689722548,0.0,1256000000.0,0.2454083626,24000000.0,320000000.0,0.0625244236,0.38,0.38,721000000,721000000,,,7.098474341192788,0.4438280166435506,0.5325936199722607,0.5006934812760055,0.0,70.8502080443828,70.8502080443828,8.045769764216367,3.424410540915395,10591490000.0,13051490000.0,8.2746015625,2.069458772958187,27.58200520833333,29.339307479224377,1.8258041716945352,1.8258041716945352,2.550115279406018,466.1246428571429,33.988255208333335,36.15371191135734,0.0302129351016712,0.0340839674115728,0.4240648164109636,0.0459443811515977,87.85714285714286,0.0,39.22222222222222,1.2,0.0,0.0,0.0,0.0,0.0,0.0598958333333333,0.0044939429464634,1.2105263157894737,0.0,8.963598932823409,0.3899265507545763,0.0059765048652484,-3.4119278779472952,-2460000000.0,51083000000.0,-2460000000.0,-1572000000.0,0.0,0.0,0.0,0.0,0.0,0.0,0.0,0.0,0.0,0.0551629029477676,0.0319001386962552,1993-09-03,0.36,amc,,2025-04-25,1993-03-31,0.3055555555555555,,
1992-12-31,ALL,USD,899051,1992-12-31,1992-12-30 19:00:00,1992,Q4,5140700000.0,0.0,5140700000.0,1.0,0,0.0,0.0,0.0,-5280500000.0,-5280500000.0,-5280500000.0,0.0,0.0,0.0,-139800000.0,-0.02719474,-139800000.0,-0.02719474,0.0,0.0,0.0,139800000.0,-139800000.0,-0.02719474,-0.19,-0.19,721000000,721000000,,,7.12995839112344,-0.1938973647711512,,,0.0,72.25797503467406,72.25797503467406,9.9625520110957,0.0,10591490000.0,10591490000.0,-18.940432761087266,2.060320578909487,0.0,0.0,1.4745217875539467,1.4745217875539467,2.060320578909487,-75.76173104434908,0.0,0.0,-0.0131992760225426,,0.0,0.0,0.0,0.0,0.0,0.0,,,0.0,0.0,0.0,0.0,,0.0,,,,-0.0026834043533341,0.0,0.0,52098000000.0,0.0,904000000.0,,,,0.0,0.0,0.0,0.0,0.0,0.0,-0.0194626200751775,,1992-12-30,,amc,,2025-04-25,1992-12-31,,,
1992-09-30,ALL,USD,899051,1992-09-30,1992-09-29 20:00:00,1992,Q3,5065700000.0,0.0,5065700000.0,1.0,0,0.0,0.0,0.0,-5911500000.0,-5911500000.0,-5911500000.0,0.0,0.0,0.0,-845800000.0,-0.1669660659,-845800000.0,-0.1669660659,0.0,0.0,0.0,845800000.0,-845800000.0,-0.1669660659,-0.97,-0.97,871958763,871958763,,,5.809563725893767,-0.9699999998738472,,,,,,,,12809074228.47,,-3.786082474719201,2.528589183818623,0.0,0.0,0.0,0.0,,,0.0,0.0,-0.0660313138103367,,0.0,0.0,,0.0,0.0,0.0,,,0.0,0.0,0.0,0.0,,0.0,,,0.0,0.0,,,,,,,,,,0.0,0.0,0.0,0.0,0.0,0.0,,1992-09-29,,amc,,2025-04-25,1992-09-30,,,
1992-06-30,ALL,USD,899051,1992-06-30,1992-06-29 20:00:00,1992,Q2,5020900000.0,0.0,5020900000.0,1.0,0,0.0,0.0,0.0,-4791300000.0,-4791300000.0,-4791300000.0,0.0,0.0,0.0,229600000.0,0.0457288534,229600000.0,0.0457288534,0.0,0.0,0.0,-229600000.0,229600000.0,0.0457288534,0.27,0.27,850370370,850370370,,,5.904368469470544,0.2700000001175958,,,,,,,,12491940735.3,,13.6018518459277,2.487988355733036,0.0,0.0,0.0,0.0,,,0.0,0.0,0.0183798502462624,,0.0,0.0,,0.0,0.0,0.0,,,0.0,0.0,0.0,0.0,,0.0,,,0.0,0.0,,,,,,,,,,0.0,0.0,0.0,0.0,0.0,0.0,,1992-06-29,,amc,,2025-04-25,1992-06-30,,,
1992-03-31,ALL,USD,899051,1992-03-31,1992-03-30 19:00:00,1992,Q1,5000700000.0,0.0,5000700000.0,1.0,0,0.0,0.0,0.0,-5070800000.0,-5070800000.0,-5070800000.0,0.0,0.0,0.0,-70100000.0,-0.0140180375,-70100000.0,-0.0140180375,0.0,0.0,0.0,70100000.0,-70100000.0,-0.0140180375,-0.08,-0.08,876250000,876250000,,,5.706932952924394,-0.08,,,,,,,,12872112500.0,,-45.90625,2.5740621313016177,0.0,0.0,0.0,0.0,,,0.0,0.0,-0.0054458815520762,,0.0,0.0,,0.0,0.0,0.0,,,0.0,0.0,0.0,0.0,,0.0,,,0.0,0.0,,,,,,,,,,0.0,0.0,0.0,0.0,0.0,0.0,,1992-03-30,,amc,,2025-04-25,1992-03-31,,,
