date,symbol,reportedCurrency,cik,fillingDate,acceptedDate,calendarYear,period,revenue,costOfRevenue,grossProfit,grossProfitRatio,researchAndDevelopmentExpenses,generalAndAdministrativeExpenses,sellingAndMarketingExpenses,sellingGeneralAndAdministrativeExpenses,otherExpenses,operatingExpenses,costAndExpenses,interestIncome,interestExpense,depreciationAndAmortization,ebitda,ebitdaratio,operatingIncome,operatingIncomeRatio,totalOtherIncomeExpensesNet,incomeBeforeTax,incomeBeforeTaxRatio,incomeTaxExpense,netIncome,netIncomeRatio,eps,epsdiluted,weightedAverageShsOut,weightedAverageShsOutDil,link,finalLink,revenuePerShare,netIncomePerShare,operatingCashFlowPerShare,freeCashFlowPerShare,cashPerShare,bookValuePerShare,tangibleBookValuePerShare,shareholdersEquityPerShare,interestDebtPerShare,marketCap,enterpriseValue,peRatio,priceToSalesRatio,pocfratio,pfcfRatio,pbRatio,ptbRatio,evToSales,enterpriseValueOverEBITDA,evToOperatingCashFlow,evToFreeCashFlow,earningsYield,freeCashFlowYield,debtToEquity,debtToAssets,netDebtToEBITDA,currentRatio,interestCoverage,incomeQuality,dividendYield,payoutRatio,salesGeneralAndAdministrativeToRevenue,researchAndDdevelopementToRevenue,intangiblesToTotalAssets,capexToOperatingCashFlow,capexToRevenue,capexToDepreciation,stockBasedCompensationToRevenue,grahamNumber,roic,returnOnTangibleAssets,grahamNetNet,workingCapital,tangibleAssetValue,netCurrentAssetValue,investedCapital,averageReceivables,averagePayables,averageInventory,daysSalesOutstanding,daysPayablesOutstanding,daysOfInventoryOnHand,receivablesTurnover,payablesTurnover,inventoryTurnover,roe,capexPerShare,report_date,epsEstimated,time,revenueEstimated,updatedFromDate,fiscalDateEnding,surprise(%),QuarterAvgPrice,QuarterAvgVolume
2025-03-31,ALLE,USD,1579241,2025-04-24,2025-04-24 06:02:40,2025,Q1,941900000.0,519400000.0,422500000.0,0.4485614184,0,0.0,0.0,226100000.0,0.0,226100000.0,745500000.0,4000000.0,24700000.0,30000000.0,229900000.0,0.2440811126,196400000.0,0.2085147043,-21200000.0,175200000.0,0.1860070071,27000000.0,148200000.0,0.1573415437,1.72,1.71,86300000,86700000,https://www.sec.gov/Archives/edgar/data/1579241/000157924125000021/0001579241-25-000021-index.htm,https://www.sec.gov/Archives/edgar/data/1579241/000157924125000021/alle-20250331.htm,10.914252607184242,1.7172653534183082,1.2108922363847046,0.966396292004635,5.730011587485516,18.619930475086907,-5.447276940903824,18.619930475086907,23.426419466975663,11258698000.0,12761198000.0,18.99240553306343,11.953177619704851,107.73873684210528,134.9963788968825,7.006470844483166,7.006470844483166,13.548357575114132,55.507603305785125,122.11672727272727,153.01196642685852,0.0131631561660149,0.0074076061015225,1.2427655734644347,0.437545189632129,6.535450195737277,2.1738548483045808,7.951417004048583,0.7051282051282052,0.003872561463146,0.2941970310391363,0.0,0.0,0.4550732893670165,0.2019138755980861,0.022401528824716,0.7033333333333334,0.0,26.82248373059997,0.0424165437006481,0.0595874713521772,-21.90614136732329,789300000.0,-470100000.0,-1495500000.0,3263100000.0,457950000.0,253650000.0,433300000.0,44.6416817071876,43.19792067770504,76.86561417019638,2.016053082191781,2.083433614119534,1.1708746618575292,0.0922272698985624,0.2444959443800695,2025-04-24,1.68,bmo,920819360.0,2025-05-11,2025-03-31,0.1071428571428572,129.4298333333333,967531.0666666668
2024-12-31,ALLE,USD,1579241,2025-02-18,2025-02-18 06:07:36,2024,Q4,945600000.0,528900000.0,416700000.0,0.4406725888,0,0.0,0.0,232100000.0,0.0,232100000.0,761000000.0,3600000.0,25200000.0,29700000.0,217200000.0,0.2296954315,184600000.0,0.1952199662,-22300000.0,162300000.0,0.1716370558,18200000.0,144100000.0,0.1523900169,1.66,1.65,86700000,87200000,https://www.sec.gov/Archives/edgar/data/1579241/000157924125000008/0001579241-25-000008-index.htm,https://www.sec.gov/Archives/edgar/data/1579241/000157924125000008/alle-20241231.htm,10.906574394463668,1.6620530565167244,2.5259515570934257,2.2479815455594,5.810841983852365,17.309111880046135,-6.432525951557094,17.309111880046135,23.352941176470587,11329956000.0,12825656000.0,19.65641221374046,11.981763959390864,51.73495890410959,58.13214982042073,7.549780768974479,7.549780768974479,13.563510998307953,59.04998158379374,58.56463926940639,65.80634171369934,0.0127184959941592,0.0172021850746816,1.332378223495702,0.4455412451535273,6.886279926335175,2.0408953938872147,7.325396825396825,1.5197779319916724,0.0036540300774336,0.2873004857737682,0.0,0.0,0.4586657159409956,0.1100456621004566,0.0254864636209813,0.8114478114478114,0.0,25.441990918184132,0.0429866036096203,0.0593150572157734,-22.321510957324104,725400000.0,-557700000.0,-1564800000.0,3169100000.0,453750000.0,262350000.0,436450000.0,42.70621827411168,43.90243902439024,71.97958026091888,2.1074214397147317,2.05,1.250354609929078,0.096021856466982,0.2779700115340254,2025-02-18,1.75,bmo,921161020.0,2025-05-11,2024-12-31,0.0628571428571429,141.465,832925.375
2024-09-30,ALLE,USD,1579241,2024-10-24,2024-10-24 06:01:33,2024,Q3,967100000.0,535000000.0,432100000.0,0.4467997105,0,0.0,0.0,217100000.0,0.0,217100000.0,752100000.0,8300000.0,28800000.0,29800000.0,253200000.0,0.2618136697,215000000.0,0.222314135,-20400000.0,194600000.0,0.2012201427,20400000.0,174200000.0,0.1801261503,2.0,1.99,87100000,87600000,https://www.sec.gov/Archives/edgar/data/1579241/000157924124000049/0001579241-24-000049-index.htm,https://www.sec.gov/Archives/edgar/data/1579241/000157924124000049/alle-20240930.htm,11.103329506314582,2.0,2.662456946039036,2.43398392652124,10.090700344431689,18.03673938002296,-6.195177956371986,18.03673938002296,27.90929965556831,12693954000.0,14217154000.0,18.2175,13.125792575741908,54.738913324708925,59.87714150943396,8.080174411203057,8.080174411203057,14.700810671078482,56.149897314375984,61.30726175075464,67.06204716981132,0.0137230684781117,0.016700864049137,1.5290260980267345,0.482960371554376,6.015797788309636,1.7062757672927165,7.465277777777778,1.331228473019518,0.0032929062134619,0.2399540757749713,0.0,0.0,0.4243520920039407,0.0897057093574816,0.0215104477303277,0.6980789932885906,0.0,28.48952916601173,0.0447470320159739,0.0608431420488281,-22.442594718714123,770900000.0,-539600000.0,-1540300000.0,3266300000.0,466450000.0,260150000.0,447250000.0,42.69672215903216,44.86542056074767,75.68411214953271,2.107890148212729,2.0059992500937383,1.1891531451433652,0.1108847867600254,0.238837588978186,2024-10-24,1.98,bmo,939037450.0,2025-04-25,2024-09-30,0.090909090909091,132.36203125,671164.609375
2024-06-30,ALLE,USD,1579241,2024-07-24,2024-07-24 06:01:42,2024,Q2,965600000.0,537300000.0,428300000.0,0.4435584093,0,0.0,0.0,219300000.0,0.0,219300000.0,756600000.0,5000000.0,25100000.0,30700000.0,244800000.0,0.2535211268,209000000.0,0.2164457332,-20000000.0,189000000.0,0.1957332229,33600000.0,155400000.0,0.1609362055,1.78,1.77,87300000,87700000,https://www.sec.gov/Archives/edgar/data/1579241/000157924124000045/0001579241-24-000045-index.htm,https://www.sec.gov/Archives/edgar/data/1579241/000157924124000045/alle-20240630.htm,11.060710194730811,1.7800687285223369,1.971412222222222,1.734210080183276,8.562428407789232,16.326460481099655,-7.706758304696449,16.326460481099655,29.577319587628867,10104102000.0,11913602000.0,16.25499034749035,10.464065865782931,58.70918253186802,66.73931914163957,7.089105451483898,7.089105451483898,12.33803024026512,48.66667483660131,69.22315653880254,78.69137564174189,0.0153798922457433,0.0149836709882778,1.7940082789588156,0.5350379778619405,7.391748366013072,1.6590601431057823,8.326693227091633,1.1074921943371945,0.0040938875122202,0.2661844079794079,0.0,0.0,0.4390157142558222,0.1203209249517416,0.0214454712096106,0.6745194462540717,0.0067315658657829,25.571468267815163,0.041296848131415,0.0579634464751958,-23.235108820160367,681600000.0,-672800000.0,-1638000000.0,3299200000.0,461050000.0,250550000.0,446450000.0,44.189105219552616,42.47906197654942,74.47236180904522,2.036701117907614,2.118690851735016,1.208502024291498,0.1090296779625342,0.2372021420389461,2024-07-24,1.84,bmo,953629924.0,2025-04-25,2024-06-30,0.0652173913043477,123.21730158730158,630651.126984127
2024-03-31,ALLE,USD,1579241,2024-04-25,2024-04-25 06:01:36,2024,Q1,893900000.0,502500000.0,391400000.0,0.4378565835,0,0.0,0.0,219300000.0,0.0,219300000.0,721800000.0,3600000.0,22900000.0,28800000.0,204600000.0,0.2288846627,172100000.0,0.1925271283,-19200000.0,152900000.0,0.1710482157,29100000.0,123800000.0,0.1384942387,1.41,1.41,87600000,88100000,https://www.sec.gov/Archives/edgar/data/1579241/000157924124000031/0001579241-24-000031-index.htm,https://www.sec.gov/Archives/edgar/data/1579241/000157924124000031/alle-20240331.htm,10.20433789954338,1.41324200913242,0.5833333333333334,0.2728310502283105,4.472602739726027,15.42123287671233,-7.434931506849315,15.42123287671233,24.972602739726028,11591232000.0,13364132000.0,23.407172859450725,12.967034343886342,226.8342857142857,484.98878661087866,8.580377526093715,8.580377526093715,14.95036581273073,65.31833822091886,261.5290019569472,559.1687029288703,0.0106804867679294,0.0020619033421123,1.6024132060108076,0.5049569619072056,8.665200391006843,1.3051492100643651,7.51528384279476,0.412762520193861,0.0036320556779469,0.3400646203554119,0.0,0.0,0.4670507826168093,0.5322896281800391,0.0304284595592348,0.9444444444444444,0.010739456315024,22.1441531338328,0.0375696540735499,0.0541865452794677,-22.648972602739725,312900000.0,-651300000.0,-1597700000.0,2825300000.0,434850000.0,253350000.0,443400000.0,45.105716523101016,44.32835820895523,80.29253731343285,1.9953125,2.0303030303030303,1.1209011822440331,0.0916426086312828,0.3105022831050228,2024-04-25,1.45,bmo,888267066.0,2025-04-25,2024-03-31,0.0689655172413793,128.04131147540986,778308.8196721311
2023-12-31,ALLE,USD,1579241,2024-02-20,2024-02-20 06:04:38,2023,Q4,897400000.0,512100000.0,385300000.0,0.4293514598,0,0.0,0.0,218100000.0,7500000.0,225600000.0,737700000.0,3400000.0,22900000.0,27900000.0,187700000.0,0.209159795,159700000.0,0.1779585469,-22800000.0,136900000.0,0.1525518164,18300000.0,118600000.0,0.1321595721,1.35,1.34,87800000,88200000,https://www.sec.gov/Archives/edgar/data/1579241/000157924124000006/0001579241-24-000006-index.htm,https://www.sec.gov/Archives/edgar/data/1579241/000157924124000006/alle-20231231.htm,10.220956719817767,1.3507972665148065,2.5,2.2323462414578588,5.331435079726652,15.014806378132118,-7.945330296127563,15.014806378132118,23.21070615034169,11123382000.0,12670282000.0,23.447263912310284,12.395121462001336,50.676,56.75194897959184,8.437671243267845,8.437671243267845,14.118878983730776,67.50283431006926,57.72338041002278,64.64429591836735,0.0106622248521178,0.0176205402277832,1.528483653189714,0.4673547489272875,8.241342567927544,1.2604427155691396,6.973799126637554,1.8507588532883643,0.0034038328450825,0.3192422681281618,0.0,0.0,0.4675634929838803,0.1070615034168565,0.0261867617561845,0.8422939068100358,0.009583240472476,21.362211654898324,0.0376151349619584,0.0516640529709008,-22.66030751708428,281200000.0,-697600000.0,-1632300000.0,2655200000.0,430700000.0,252450000.0,453600000.0,42.29217740138176,45.55360281195079,77.06502636203867,2.1280531183305667,1.9756944444444444,1.1678449258836945,0.0899643480239702,0.2676537585421412,2024-02-20,1.59,bmo,902100000.0,2025-04-25,2023-12-31,0.0566037735849055,106.8004761904762,802766.7142857143
2023-09-30,ALLE,USD,1579241,2023-10-31,2023-10-31 06:03:02,2023,Q3,917900000.0,514600000.0,403300000.0,0.4393724807,0,0.0,0.0,210200000.0,0.0,210200000.0,724800000.0,1500000.0,22900000.0,28200000.0,221200000.0,0.2409848567,193100000.0,0.2103715002,-23000000.0,170100000.0,0.1853143044,13700000.0,156300000.0,0.1702799869,1.78,1.77,87900000,88200000,https://www.sec.gov/Archives/edgar/data/1579241/000157924123000050/0001579241-23-000050-index.htm,https://www.sec.gov/Archives/edgar/data/1579241/000157924123000050/alle-20230930.htm,10.44254835039818,1.7781569965870307,1.7178612059158134,1.4823663253697383,4.14448236632537,14.00910125142207,-8.839590443686006,14.017064846416382,23.215017064846418,9159180000.0,10812580000.0,14.65,9.978407233903477,60.65682119205298,70.29301611665387,7.433795958120283,7.433795958120283,11.779692776990958,48.88146473779385,71.60649006622516,82.98219493476593,0.0170648464163822,0.0142261643509571,1.6376105835565296,0.4823456288398556,7.474683544303797,2.0315481686672823,8.43231441048035,0.9654731457800512,0.0043816908282182,0.2567670825335892,0.0,0.0,0.4801223972651861,0.1370860927152317,0.022551476195664,0.7340425531914894,0.0057740494607255,23.681262495611623,0.0500712259958462,0.071871982342392,-23.0179180887372,670300000.0,-777000000.0,-1631600000.0,3013600000.0,431450000.0,255450000.0,475900000.0,43.11253949231943,42.97123979790128,81.97240575204042,2.087559699795315,2.0944240944240944,1.097930445914231,0.1268565863160457,0.2354948805460751,2023-10-31,1.73,bmo,910410000.0,2025-04-25,2023-09-30,0.1213872832369942,112.58873015873016,767367.4761904762
2023-06-30,ALLE,USD,1579241,2023-07-26,2023-07-26 06:08:17,2023,Q2,912500000.0,510600000.0,401900000.0,0.4404383562,0,0.0,0.0,217300000.0,0.0,217300000.0,727900000.0,1200000.0,23700000.0,27200000.0,213400000.0,0.2338630137,184600000.0,0.2023013699,-22100000.0,162500000.0,0.1780821918,20500000.0,142000000.0,0.1556164384,1.62,1.61,87900000,88300000,https://www.sec.gov/Archives/edgar/data/1579241/000157924123000039/0001579241-23-000039-index.htm,https://www.sec.gov/Archives/edgar/data/1579241/000157924123000039/alle-20230630.htm,10.381114903299204,1.61547212741752,1.832764505119454,1.6313993174061434,3.6700796359499432,12.974971558589306,-10.263936291240045,12.974971558589306,23.697383390216157,10549758000.0,12286458000.0,18.573517605633803,11.561378630136986,65.48577281191807,73.56874476987447,9.250116615519508,9.250116615519508,13.464611506849314,57.57477975632615,76.26603351955308,85.67962343096234,0.0134600243910808,0.0135927288569083,1.8056115738711087,0.4945722657188145,8.138238050609184,1.9297820823244551,7.789029535864979,1.134507042253521,0.0038360163332656,0.2849932676056338,0.0,0.0,0.4905855228397137,0.1098696461824953,0.0193972602739726,0.6507352941176471,0.0061369863013698,21.716718453902327,0.0458846285129138,0.0669463957380604,-24.36575654152446,614400000.0,-902200000.0,-1748100000.0,2986200000.0,434100000.0,271500000.0,477900000.0,41.74027397260274,46.74500587544066,85.15276145710929,2.1561909262759924,1.9253393665158367,1.056924032291451,0.1245067952652345,0.2013651877133105,2023-07-26,1.71,bmo,938220000.0,2025-04-25,2023-06-30,0.0292397660818713,109.15451612903226,811144.5322580645
2023-03-31,ALLE,USD,1579241,2023-04-26,2023-04-26 06:10:06,2023,Q1,923000000.0,532000000.0,391000000.0,0.4236186349,0,0.0,0.0,220000000.0,0.0,220000000.0,752000000.0,700000.0,23600000.0,28300000.0,199600000.0,0.2162513543,171000000.0,0.1852654388,-23300000.0,147700000.0,0.1600216685,24100000.0,123500000.0,0.1338028169,1.4,1.4,88000000,88400000,https://www.sec.gov/Archives/edgar/data/1579241/000157924123000023/0001579241-23-000023-index.htm,https://www.sec.gov/Archives/edgar/data/1579241/000157924123000023/alle-20230331.htm,10.488636363636363,1.4034090909090908,0.7840909090909091,0.5306818181818181,3.327272727272727,11.870454545454546,-11.494318181818182,11.8375,24.380681818181817,9392240000.0,11221340000.0,19.01263157894737,10.175774647887325,136.11942028985507,201.1186295503212,9.016261879619853,9.016261879619853,12.157464788732394,56.2191382765531,162.62811594202898,240.28565310492505,0.0131491529177278,0.0049721898077561,2.0369588173178457,0.5144748327029386,9.16382765531062,1.874943904263276,7.245762711864407,0.558252427184466,0.0041949524288135,0.3190283400809716,0.0,0.0,0.4985209969935021,0.3231884057971014,0.0241603466955579,0.7879858657243817,0.0095341278439869,19.333629769311766,0.0412565004959521,0.059710873664362,-25.192045454545458,584900000.0,-1011500000.0,-1826400000.0,2960600000.0,424450000.0,279250000.0,475850000.0,43.3911159263272,46.99624060150376,79.96804511278195,2.0741573033707863,1.9150467962563,1.125449545166067,0.1185562062014015,0.2534090909090909,2023-04-26,1.36,bmo,844800000.0,2025-04-25,2023-03-31,0.1617647058823529,112.2017741935484,756148.0322580645
2022-12-31,ALLE,USD,1579241,2023-02-22,2023-02-22 06:15:58,2022,Q4,861500000.0,510800000.0,350700000.0,0.4070806732,0,0.0,0.0,191300000.0,0.0,191300000.0,702100000.0,700000.0,23700000.0,28300000.0,192200000.0,0.2230992455,159400000.0,0.1850261172,-19200000.0,140200000.0,0.162739408,4800000.0,135300000.0,0.1570516541,1.54,1.53,87900000,88300000,https://www.sec.gov/Archives/edgar/data/1579241/000157924123000006/0001579241-23-000006-index.htm,https://www.sec.gov/Archives/edgar/data/1579241/000157924123000006/alle-20221231.htm,9.800910125142208,1.5392491467576792,2.188850967007963,1.9328782707622296,3.2764505119453924,10.745164960182024,-12.258248009101251,10.745164960182024,24.09783845278725,9252354000.0,11058854000.0,17.0959977827051,10.739818920487522,48.08915800415801,54.45764567392584,9.796033880359978,9.796033880359978,12.836742890307605,57.53826222684703,57.478451143451146,65.09037080635667,0.0146233055933657,0.0183628944590749,2.2175754367390152,0.5247795149328522,9.399063475546306,1.7262649232518477,6.725738396624473,1.4209748892171343,0.004107164944186,0.2808643311160384,0.0,0.0,0.5066145520144317,0.1169438669438669,0.0261172373766686,0.7950530035335689,0.007777132907719,19.29088994646024,0.0462012765163126,0.0687081048141377,-25.21359499431172,511000000.0,-1077500000.0,-1832100000.0,2841700000.0,413200000.0,273550000.0,478450000.0,42.19500870574579,49.45771339075959,84.39702427564603,2.1329537014112403,1.8197363733523333,1.0663883089770354,0.1432503970354685,0.2559726962457337,2023-02-22,1.39,bmo,849468204.0,2025-04-25,2022-12-31,0.1510791366906476,104.31015873015872,665717.0793650794
2022-09-30,ALLE,USD,1579241,2022-10-27,2022-10-27 06:10:31,2022,Q3,913700000.0,545700000.0,368000000.0,0.4027580169,0,0.0,0.0,205100000.0,0.0,205100000.0,750800000.0,400000.0,23100000.0,29500000.0,186300000.0,0.203896246,162900000.0,0.1782860895,-29200000.0,133700000.0,0.1463281164,19100000.0,114600000.0,0.1254240998,1.3,1.3,87900000,88200000,https://www.sec.gov/Archives/edgar/data/1579241/000157924122000063/0001579241-22-000063-index.htm,https://www.sec.gov/Archives/edgar/data/1579241/000157924122000063/alle-20220930.htm,10.39476678043231,1.3037542662116042,1.7974971558589306,1.6052332195676906,3.210466439135381,9.02844141069397,-13.419795221843003,9.02844141069397,25.59954493742889,7882872000.000001,9827772000.0,17.19649214659686,8.627418189777828,49.89159493670886,55.867271438695965,9.933054435483871,9.933054435483871,10.756016197876765,52.752399355877614,62.20108860759494,69.65111268603827,0.014537848641967,0.0178995675687744,2.806325604838709,0.5647807673775772,10.439613526570048,1.7932385374347068,7.051948051948052,1.3787085514834203,0.0040594537117943,0.2792334554973822,0.0,0.0,0.500393071792661,0.1069620253164557,0.0184962241435919,0.5728813559322034,0.0039400240779249,16.274045368154777,0.0427430040801333,0.0581696360590833,-26.29891922639363,546700000.0,-1179600000.0,-1913800000.0,2810600000.0,377900000.0,272400000.0,453150000.0,41.616504323081976,43.93622869708632,78.81803188565146,2.162603550295858,2.0484234234234235,1.1418706842435655,0.1444052419354838,0.19226393629124,2022-10-27,1.47,bmo,872687011.0,2025-04-25,2022-09-30,0.1156462585034013,99.019375,712537.46875
2022-06-30,ALLE,USD,1579241,2022-07-28,2022-07-28 06:09:25,2022,Q2,773100000.0,458100000.0,315000000.0,0.4074505239,0,0.0,0.0,167900000.0,0.0,167900000.0,626000000.0,100000.0,17200000.0,19700000.0,170200000.0,0.2201526323,147100000.0,0.1902729272,-13800000.0,133300000.0,0.1724227137,18100000.0,115100000.0,0.1488811279,1.31,1.3,87900000,88200000,https://www.sec.gov/Archives/edgar/data/1579241/000157924122000055/0001579241-22-000055-index.htm,https://www.sec.gov/Archives/edgar/data/1579241/000157924122000055/alle-20220630.htm,8.795221843003413,1.3094425483503982,1.0079635949943118,0.8270762229806599,10.46188850967008,8.870307167235495,-4.703071672354949,8.838452787258248,23.29806598407281,8605410000.0,9716510000.0,18.69115986099044,11.13104384943733,97.1265237020316,118.3687757909216,11.07659930492985,11.07659930492985,12.568244729013063,57.088777908343125,109.66715575620768,133.65213204951857,0.0133753069290132,0.0084481738813141,2.6138499163341486,0.5557927580261105,6.528202115158637,2.8718872870249017,8.55232558139535,0.7690972222222222,0.0041485530613881,0.3101650738488271,0.0,0.0,0.3265456934066836,0.1794582392776523,0.0205665502522312,0.8071065989847716,0.0053033229853835,16.136992848033916,0.0416002426602265,0.0467772088108591,-16.953640500568827,1142600000.0,-413400000.0,-1121000000.0,2613700000.0,328800000.0,268400000.0,415650000.0,38.80093131548312,54.69548133595285,84.16502946954813,2.31953195319532,1.6454741379310345,1.069327731092437,0.1481529154331316,0.1808873720136518,2022-07-28,1.33,bmo,773773271.0,2025-04-25,2022-06-30,0.0300751879699248,108.52532258064517,789255.7741935484
2022-03-31,ALLE,USD,1579241,2022-04-26,2022-04-26 06:37:51,2022,Q1,723600000.0,434900000.0,288700000.0,0.3989773355,0,0.0,0.0,171700000.0,0.0,171700000.0,606600000.0,100000.0,11900000.0,20400000.0,139600000.0,0.1929242676,117000000.0,0.1616915423,-9700000.0,107300000.0,0.148286346,14200000.0,93000000.0,0.1285240464,1.05,1.05,88200000,88600000,https://www.sec.gov/Archives/edgar/data/1579241/000157924122000041/0001579241-22-000041-index.htm,https://www.sec.gov/Archives/edgar/data/1579241/000157924122000041/alle-20220331.htm,8.204081632653061,1.054421768707483,0.2324263038548752,0.1337868480725623,3.459183673469388,8.44671201814059,-5.503401360544218,8.408163265306122,16.454648526077097,9682596000.0,10816896000.0,26.02848387096774,13.381144278606966,472.321756097561,820.5589830508475,13.056359223300973,13.056359223300973,14.94872305140962,77.48492836676218,527.6534634146342,916.6861016949152,0.0096048621671295,0.0012186814362594,1.940938511326861,0.4785875781353903,8.125358166189113,1.85262252794497,9.831932773109244,0.2201933404940923,0.0036973555439057,0.3849462365591398,0.0,0.0,0.4090969543822317,0.424390243902439,0.0120232172470978,0.4264705882352941,0.0163073521282476,14.123717059972943,0.0416272232799693,0.0523295070898041,-17.152210884353742,495800000.0,-485400000.0,-1185300000.0,2007000000.0,318350000.0,258750000.0,391650000.0,40.33582089552239,53.47436192228098,83.37778799724074,2.231267345050879,1.6830495356037152,1.0794241747331843,0.1254045307443365,0.0986394557823129,2022-04-26,0.98,bmo,696748162.0,2025-04-25,2022-03-31,0.0918367346938776,118.64419354838712,766998.1935483871
2021-12-31,ALLE,USD,1579241,2022-02-15,2022-02-15 06:53:37,2021,Q4,709200000.0,422700000.0,286500000.0,0.4039763113,0,0.0,0.0,171400000.0,0.0,171400000.0,594100000.0,0.0,13200000.0,21100000.0,158800000.0,0.2239142696,115100000.0,0.1622955443,9400000.0,124500000.0,0.1755499154,11800000.0,112800000.0,0.1590524535,1.26,1.26,89200000,89700000,https://www.sec.gov/Archives/edgar/data/1579241/000157924122000019/0001579241-22-000019-index.htm,https://www.sec.gov/Archives/edgar/data/1579241/000157924122000019/alle-20211231.htm,7.95067264573991,1.2645739910313902,1.4820627802690582,1.2948430493273542,4.460762331838565,8.547085201793722,-5.4809417040358746,8.547085201793722,16.315022421524663,11813648000.0,12857848000.0,26.1827304964539,16.657710095882685,89.36193645990923,102.28266666666669,15.495341028331584,15.495341028331584,18.13007332205302,80.9688161209068,97.26057488653557,111.32335930735933,0.009548278398002,0.0097768276149754,1.8915267576075552,0.4726647000983284,6.575566750629723,1.85894876912841,8.719696969696969,1.1730257320319433,0.0027171962462399,0.2845744680851064,0.0,0.0,0.4101278269419862,0.1263237518910741,0.0235476593344613,0.7914691943127962,0.0084602368866328,15.594533882731042,0.0418185525566041,0.062677112852142,-16.437219730941703,516400000.0,-488900000.0,-1171000000.0,2051400000.0,309900000.0,235750000.0,363050000.0,39.64467005076142,55.16678495386799,80.99361249112846,2.2701664532650447,1.6314164415283674,1.111198738170347,0.1479538300104931,0.187219730941704,2022-02-15,1.02,bmo,679501758.0,2025-04-25,2021-12-31,0.0882352941176471,130.843125,624221.578125
2021-09-30,ALLE,USD,1579241,2021-10-21,2021-10-21 06:10:46,2021,Q3,717000000.0,416500000.0,300500000.0,0.4191073919,0,0.0,0.0,162100000.0,0.0,162100000.0,578600000.0,300000.0,12300000.0,20100000.0,173200000.0,0.2415620642,138400000.0,0.1930264993,2400000.0,140800000.0,0.1963737796,-2800000.0,143500000.0,0.20013947,1.6,1.59,89700000,90300000,https://www.sec.gov/Archives/edgar/data/1579241/000157924121000074/0001579241-21-000074-index.htm,https://www.sec.gov/Archives/edgar/data/1579241/000157924121000074/alle-20210930.htm,7.993311036789297,1.5997770345596432,0.9910813823857302,0.8706800445930881,5.617614269788183,9.672240802675583,-4.469342251950947,9.63433667781494,16.089186176142697,11856546000.0,12783546000.0,20.65600348432056,16.536326359832636,133.3694713160855,151.81236875800255,13.719678315204812,13.719678315204812,17.82921338912134,73.80800230946882,143.79691788526435,163.68176696542895,0.0121030188724439,0.0065870785640269,1.6557509835686184,0.4591073892257837,5.352193995381063,1.5145484317924172,11.252032520325203,0.6190807799442897,0.0027242335162365,0.2250871080139372,0.0,0.0,0.4070009946417685,0.1214848143982002,0.0150627615062761,0.5373134328358209,0.004323570432357,18.622239060022824,0.0551117728905484,0.0776431122172925,-14.958751393534005,408500000.0,-400900000.0,-1046700000.0,1955600000.0,312150000.0,222700000.0,327850000.0,38.58577405857741,45.89675870348139,74.70108043217287,2.3324658425504228,1.9609227871939736,1.20480185131617,0.166049525572784,0.1204013377926421,2021-10-21,1.29,bmo,756240000.0,2025-04-25,2021-09-30,0.2093023255813953,138.963125,721397.796875
2021-06-30,ALLE,USD,1579241,2021-07-22,2021-07-22 06:13:28,2021,Q2,746900000.0,426400000.0,320500000.0,0.4291069755,0,0.0,0.0,175100000.0,0.0,175100000.0,601500000.0,100000.0,12400000.0,20500000.0,169100000.0,0.2264024635,145400000.0,0.1946713081,-9200000.0,136200000.0,0.1823537287,17400000.0,118700000.0,0.1589235507,1.32,1.31,90000000,90600000,https://www.sec.gov/Archives/edgar/data/1579241/000157924121000062/0001579241-21-000062-index.htm,https://www.sec.gov/Archives/edgar/data/1579241/000157924121000062/alle-20210630.htm,8.29888888888889,1.318888888888889,1.73,1.6011111111111112,5.113333333333333,8.748888888888889,-5.417777777777777,8.71111111111111,16.031111111111112,12537000000.000002,13507200000.000002,26.40480202190396,16.785379568884725,80.52023121387283,87.00208188757809,15.99107142857143,15.99107142857143,18.08434864104968,79.87699586043762,86.75144508670522,93.734906315059,0.0094679747946079,0.0114939778256361,1.8244897959183672,0.4674357047155322,5.737433471318746,2.0283637652898423,11.725806451612904,1.3106060606060606,0.0025604211533859,0.2704296545914069,0.0,0.0,0.4166530505539034,0.0745022479126525,0.0155308608916856,0.5658536585365853,0.0084348641049671,16.078004298488736,0.0502514738107315,0.0664948742367374,-15.775833333333331,580100000.0,-487600000.0,-1128500000.0,2141900000.0,314750000.0,221400000.0,299950000.0,38.185834783772926,49.17917448405253,65.43151969981238,2.356894919532976,1.830042918454936,1.375483870967742,0.1514030612244898,0.1288888888888889,2021-07-22,1.32,bmo,756240000.0,2025-04-25,2021-06-30,0.0,136.67603174603175,671932.7619047619
2021-03-31,ALLE,USD,1579241,2021-04-22,2021-04-22 06:09:34,2021,Q1,694300000.0,396900000.0,297400000.0,0.4283450958,0,0.0,0.0,166100000.0,0.0,166100000.0,563000000.0,0.0,12300000.0,21400000.0,156200000.0,0.2249747948,131300000.0,0.1891113352,-8800000.0,122500000.0,0.1764366988,14300000.0,108000000.0,0.1555523549,1.19,1.18,90700000,91200000,https://www.sec.gov/Archives/edgar/data/1579241/000157924121000043/0001579241-21-000043-index.htm,https://www.sec.gov/Archives/edgar/data/1579241/000157924121000043/alle-20210331.htm,7.654906284454245,1.1907386990077178,1.2326350606394707,1.163175303197354,4.347298787210584,8.059536934950385,-6.0,8.023153252480705,15.90077177508269,11393734000.0,12429334000.0,26.37438425925926,16.410390321186807,101.91175313059036,107.99747867298578,15.657185653428613,15.657185653428613,17.901964568630277,79.57320102432779,111.17472271914131,117.8135924170616,0.0094788942764505,0.0092594754274586,1.9649580871238148,0.485057159333763,6.629961587708067,2.0727848101265822,10.67479674796748,1.033271719038817,0.0028524450368948,0.3009259259259259,0.0,0.0,0.4325791241222565,0.0563506261180679,0.0090738873685726,0.2943925233644859,0.0145470257813625,14.661285038510924,0.0474831046077127,0.0645662701022299,-15.911797133406836,542400000.0,-544200000.0,-1168900000.0,2103300000.0,330100000.0,215100000.0,286500000.0,40.52138844879735,47.57369614512472,65.73696145124717,2.2210492642354445,1.891801715919924,1.3690927906174544,0.1484128074756081,0.0694597574421168,2021-04-22,1.02,bmo,642000000.0,2025-04-25,2021-03-31,0.176470588235294,115.4895081967213,750582.4262295082
2020-12-31,ALLE,USD,1579241,2021-02-16,2021-02-16 06:17:28,2020,Q4,727300000.0,407400000.0,319900000.0,0.4398460058,0,0.0,0.0,161500000.0,40700000.0,202200000.0,609600000.0,100000.0,12300000.0,20700000.0,138800000.0,0.1908428434,117700000.0,0.1618314313,-11900000.0,105800000.0,0.1454695449,12400000.0,93300000.0,0.1282826894,1.03,1.02,90700000,91200000,https://www.sec.gov/Archives/edgar/data/1579241/000157924121000020/0001579241-21-000020-index.htm,https://www.sec.gov/Archives/edgar/data/1579241/000157924121000020/alle-20201231.htm,8.018743109151048,1.0286659316427784,2.214994487320838,2.0628445424476296,5.296582138919515,9.179713340683572,-5.220507166482911,9.144432194046306,15.897464167585447,10555666000.0,11504866000.0,28.28420685959271,14.51349649388148,52.54189148830264,56.41724211651523,12.726870026525198,12.726870026525198,15.818597552591775,82.88808357348704,57.266630164260825,61.4904649919829,0.0088388548860867,0.017725077697608,1.7236556546901374,0.4657587802176321,6.838616714697406,2.195589645254074,9.56910569105691,2.150963597430407,0.0027473396752038,0.3108252947481243,0.0,0.0,0.4255229034990552,0.0686908909905425,0.0189742884641825,0.6666666666666666,0.0082496906366011,14.548117812976336,0.040340603721579,0.0529121533488345,-14.929988974641676,623500000.0,-473500000.0,-1091800000.0,2224500000.0,349250000.0,205750000.0,286350000.0,43.01388697923828,48.68924889543446,62.54050073637702,2.09234752589183,1.8484573502722323,1.4390674673260333,0.1124909573185435,0.1521499448732083,2021-02-16,1.17,bmo,543947058.0,2025-04-25,2020-12-31,0.2735042735042736,108.705625,723940.59375
2020-09-30,ALLE,USD,1579241,2020-10-22,2020-10-22 06:31:56,2020,Q3,728400000.0,409200000.0,319200000.0,0.4382207578,0,0.0,0.0,156200000.0,2600000.0,158800000.0,568000000.0,200000.0,12900000.0,20600000.0,193200000.0,0.2652388797,160400000.0,0.2202086766,-700000.0,159700000.0,0.2192476661,12800000.0,146900000.0,0.2016749039,1.59,1.58,92300000,92700000,https://www.sec.gov/Archives/edgar/data/1579241/000157924120000075/0001579241-20-000075-index.htm,https://www.sec.gov/Archives/edgar/data/1579241/000157924120000075/alle-20200930.htm,7.891657638136511,1.591549295774648,1.7486457204767063,1.6522210184182016,4.646803900325027,8.960996749729144,-4.954496208017335,8.930660888407367,15.62296858071506,9129393000.0,10129593000.0,15.53674778761062,12.533488467874792,56.563773234200745,59.86487213114754,11.075328157224313,11.075328157224313,13.906635090609557,52.43060559006212,62.76079925650558,66.4235606557377,0.0160908835888651,0.0167042869115175,1.7337134538396215,0.472008455263071,5.1770186335403725,2.2919648333674094,12.434108527131784,1.098706603131382,0.0032422747054486,0.2014976174268209,0.0,0.0,0.4242164018892228,0.0551425030978934,0.0122185612300933,0.4320388349514563,0.0082372322899505,17.88311238499345,0.057492847602679,0.0842654735272185,-14.774918743228602,631900000.0,-457300000.0,-1079600000.0,2210000000.0,340050000.0,193300000.0,291600000.0,43.35667215815487,42.03079178885631,63.69501466275659,2.0758050726702764,2.141287284144427,1.4129834254143647,0.1782118160863763,0.0964247020585048,2020-10-22,1.22,bmo,532124550.0,2025-04-25,2020-09-30,0.3688524590163934,101.5096875,699548.09375
2020-06-30,ALLE,USD,1579241,2020-07-23,2020-07-23 06:13:11,2020,Q2,589500000.0,342900000.0,246600000.0,0.4183206107,0,0.0,150100000.0,150100000.0,0.0,150100000.0,493000000.0,100000.0,13000000.0,19900000.0,120800000.0,0.2049194232,96500000.0,0.1636980492,-8600000.0,87900000.0,0.1491094148,14200000.0,73700000.0,0.1250212044,0.8,0.8,92300000,92700000,https://www.sec.gov/Archives/edgar/data/1579241/000157924120000061/0001579241-20-000061-index.htm,https://www.sec.gov/Archives/edgar/data/1579241/000157924120000061/alle-20200630.htm,6.386782231852655,0.7984832069339112,1.0530877573131094,0.9165763813651138,3.276273022751896,7.367280606717227,-6.355362946912242,7.340195016251355,15.626218851570965,9434906000.0,10561806000.0,32.00443012211669,16.004929601357084,97.0669341563786,111.52371158392435,13.926060516605164,13.926060516605164,17.916549618320612,87.43216887417219,108.66055555555556,124.84404255319149,0.0078114185769312,0.008966703006898,2.1096678966789666,0.504357951939024,9.32864238410596,2.107181367263317,7.423076923076923,1.3188602442333786,0.0031478850981663,0.4029850746268656,0.0,0.0,0.4469459049366597,0.1296296296296296,0.0213740458015267,0.6331658291457286,0.0064461407972858,11.483597226573892,0.0341251345299118,0.0470235436738339,-15.794149512459372,513400000.0,-586600000.0,-1176800000.0,2072500000.0,336150000.0,197100000.0,284550000.0,50.25954198473283,51.31233595800525,77.06036745406824,1.790704738760632,1.7539641943734017,1.16791553133515,0.1087822878228782,0.1365113759479956,2020-07-23,0.84,bmo,538239130.0,2025-04-25,2020-06-30,0.0952380952380953,98.59349206349206,760459.7142857143
2020-03-31,ALLE,USD,1579241,2020-04-23,2020-04-23 06:17:23,2020,Q1,674700000.0,381600000.0,293100000.0,0.4344152957,0,0.0,167900000.0,167900000.0,96300000.0,264200000.0,645800000.0,500000.0,12900000.0,19800000.0,44700000.0,0.0662516674,28900000.0,0.0428338521,-16900000.0,12000000.0,0.0177856825,11500000.0,400000.0,0.0005928561,0.0043,0.0043,92700000,93300000,https://www.sec.gov/Archives/edgar/data/1579241/000157924120000041/0001579241-20-000041-index.htm,https://www.sec.gov/Archives/edgar/data/1579241/000157924120000041/alle-20200331.htm,7.27831715210356,0.0043149946062567,0.3322545846817691,0.2049622437971952,2.646170442286947,6.621359223300971,-6.952535059331176,6.594390507011866,15.580366774541533,8530254000.0,9716354000.0,5331.4087500000005,12.643032458870607,276.9562987012987,448.9607368421053,13.954284312121708,13.954284312121708,14.400998962501852,217.36809843400448,315.466038961039,511.38705263157897,4.689192138944514e-05,0.0022273662659986,2.341567151971209,0.5190557348515067,26.534675615212528,2.018830742281585,2.24031007751938,61.6,0.0033996643007347,72.5,0.0,0.0,0.4562860354643362,0.3831168831168831,0.0174892544834741,0.5959595959595959,0.0109678375574329,0.8001450418889092,0.0005169650395683,0.000266773376017,-16.21925566343042,465300000.0,-644500000.0,-1221900000.0,2012800000.0,343550000.0,209850000.0,272700000.0,45.76700755891507,46.86320754716981,64.97641509433963,1.966482075196736,1.9204831404126823,1.3851179673321234,0.0006543432030099,0.1272923408845739,2020-04-23,0.91,bmo,577387500.0,2025-04-25,2020-03-31,0.1428571428571428,119.64016129032258,855185.3548387097
2019-12-31,ALLE,USD,1579241,2020-02-18,2020-02-18 06:28:52,2019,Q4,719500000.0,400300000.0,319200000.0,0.4436414177,0,0.0,175900000.0,175900000.0,0.0,175900000.0,576200000.0,700000.0,13300000.0,20400000.0,131400000.0,0.1826268242,143300000.0,0.1991660876,-45600000.0,97700000.0,0.1357887422,17000000.0,80700000.0,0.1121612231,0.87,0.86,92900000,93700000,https://www.sec.gov/Archives/edgar/data/1579241/000157924120000013/0001579241-20-000013-index.htm,https://www.sec.gov/Archives/edgar/data/1579241/000157924120000013/alle10k12312019doc.htm,7.744886975242196,0.868675995694295,2.247578040904198,2.0731969860064585,3.82454251883746,8.185145317545748,-6.714747039827772,8.185145317545748,15.51130247578041,11569766000.0,12642166000.0,35.84190210656753,16.080286309937456,55.41075670498085,60.07147455867082,15.215368227248817,15.215368227248817,17.570765809589993,96.21130898021308,60.54677203065134,65.6394911734164,0.0069750762461401,0.0166468362454348,1.877564439768543,0.4811606902129954,8.161339421613395,1.9759368836291915,10.774436090225564,2.587360594795539,0.0021694475065442,0.3110285006195787,0.0,0.0,0.466500404421677,0.0775862068965517,0.0225156358582348,0.7941176470588235,0.0072272411396803,12.648335199502933,0.0476109193729212,0.0509791535060012,-15.70021528525296,494800000.0,-623800000.0,-1205000000.0,2170400000.0,355750000.0,214900000.0,281900000.0,43.02988186240445,49.68773419935049,60.68198850861853,2.0915697674418605,1.81131221719457,1.4831419044090404,0.1061283534981588,0.1743810548977395,2020-02-18,1.28,bmo,725121093.0,2025-04-25,2019-12-31,0.0,115.37390625,656708.140625
2019-09-30,ALLE,USD,1579241,2019-10-24,2019-10-24 06:28:27,2019,Q3,748300000.0,412800000.0,335500000.0,0.4483495924,0,0.0,167400000.0,167400000.0,0.0,167400000.0,580200000.0,400000.0,15600000.0,21200000.0,187300000.0,0.2503006815,168100000.0,0.2246425231,-17600000.0,150500000.0,0.2011225444,18800000.0,131600000.0,0.1758652947,1.41,1.4,93300000,94000000,https://www.sec.gov/Archives/edgar/data/1579241/000157924119000064/0001579241-19-000064-index.htm,https://www.sec.gov/Archives/edgar/data/1579241/000157924119000064/alle-10qx09302019xdoc.htm,8.020364415862808,1.4105037513397642,1.847802786709539,1.632368703108253,2.506966773847803,7.365487674169346,-7.340836012861736,7.341907824222937,15.463022508038586,9670545000.0,10864745000.0,18.37109612462006,12.923352933315517,56.09364849187936,63.49668417596848,14.11758394160584,14.11758394160584,14.51923693705733,58.00718099305927,63.0205626450116,71.33778726198292,0.0136083333462591,0.0157488538650096,2.0833576642335765,0.4980456480770573,6.375867592098238,1.8996335504885995,10.775641025641026,1.3090356871678055,0.0025851697086358,0.1899696048632219,0.0,0.0,0.4788511202624415,0.1165893271461716,0.026860884671923,0.9481132075471698,0.0048109047173593,15.264509225038564,0.0612999382397882,0.0881269671198017,-16.310021436227224,441900000.0,-684900000.0,-1245100000.0,2095900000.0,373750000.0,207650000.0,299300000.0,44.20018709073901,45.52325581395348,64.07703488372093,2.0361904761904763,1.9770114942528736,1.4045593739367133,0.1921167883211678,0.2154340836012861,2019-10-24,1.32,bmo,671942857.0,2025-04-25,2019-09-30,0.1136363636363635,101.98375,675205.15625
2019-06-30,ALLE,USD,1579241,2019-07-25,2019-07-25 06:30:13,2019,Q2,731200000.0,410500000.0,320700000.0,0.4385940919,0,0.0,175000000.0,175000000.0,0.0,175000000.0,585500000.0,400000.0,13400000.0,20700000.0,165700000.0,0.2266137856,145700000.0,0.199261488,-14100000.0,131600000.0,0.1799781182,22200000.0,109300000.0,0.1494803063,1.17,1.16,93800000,94500000,https://www.sec.gov/Archives/edgar/data/1579241/000157924119000051/0001579241-19-000051-index.htm,https://www.sec.gov/Archives/edgar/data/1579241/000157924119000051/alle-10qx06302019xdoc.htm,7.795309168443497,1.1652452025586353,1.275053304904051,1.093816631130064,1.6823027718550108,7.074626865671642,-7.975479744136461,7.041577825159915,15.368869936034114,10460576000.0,11730976000.0,23.92629460201281,14.306039387308534,87.46301003344482,101.95493177387914,15.837359576078727,15.837359576078727,16.043457330415755,70.79647555823777,98.08508361204014,114.33699805068224,0.0104487554031441,0.0098082553006641,2.162301286903861,0.5012459200505387,7.666867833433916,1.7079868497389286,10.873134328358208,1.093235831809872,0.0024186048645887,0.2314730100640439,0.0,0.0,0.4954550240409925,0.1421404682274247,0.0232494529540481,0.821256038647343,0.0064277899343544,13.587354692221895,0.0506148886633633,0.0760294936004451,-16.95682302771855,366100000.0,-748100000.0,-1302500000.0,2059500000.0,369800000.0,202400000.0,300750000.0,46.77242888402626,45.274056029232646,66.80389768574909,1.9242105263157896,1.9878934624697333,1.3472267804397768,0.1654806964420893,0.1812366737739872,2019-07-25,1.32,bmo,766019047.0,2025-04-25,2019-06-30,-0.0454545454545454,99.994126984127,785783.3968253968
2019-03-31,ALLE,USD,1579241,2019-04-25,2019-04-25 06:15:02,2019,Q1,655000000.0,378100000.0,276900000.0,0.4227480916,0,0.0,168900000.0,168900000.0,0.0,168900000.0,547000000.0,300000.0,13700000.0,20700000.0,129800000.0,0.1981679389,108000000.0,0.1648854962,-12600000.0,95400000.0,0.145648855,15100000.0,80200000.0,0.1224427481,0.85,0.84,94500000,95100000,https://www.sec.gov/Archives/edgar/data/1579241/000157924119000028/0001579241-19-000028-index.htm,https://www.sec.gov/Archives/edgar/data/1579241/000157924119000028/alle-10qx03312019xdoc.htm,6.931216931216931,0.8486772486772487,-0.1333333333333333,-0.2634920634920635,1.6275132275132276,6.744973544973545,-8.228571428571428,6.705820105820106,15.344973544973543,8754480000.0,10037080000.0,27.28952618453865,13.365618320610688,-694.8000000000001,-351.5855421686747,13.814865078112671,13.814865078112671,15.323786259541984,77.32727272727273,-796.5936507936508,-403.09558232931727,0.0091610238415074,-0.0028442580256051,2.266687707116932,0.512853470437018,9.88135593220339,1.7515451174289245,7.883211678832117,-0.1569115815691158,0.0028785261945883,0.314214463840399,0.0,0.0,0.5052127963439017,-0.9761904761904762,0.0187786259541984,0.5942028985507246,0.0154198473282442,11.315884037249129,0.0382342111277584,0.0578727089046038,-16.841269841269842,364800000.0,-777600000.0,-1313200000.0,2054900000.0,349950000.0,216650000.0,288550000.0,49.41068702290076,47.20179846601428,70.64797672573394,1.82146829810901,1.9067070095814425,1.273921832884097,0.1265583083477986,0.1301587301587301,2019-04-25,0.87,bmo,647556818.0,2025-04-25,2019-03-31,0.0114942528735632,86.99000000000001,713914.9836065574
2018-12-31,ALLE,USD,1579241,2019-02-19,2019-02-19 07:31:17,2018,Q4,702400000.0,401900000.0,300500000.0,0.4278189066,0,0.0,159100000.0,159100000.0,0.0,159100000.0,561000000.0,100000.0,13700000.0,20400000.0,161300000.0,0.2296412301,141400000.0,0.201309795,-14200000.0,127200000.0,0.1810933941,-5700000.0,132800000.0,0.1890660592,1.4,1.39,94900000,95600000,https://www.sec.gov/Archives/edgar/data/1579241/000157924119000006/0001579241-19-000006-index.htm,https://www.sec.gov/Archives/edgar/data/1579241/000157924119000006/alle10k12312018doc.htm,7.401475237091676,1.399367755532139,2.080084299262382,1.8977871443624867,2.9905163329820863,6.891464699683878,-8.178082191780822,6.891464699683878,15.36880927291886,7564478999.999999,8725479000.0,14.24035956325301,10.76947465831435,38.3205623100304,42.001549139367015,11.566481651376144,11.566481651376144,12.422378986332577,54.09472411655301,44.202021276595744,48.44796779566907,0.017555736488924,0.0238086456449941,2.2091743119266054,0.5141271083908618,7.197768133911965,1.7887864823348694,10.32116788321168,1.4853273137697518,0.0026174968560293,0.1490963855421686,0.0,0.0,0.5088961639740943,0.0876393110435663,0.024629840546697,0.8480392156862745,0.0019931662870159,14.730346347093333,0.0635507036412083,0.096224911238316,-15.564014752370916,410800000.0,-776100000.0,-1224600000.0,2117600000.0,350850000.0,221500000.0,279300000.0,43.60335990888383,52.62503110226424,62.76934560836028,2.064061122538936,1.7102127659574469,1.433820906171959,0.2030581039755351,0.1822971548998946,2019-02-19,1.22,bmo,702400000.0,2025-04-25,2018-12-31,0.0,86.28777777777778,708549.0634920635
2018-09-30,ALLE,USD,1579241,2018-10-25,2018-10-25 06:19:06,2018,Q3,711500000.0,402100000.0,309400000.0,0.4348559382,0,0.0,167100000.0,167100000.0,0.0,167100000.0,569200000.0,400000.0,14000000.0,20300000.0,164500000.0,0.2312016866,142300000.0,0.2,-12100000.0,130200000.0,0.1829936753,14100000.0,116000000.0,0.1630358398,1.22,1.21,95100000,95800000,https://www.sec.gov/Archives/edgar/data/1579241/000157924118000037/0001579241-18-000037-index.htm,https://www.sec.gov/Archives/edgar/data/1579241/000157924118000037/alle-10qx09302018xdoc.htm,7.481598317560462,1.2197686645636172,1.4900105152471084,1.3753943217665616,1.9947423764458465,6.29863301787592,-8.80546792849632,6.276550998948475,15.422712933753942,8667414000.0,9930414000.0,18.679771551724137,12.181888966971188,61.16735356386732,66.26463302752293,14.520713687384822,14.520713687384822,13.957011946591708,60.36725835866262,70.08055045871559,75.92059633027523,0.0133834613184509,0.0150910063832188,2.433740995141565,0.5321050510970294,7.677811550151976,1.793592113370302,10.164285714285716,1.2204995693367786,0.0022959558641135,0.171551724137931,0.0,0.0,0.5261345738251346,0.0769230769230769,0.015319747013352,0.5369458128078818,0.0074490513000702,13.124734480216674,0.0556973186447219,0.0896653010744376,-16.100946372239747,386400000.0,-837400000.0,-1257800000.0,2096100000.0,363700000.0,209100000.0,271850000.0,45.714687280393534,46.55558318826162,62.29047500621736,1.9687327061427784,1.9331730769230768,1.4448436938555516,0.1943374099514156,0.1146161934805467,2018-10-25,1.21,bmo,699930894.0,2025-04-25,2018-09-30,0.0165289256198347,84.35412698412698,581033.4603174604
2018-06-30,ALLE,USD,1579241,2018-07-26,2018-07-26 06:07:56,2018,Q2,704700000.0,399100000.0,305600000.0,0.4336597134,0,0.0,162200000.0,162200000.0,0.0,162200000.0,561300000.0,100000.0,13400000.0,23000000.0,168000000.0,0.2383993189,143400000.0,0.2034908472,-11800000.0,131600000.0,0.1867461331,17600000.0,113900000.0,0.161629062,1.2,1.19,95000000,95600000,https://www.sec.gov/Archives/edgar/data/1579241/000157924118000030/0001579241-18-000030-index.htm,https://www.sec.gov/Archives/edgar/data/1579241/000157924118000030/alle-10qx06302018xdoc.htm,7.417894736842105,1.1989473684210523,1.3557894736842104,1.2273684210526317,1.9957894736842103,5.354736842105263,-9.102105263157895,5.326315789473684,15.521052631578948,7349200000.0,8620700000.0,16.13081650570676,10.428834965233431,57.059006211180126,63.02915951972556,14.52411067193676,14.52411067193676,12.23314885766993,51.31369047619047,66.93090062111801,73.93396226415095,0.0154982855276764,0.0158656724541446,2.8875494071146246,0.5551924611467872,7.568452380952381,1.8019446205876133,10.701492537313433,1.1298245614035087,0.002721384640505,0.1755926251097453,0.0,0.0,0.5218679940722727,0.0947204968944099,0.0173123314885767,0.5304347826086957,0.0078047396055058,11.98684181639609,0.0566240698780564,0.0905189541444806,-16.065263157894737,379400000.0,-864700000.0,-1270500000.0,2025300000.0,351200000.0,203850000.0,268450000.0,46.74329501915709,47.40165372087197,59.84966173891256,1.9254098360655736,1.8986679352997144,1.5037678975131876,0.225098814229249,0.1284210526315789,2018-07-26,1.19,bmo,670874400.0,2025-04-25,2018-06-30,0.0504201680672269,80.08265625,876008.765625
2018-03-31,ALLE,USD,1579241,2018-04-26,2018-04-26 06:20:25,2018,Q1,613100000.0,355300000.0,257800000.0,0.4204860545,0,0.0,159100000.0,159100000.0,0.0,159100000.0,514400000.0,200000.0,12900000.0,22500000.0,121600000.0,0.1983363236,98700000.0,0.1609851574,-12500000.0,86200000.0,0.1405969662,13800000.0,72200000.0,0.1177621921,0.76,0.75,95100000,95800000,https://www.sec.gov/Archives/edgar/data/1579241/000157924118000020/0001579241-18-000020-index.htm,https://www.sec.gov/Archives/edgar/data/1579241/000157924118000020/alle-10qx03312018xdoc.htm,6.446898002103049,0.7592008412197687,-0.1062039957939011,-0.1976866456361724,1.5962145110410095,4.848580441640379,-10.123028391167193,4.848580441640379,16.007360672975814,8111079000.000001,9468679000.0,28.085453601108032,13.229618333061492,-803.0771287128713,-431.4403723404256,17.5907156798959,17.5907156798959,15.443938998532053,77.86742598684211,-937.4929702970296,-503.6531382978723,0.0089014051028229,-0.0023178173951948,3.2734764693125133,0.5743312659335642,11.164473684210526,1.7752709577527097,7.651162790697675,-0.1395027624309392,0.0024287767385818,0.2728531855955678,0.0,0.0,0.5417602069936456,-0.8613861386138614,0.0141901810471374,0.3866666666666666,0.0107649649323112,9.100744083608744,0.0374887350912099,0.0599518392427136,-17.10988433228181,350500000.0,-962700000.0,-1364400000.0,2051700000.0,322600000.0,192900000.0,255650000.0,49.381830044038495,50.02814522938362,68.77286799887419,1.8225326991676576,1.7989873417721518,1.3086556169429098,0.1565820863153329,0.0914826498422713,2018-04-26,0.85,bmo,651418750.0,2025-04-25,2018-03-31,-0.0588235294117646,83.82147540983605,765628.8196721311
2017-12-31,ALLE,USD,1579241,2018-02-20,2018-02-20 16:02:17,2017,Q4,623100000.0,348200000.0,274900000.0,0.4411811908,0,0.0,145700000.0,145700000.0,0.0,145700000.0,493900000.0,600000.0,56000000.0,17000000.0,151200000.0,0.2426576793,129200000.0,0.207350345,-51000000.0,78200000.0,0.1255015246,66100000.0,9600000.0,0.0154068368,0.1,0.1,95100000,95900000,https://www.sec.gov/Archives/edgar/data/1579241/000157924118000007/0001579241-18-000007-index.htm,https://www.sec.gov/Archives/edgar/data/1579241/000157924118000007/alle10k12312017doc.htm,6.55205047318612,0.1009463722397476,1.8633017875920084,1.6992639327024186,4.902208201892744,4.263932702418507,-7.886435331230284,4.263932702418507,16.123028391167193,7566156000.0,8577256000.0,197.0353125,12.1427636013481,42.69839729119639,46.82027227722772,18.65883107274969,18.65883107274969,13.765456588027604,56.7278835978836,48.40437923250564,53.07707920792079,0.0012688080975332,0.0213582696418101,3.6431565967940815,0.5811565696302124,6.6871693121693125,2.241102430555556,2.307142857142857,14.644628099173554,0.0020221629054436,1.59375,0.0,0.0,0.4545633359559402,0.0880361173814898,0.025036109773712,0.9176470588235294,0.0060985395602632,3.1120157615491544,0.0094467934731245,0.0069239091236927,-13.867507886435332,571900000.0,-750000000.0,-1103800000.0,1979600000.0,305800000.0,183000000.0,248450000.0,44.60279248916707,48.670304422745545,61.98161975875933,2.0178108808290154,1.849176845459373,1.452043369474562,0.0236744759556103,0.1640378548895899,2018-02-20,0.94,bmo,522056756.0,2025-04-25,2017-12-31,0.1808510638297874,83.78936507936508,722951.2698412698
2017-09-30,ALLE,USD,1579241,2017-10-26,2017-10-26 06:17:04,2017,Q3,609400000.0,335000000.0,274400000.0,0.4502789629,0,0.0,147300000.0,147300000.0,0.0,147300000.0,482300000.0,300000.0,17800000.0,17200000.0,147000000.0,0.241220873,127100000.0,0.2085658024,-15100000.0,112000000.0,0.1837873318,21900000.0,89800000.0,0.1473580571,0.95,0.94,95000000,95800000,https://www.sec.gov/Archives/edgar/data/1579241/000157924117000052/0001579241-17-000052-index.htm,https://www.sec.gov/Archives/edgar/data/1579241/000157924117000052/alle-10qx09302017xdoc.htm,6.414736842105263,0.9452631578947368,1.1157894736842104,0.9863157894736844,3.5252631578947367,3.9168421052631577,-8.178947368421053,3.865263157894737,15.418947368421051,8214650000.0,9326750000.0,22.869292873051226,13.47989826058418,77.49669811320756,87.66969050160085,22.37105119825708,22.37105119825708,15.3048080078766,63.447278911564624,87.98820754716981,99.5384204909285,0.0109316891163957,0.0114064506704485,3.940631808278867,0.591263841784824,7.5653061224489795,2.1392873669597408,7.140449438202247,1.1764705882352942,0.0018503527234879,0.1692650334075723,0.0,0.0,0.4695378580476443,0.1160377358490566,0.0201837873318017,0.7151162790697675,0.0072202166064981,9.066865187115646,0.0498743528190262,0.0691727006624557,-14.575263157894735,492400000.0,-777000000.0,-1150600000.0,1887600000.0,306850000.0,186150000.0,252450000.0,44.71939612733837,47.74029850746269,69.07164179104478,2.012549537648613,1.88519977490152,1.3029949436017114,0.2445533769063181,0.1294736842105263,2017-10-26,1.02,bmo,609400000.0,2025-04-25,2017-09-30,0.0,80.83222222222223,517746.1904761905
2017-06-30,ALLE,USD,1579241,2017-07-27,2017-07-27 06:23:01,2017,Q2,627000000.0,345700000.0,281300000.0,0.4486443381,0,0.0,146300000.0,146300000.0,0.0,146300000.0,492000000.0,200000.0,16100000.0,16200000.0,155500000.0,0.2480063796,135000000.0,0.2153110048,-11800000.0,123200000.0,0.1964912281,17400000.0,105500000.0,0.168261563,1.11,1.1,95200000,95900000,https://www.sec.gov/Archives/edgar/data/1579241/000157924117000039/0001579241-17-000039-index.htm,https://www.sec.gov/Archives/edgar/data/1579241/000157924117000039/alle-10qx06302017xdoc.htm,6.586134453781512,1.1081932773109244,1.101890756302521,0.9590336134453782,2.578781512605042,2.8298319327731094,-9.066176470588236,2.786764705882353,15.305672268907562,7722624000.0,8918124000.0,18.300056872037917,12.316784688995217,73.61891325071497,84.58514786418401,29.10902374670185,29.10902374670185,14.223483253588515,57.35127974276527,85.0154814108675,97.67934282584883,0.0136611597301642,0.0118224064773838,5.4315868827742175,0.6172363574059796,7.688102893890675,1.9212454212454213,8.385093167701863,0.9914933837429112,0.0019682429184691,0.1440758293838862,0.0,0.0,0.4850938062194808,0.1296472831267874,0.0216905901116427,0.8395061728395061,0.0073365231259968,8.335836072727739,0.0596150776769895,0.0877630812744364,-15.363707983193278,402400000.0,-863100000.0,-1226000000.0,1776200000.0,289900000.0,183850000.0,242900000.0,44.6267942583732,50.662424067110216,64.51258316459358,2.016725635252493,1.776464542651593,1.3950766747376917,0.3976630229928383,0.1428571428571428,2017-07-27,1.0,bmo,564864864.0,2025-04-25,2017-06-30,0.1100000000000001,78.2968253968254,744726.619047619
2017-03-31,ALLE,USD,1579241,2017-04-27,2017-04-27 06:16:24,2017,Q1,548800000.0,307600000.0,241200000.0,0.4395043732,0,0.0,141700000.0,141700000.0,0.0,141700000.0,449300000.0,100000.0,15900000.0,16500000.0,114700000.0,0.2090014577,99500000.0,0.1813046647,-17200000.0,82300000.0,0.1499635569,13600000.0,68400000.0,0.1246355685,0.72,0.71,95300000,96100000,https://www.sec.gov/Archives/edgar/data/1579241/000157924117000021/0001579241-17-000021-index.htm,https://www.sec.gov/Archives/edgar/data/1579241/000157924117000021/alle-10qx03312017xdoc.htm,5.758656873032529,0.7177334732423925,-0.4291710388247639,-0.5110178384050367,1.989506820566632,1.6264428121720882,-9.8405036726128,1.588667366211962,15.401888772298006,7214210000.0,8476510000.0,26.367726608187137,13.14542638483965,-176.38655256723715,-148.13572895277207,47.650000000000006,47.650000000000006,15.445535714285716,73.90156931124673,-207.24963325183373,-174.05564681724846,0.0094812876253948,-0.0067505658970282,9.589828269484808,0.6643635032488332,11.005231037489102,1.8624843161856963,6.2578616352201255,-0.5953420669577875,0.0021069528056433,0.2222222222222222,0.0,0.0,0.5000457582135993,-0.1907090464547677,0.0142128279883381,0.4727272727272727,0.0111151603498542,5.065115427905716,0.0452877402804591,0.0626029654036243,-15.950944386149002,343700000.0,-937800000.0,-1288200000.0,1668600000.0,270400000.0,176500000.0,229300000.0,44.09803206997084,50.646944083224966,69.63589076723017,2.04090740052064,1.777007510109763,1.292436974789916,0.451783355350066,0.0818467995802728,2017-04-27,0.69,bmo,518728767.0,2025-04-25,2017-03-31,0.0579710144927536,70.61854838709678,771302.2419354839
2016-12-31,ALLE,USD,1579241,2017-02-17,2017-02-17 07:58:26,2016,Q4,569700000.0,331600000.0,238100000.0,0.4179392663,0,0.0,140900000.0,140900000.0,0.0,140900000.0,472500000.0,0.0,15900000.0,16200000.0,114600000.0,0.2011585045,97200000.0,0.1706161137,-14700000.0,82500000.0,0.1448130595,7500000.0,74800000.0,0.131297174,0.78,0.77,95600000,96600000,https://www.sec.gov/Archives/edgar/data/1579241/000157924117000009/0001579241-17-000009-index.htm,https://www.sec.gov/Archives/edgar/data/1579241/000157924117000009/alle10k12312016doc.htm,5.959205020920503,0.7824267782426778,2.0826359832635983,1.9142259414225944,3.2677824267782425,1.217573221757322,-10.018828451882843,1.217573221757322,15.478033472803348,6118400000.0,7269800000.0,20.449197860962567,10.739687554853433,30.73028628829734,33.433879781420764,52.56357388316152,52.56357388316152,12.760751272599611,63.43630017452007,36.51330989452536,39.72568306010929,0.0122254184100418,0.029909780334728,12.575601374570446,0.6513304262703569,10.047120418848168,1.9304003724394785,6.113207547169812,2.6546666666666665,0.0018795763598326,0.1537433155080214,0.0,0.0,0.4779745483670019,0.0808638874937217,0.0282604879761277,0.9938271604938272,0.0056169913989819,4.629783212680495,0.0473545746857643,0.0637572451414933,-15.736140167364017,399700000.0,-957800000.0,-1301700000.0,1700500000.0,274500000.0,172500000.0,224450000.0,42.95418641390205,48.82689987937274,59.87334137515078,2.0952556086796617,1.8432462479155085,1.503173164097915,0.6426116838487973,0.1684100418410042,2017-02-09,0.87,bmo,611899999.0,2025-04-25,2016-12-31,-0.0689655172413792,66.21095238095238,794376.746031746
2016-09-30,ALLE,USD,1579241,2016-10-27,2016-10-27 06:49:43,2016,Q3,581100000.0,317600000.0,263500000.0,0.4534503528,0,0.0,142000000.0,142000000.0,0.0,142000000.0,459600000.0,500000.0,15600000.0,17200000.0,53900000.0,0.0927551196,121500000.0,0.2090862158,-100400000.0,21100000.0,0.0363104457,19100000.0,1600000.0,0.0027533987,0.02,0.02,96000000,96900000,https://www.sec.gov/Archives/edgar/data/1579241/000157924116000087/0001579241-16-000087-index.htm,https://www.sec.gov/Archives/edgar/data/1579241/000157924116000087/alle-10qx09302016xdoc.htm,6.053125,0.0166666666666666,0.8041666666666667,0.7010416666666667,2.234375,1.6197916666666667,-10.110416666666667,1.58125,15.5125,6615360000.0,7874460000.0,1033.65,11.3842023748064,85.69119170984455,98.2965824665676,43.5794466403162,43.5794466403162,13.550955085183274,146.0938775510204,102.00077720207254,117.00534918276377,0.0002418613650655,0.0101732936680694,9.707509881422926,0.6388623948669037,23.35992578849722,1.8558871154291,7.788461538461538,38.6,0.0017534948967251,7.25,0.0,0.0,0.4882077516691234,0.1282383419689119,0.0170366546205472,0.5755813953488372,0.0086043710204784,0.770044641563072,0.0059935402954593,0.0013553578991952,-16.819010416666668,370000000.0,-970600000.0,-1348800000.0,1722500000.0,312700000.0,170400000.0,226800000.0,42.91688177594218,46.7852644836272,64.69458438287154,2.0970768675568388,1.9236826165960024,1.3911519929916776,0.0105401844532279,0.103125,2016-10-27,0.95,bmo,593596774.0,2025-04-25,2016-09-30,-0.0210526315789472,70.4253125,583366.21875
2016-06-30,ALLE,USD,1579241,2016-07-28,2016-07-28 06:27:22,2016,Q2,584900000.0,317500000.0,267400000.0,0.4571721662,0,0.0,143100000.0,143100000.0,0.0,143100000.0,460600000.0,900000.0,16500000.0,17100000.0,150000000.0,0.2564540947,124300000.0,0.2125149598,-7900000.0,116400000.0,0.1990083775,21000000.0,95000000.0,0.1624209267,0.99,0.98,95800000,96800000,https://www.sec.gov/Archives/edgar/data/1579241/000157924116000079/0001579241-16-000079-index.htm,https://www.sec.gov/Archives/edgar/data/1579241/000157924116000079/alle-10qx06302016xdoc.htm,6.105427974947808,0.9916492693110648,1.0647181628392484,0.9697286012526096,1.7651356993736953,1.490605427974948,-10.186847599164928,1.453027139874739,15.680584551148224,6651394000.000001,7967994000.000001,17.503668421052634,11.37184817917593,65.20974509803922,71.5973519913886,47.78300287356323,47.78300287356323,13.622831253205678,53.119960000000006,78.11758823529412,85.76958019375674,0.0142827202838983,0.0139669969934122,10.673132183908049,0.633425708804093,8.777333333333333,1.7626144347455823,7.533333333333333,1.069182389937107,0.0017289608764719,0.1210526315789473,0.0,0.0,0.4769558729481987,0.0892156862745098,0.0155582150795007,0.5321637426900585,0.0075226534450333,5.693865056776763,0.0529384443296826,0.0774372350831431,-17.32489561586639,358200000.0,-975900000.0,-1374800000.0,1704000000.0,337050000.0,169000000.0,220900000.0,53.5937767139682,49.804724409448816,63.86456692913386,1.679299454493253,1.807057484348321,1.409232134931203,0.6824712643678161,0.0949895615866388,2016-07-28,0.9,bmo,531727272.0,2025-04-25,2016-06-30,0.0999999999999999,66.43015625,644922.640625
2016-03-31,ALLE,USD,1579241,2016-04-28,2016-04-28 06:20:40,2016,Q1,502300000.0,286000000.0,216300000.0,0.4306191519,0,0.0,133800000.0,133800000.0,0.0,133800000.0,419800000.0,500000.0,16300000.0,16400000.0,107700000.0,0.214413697,82500000.0,0.1642444754,-7500000.0,75000000.0,0.1493131595,16200000.0,57700000.0,0.1148715907,0.6,0.6,95900000,96900000,https://www.sec.gov/Archives/edgar/data/1579241/000157924116000068/0001579241-16-000068-index.htm,https://www.sec.gov/Archives/edgar/data/1579241/000157924116000068/alle-10qx03312016xdoc.htm,5.237747653806048,0.6016684045881127,-0.008342022940563,-0.0855057351407716,1.3086548488008345,0.8102189781021898,-10.782064650677787,0.7685088633993743,15.769551616266943,6109789000.0,7480289000.0,26.472222703639517,12.163625323511846,-7637.23625,-745.0962195121951,82.90080054274085,82.90080054274085,14.89207445749552,69.45486536675952,-9350.36125,-912.2303658536586,0.0094438613182877,-0.0013421085409005,20.29850746268657,0.6590308370044052,12.725162488393686,1.7493228268899286,5.061349693251533,-0.0136054421768707,0.0018658582153982,0.1975736568457539,0.0,0.0,0.4897356828193832,-9.25,0.0147322317340234,0.4512195121951219,0.009556042205853,3.225479621614407,0.0338107684265551,0.0498143831477164,-17.874869655891555,304300000.0,-1034000000.0,-1481900000.0,1642100000.0,319850000.0,168700000.0,210300000.0,58.37547282500498,51.07342657342657,68.12937062937063,1.5417434008594229,1.7621688231669748,1.3210161662817552,0.7829036635006784,0.0771637122002085,2016-04-28,0.64,bmo,527003278.0,2025-04-25,2016-03-31,-0.046875,61.11622950819672,901054.5081967212
2015-12-31,ALLE,USD,1579241,2016-02-26,2016-02-26 16:10:27,2015,Q4,545400000.0,325200000.0,220200000.0,0.403740374,0,0.0,138700000.0,138700000.0,0.0,138700000.0,463900000.0,400000.0,16300000.0,15700000.0,107800000.0,0.1976530986,81500000.0,0.1494316098,-5700000.0,75800000.0,0.1389805647,3800000.0,71900000.0,0.1318298497,0.75,0.74,96000000,97000000,https://www.sec.gov/Archives/edgar/data/1579241/000157924116000056/0001579241-16-000056-index.htm,https://www.sec.gov/Archives/edgar/data/1579241/000157924116000056/alle-10kx12312015doc.htm,5.68125,0.7489583333333333,1.3697916666666667,1.2875,2.080208333333333,0.309375,-11.008333333333333,0.309375,16.267708333333335,6328320000.0,7674020000.0,22.003894297635608,11.603080308030805,48.12410646387833,51.2,213.07474747474748,213.07474747474748,14.07044371103777,71.18756957328385,58.35756653992395,62.08754045307443,0.0113616252022653,0.01953125,52.03367003367004,0.6762350676060036,12.48330241187384,1.644151196600313,5.0,1.8263888888888888,0.0015169902912621,0.1335187760778859,0.0,0.0,0.4754299216733033,0.0600760456273764,0.0144847818115144,0.5031847133757962,0.0084341767510084,2.28329852372341,0.0406630150550326,0.0599766433099766,-17.900260416666665,288000000.0,-1056800000.0,-1520500000.0,1599300000.0,293500000.0,177650000.0,210200000.0,51.7986798679868,48.45940959409594,56.48523985239852,1.7374960178400765,1.8572244431753284,1.5933365997060265,2.420875420875421,0.0822916666666666,2016-02-11,0.73,bmo,453478651.0,2025-04-25,2015-12-31,0.2191780821917808,64.07828125,762930.0625
2015-09-30,ALLE,USD,1579241,2015-10-29,2015-10-29 06:19:09,2015,Q3,544500000.0,304500000.0,240000000.0,0.4407713499,0,0.0,129600000.0,129600000.0,0.0,129600000.0,434100000.0,300000.0,13700000.0,12700000.0,19600000.0,0.0359963269,110400000.0,0.2027548209,-117200000.0,-6800000.0,-0.0124885216,19400000.0,-27300000.0,-0.050137741,-0.28,-0.28,95900000,95900000,https://www.sec.gov/Archives/edgar/data/1579241/000157924115000046/0001579241-15-000046-index.htm,https://www.sec.gov/Archives/edgar/data/1579241/000157924115000046/alle-10qx09302015xdoc.htm,5.677789363920751,-0.2846715328467153,0.9624608967674662,0.8717413972888426,1.826903023983316,0.291970802919708,-11.008342022940564,0.1511991657977059,17.19082377476538,5529594000.0,6989294000.0,-50.637307692307694,10.1553608815427,59.90892741061754,66.14346889952154,381.35131034482754,381.35131034482754,12.83616896235078,356.59663265306125,75.72366197183099,83.603995215311,-0.0049370713292874,0.0151186506640451,112.75172413793103,0.6786633457866335,74.47448979591837,1.693155452436195,8.058394160583942,-3.5229007633587788,0.0017361129949142,-0.3516483516483517,0.0,0.0,0.4498547114985471,0.0942578548212351,0.0159779614325068,0.6850393700787402,0.0051423324150596,,0.2180462917174251,-0.0205991096355542,-19.73748696558916,358500000.0,-1055700000.0,-1505300000.0,1670100000.0,273900000.0,207000000.0,211100000.0,45.14049586776859,53.26108374384236,63.93103448275862,1.993775173928964,1.6897891231964484,1.4077669902912622,-1.8827586206896552,0.0907194994786235,2015-10-29,0.77,bmo,461641304.0,2025-04-25,2015-09-30,0.1948051948051948,60.980625,555481.140625
2015-06-30,ALLE,USD,1579241,2015-07-30,2015-07-30 06:18:09,2015,Q2,519500000.0,297700000.0,221800000.0,0.4269489894,0,0.0,126100000.0,126100000.0,0.0,126100000.0,423800000.0,500000.0,11300000.0,12700000.0,108000000.0,0.207892204,95700000.0,0.1842155919,-11700000.0,84000000.0,0.1616939365,19000000.0,63900000.0,0.1230028874,0.67,0.66,95800000,96700000,https://www.sec.gov/Archives/edgar/data/1579241/000157924115000033/0001579241-15-000033-index.htm,https://www.sec.gov/Archives/edgar/data/1579241/000157924115000033/alle-10qx06302015xdoc.htm,5.422755741127348,0.6670146137787056,0.3006263048016701,0.2045929018789144,2.0981210855949897,0.7588726513569938,-6.026096033402923,0.4937369519832985,13.189979123173275,5761412000.0,6812712000.0,22.54073552425665,11.090302213666988,200.04902777777772,293.94959183673467,121.80575052854122,121.80575052854122,13.113978825794034,63.080666666666666,236.5525,347.5873469387755,0.0110910311569455,0.0034019438290474,26.47568710359408,0.6294229995979091,9.73425925925926,1.927348643006263,8.469026548672566,0.4430769230769231,0.0016662582019824,0.1502347417840375,0.0,0.0,0.3266988339364696,0.3194444444444444,0.0177093358999037,0.7244094488188977,0.0065447545717035,2.7221167595360125,0.0470958861794527,0.0477008062108091,-14.68606471816284,444200000.0,-577300000.0,-993700000.0,1302000000.0,265250000.0,232650000.0,195400000.0,47.58999037536093,70.68189452468928,62.24722875377897,1.8911539861667277,1.273310521813516,1.4458474987858183,1.350951374207188,0.0960334029227557,2015-07-30,0.7,bmo,512183098.0,2025-04-25,2015-06-30,0.0142857142857143,61.30380952380952,554947.9682539683
2015-03-31,ALLE,USD,1579241,2015-04-30,2015-04-30 06:19:16,2015,Q1,458700000.0,271600000.0,187100000.0,0.4078918683,0,0.0,116100000.0,116100000.0,0.0,116100000.0,387700000.0,300000.0,11600000.0,12100000.0,80000000.0,0.1744059298,71000000.0,0.1547852627,-14700000.0,56300000.0,0.1227381731,12400000.0,45400000.0,0.0989753652,0.47,0.47,95900000,96900000,https://www.sec.gov/Archives/edgar/data/1579241/000157924115000013/0001579241-15-000013-index.htm,https://www.sec.gov/Archives/edgar/data/1579241/000157924115000013/alle-10qx03312015xdoc.htm,4.78310740354536,0.4734098018769551,0.0458811261730969,-0.0521376433785192,2.394160583941606,0.0156412930135557,-6.348279457768509,-0.2064650677789364,13.177267987486966,5866203000.0,6888703000.0,32.30287995594714,12.788757357750164,1333.2279545454546,-1173.2406,-296.2728787878788,-296.2728787878788,15.017883148027034,86.1087875,1565.614318181818,-1377.7406,0.0077392480280685,-0.0008523400911969,-63.23737373737374,0.6496316281000312,12.78125,1.8745073636175067,6.120689655172414,0.1002277904328018,0.0016194461732742,0.2092511013215859,0.0,0.0,0.3166441838746497,2.136363636363636,0.0204926967516895,0.7768595041322314,0.0087202964900806,,0.0370391012126803,0.0344696682104623,-14.723670490093848,421600000.0,-608800000.0,-1022200000.0,1238200000.0,276150000.0,203550000.0,182200000.0,50.18966644865925,76.7120765832106,61.270250368188506,1.7931978107896795,1.173218142548596,1.4689021092482424,-2.292929292929293,0.0980187695516162,2015-04-30,0.47,bmo,422723529.0,2025-04-25,2015-03-31,0.0851063829787234,57.1444262295082,747718.1803278689
2014-12-31,ALLE,USD,1579241,2015-02-27,2015-02-27 16:04:24,2014,Q4,573500000.0,374000000.0,199500000.0,0.347863993,0,0.0,135900000.0,135900000.0,0.0,135900000.0,509900000.0,700000.0,15500000.0,12300000.0,68200000.0,0.1189189189,63600000.0,0.1108979948,-23200000.0,40400000.0,0.0704446382,17600000.0,35800000.0,0.062423714,0.37,0.37,95800000,96800000,https://www.sec.gov/Archives/edgar/data/1579241/000157924115000005/0001579241-15-000005-index.htm,https://www.sec.gov/Archives/edgar/data/1579241/000157924115000005/alle-10kx12312014doc.htm,5.98643006263048,0.3736951983298539,0.8757828810020877,0.7536534446764092,3.0323590814196244,0.1931106471816284,-6.400835073068894,0.1931106471816284,13.362212943632567,5313068000.0,6287168000.0,37.10243016759777,9.264285963382738,63.3261978545888,73.58819944598338,287.1928648648649,287.1928648648649,10.962803836094158,92.18721407624632,74.93644815256258,87.07988919667591,0.0067381031072818,0.0135891353169204,68.35675675675675,0.6273128627412075,14.28299120234604,1.8328627893845288,4.103225806451613,3.679824561403509,0.001392792262399,0.2067039106145251,0.0,0.0,0.3133587975594027,0.1394517282479142,0.0204010462074978,0.951219512195122,0.0066259808195292,1.2742455555968262,0.0233953000305896,0.0258633145499205,-14.559237995824637,442500000.0,-613200000.0,-1023600000.0,1285400000.0,291900000.0,199250000.0,180100000.0,46.53007846556234,42.25668449197861,43.1951871657754,1.9342327150084315,2.129840546697039,2.083565459610028,1.9351351351351351,0.1221294363256784,2015-02-18,0.7,bmo,513131578.0,2025-04-25,2014-12-31,0.0857142857142858,51.90359375,706284.03125
2014-09-30,ALLE,USD,1579241,2014-10-30,2014-10-30 06:08:10,2014,Q3,546700000.0,310100000.0,236600000.0,0.4327784891,0,0.0,130500000.0,130500000.0,0.0,130500000.0,440600000.0,100000.0,12700000.0,12100000.0,120200000.0,0.2198646424,106100000.0,0.1940735321,-10700000.0,95400000.0,0.1745015548,27300000.0,60800000.0,0.1112127309,0.63,0.63,95900000,96900000,https://www.sec.gov/Archives/edgar/data/1579241/000157924114000041/0001579241-14-000041-index.htm,https://www.sec.gov/Archives/edgar/data/1579241/000157924114000041/alle-10qx09302014xq3.htm,5.700729927007299,0.6339937434827946,1.1282586027111574,0.9843587069864442,2.629822732012513,0.0625651720542231,-6.642335766423358,-0.3201251303441084,13.474452554744524,4568676000.0,5596776000.0,18.785674342105263,8.356824583866837,42.22436229205176,48.39699152542373,-148.8168078175896,-148.8168078175896,10.237380647521492,46.56219633943427,51.726210720887245,59.28788135593221,0.0133080130873802,0.0206624413725114,-41.67752442996743,0.642254793695412,8.55324459234609,2.012063765618268,8.354330708661417,1.5982274741506648,0.0016853898153425,0.1266447368421052,0.0,0.0,0.3227587591607268,0.1275415896487985,0.0252423632705322,1.140495867768595,0.0058533016279495,,0.048602997057348,0.0450637414764304,-14.892335766423358,469800000.0,-637000000.0,-1052200000.0,1325300000.0,291450000.0,221350000.0,177400000.0,47.29650631059082,64.69203482747501,52.44437278297323,1.9028889662373825,1.3912068192014355,1.7161040398450471,-1.980456026058632,0.1438998957247132,2014-10-30,0.65,bmo,522580882.0,2025-04-25,2014-09-30,0.0461538461538461,52.40328125,573984.546875
2014-06-30,ALLE,USD,1579241,2014-07-30,2014-07-30 17:04:19,2014,Q2,531500000.0,305500000.0,226000000.0,0.4252116651,0,0.0,136700000.0,136700000.0,0.0,136700000.0,442200000.0,100000.0,12500000.0,12200000.0,102500000.0,0.1928504233,89300000.0,0.1680150517,-11500000.0,77800000.0,0.146378175,23100000.0,43200000.0,0.0812793979,0.45,0.44,96300000,97300000,https://www.sec.gov/Archives/edgar/data/1579241/000157924114000033/0001579241-14-000033-index.htm,https://www.sec.gov/Archives/edgar/data/1579241/000157924114000033/alle-10qx06302014xq2.htm,5.519210799584632,0.4485981308411215,0.671858774662513,0.4974039460020768,2.006230529595016,-0.1163032191069574,-6.9979231568016615,-0.4382139148494288,13.500519210799585,5458284000.0,6552684000.0,31.587291666666665,10.269584195672625,84.36296754250387,113.95164926931106,-129.34322274881518,-129.34322274881518,12.328662276575727,63.928624390243904,101.2779598145286,136.799248434238,0.007914575350055,0.008775651834899,-30.511848341232227,0.6542350490320614,10.677073170731708,2.029263831732968,7.144,1.1636690647482015,0.0014106997730422,0.1782407407407407,0.0,0.0,0.3367206950866317,0.2596599690880989,0.0316086547507055,1.3770491803278688,0.0065851364063969,,0.0402110129232779,0.033093304734181,-15.341121495327103,450200000.0,-673900000.0,-1091700000.0,1323200000.0,289850000.0,216700000.0,170650000.0,50.05456255879586,64.75286415711948,51.289689034369886,1.798037889039242,1.3898999090081892,1.7547386559448592,-1.0236966824644549,0.1744548286604361,2014-07-30,0.64,amc,557639344.0,2025-04-25,2014-06-30,-0.046875,52.59047619047619,688883.0158730159
2014-03-31,ALLE,USD,1579241,2014-04-30,2014-04-30 17:04:09,2014,Q1,466600000.0,274400000.0,192200000.0,0.411915988,0,0.0,124400000.0,124400000.0,0.0,124400000.0,398800000.0,200000.0,13100000.0,12200000.0,80100000.0,0.1716673811,67800000.0,0.1453064724,-13000000.0,54800000.0,0.1174453493,16400000.0,35800000.0,0.0767252465,0.37,0.37,96300000,97400000,https://www.sec.gov/Archives/edgar/data/1579241/000157924114000017/0001579241-14-000017-index.htm,https://www.sec.gov/Archives/edgar/data/1579241/000157924114000017/alle-10qx03312014xq1.htm,4.84527518172378,0.371754932502596,-0.0093457943925233,-0.1048805815160955,2.132917964693666,-0.2938733125649013,-7.049844236760125,-0.6272066458982347,13.997923156801662,5023971000.0,6153471000.0,35.083596368715085,10.767190312901842,-5582.1900000000005,-497.4228712871287,-83.17832781456953,-83.17832781456953,13.18789327046721,76.8223595505618,-6837.19,-609.2545544554456,0.0071258373107647,-0.0020103619228693,-22.100993377483444,0.6749077304211537,14.101123595505618,1.980281690140845,5.175572519083969,-0.0239361702127659,0.0014331292915504,0.2011173184357542,0.0,0.0,0.3289347287527175,-10.22222222222222,0.0197171024432061,0.7540983606557377,0.0075010715816545,,0.0299385525559864,0.0269720485195509,-15.619158878504672,452400000.0,-678900000.0,-1092300000.0,1311900000.0,272050000.0,212450000.0,161500000.0,54.798542648949855,70.05830903790087,54.8396501457726,1.6423794438577966,1.2846441947565543,1.6411483253588517,-0.5927152317880795,0.0955347871235721,2014-04-30,0.44,amc,466600000.0,2025-04-25,2014-03-31,0.0,50.23672131147541,1142530.1967213114
2013-12-31,ALLE,USD,1579241,2014-03-10,2014-03-10 16:57:00,2013,Q4,550600000.0,334100000.0,216500000.0,0.3932074101,0,0.0,126700000.0,126700000.0,0.0,126700000.0,460800000.0,700000.0,8800000.0,11900000.0,101500000.0,0.1843443516,89800000.0,0.1630948057,-9000000.0,80800000.0,0.1467490011,72300000.0,9400000.0,0.0170722848,0.1,0.1,96000000,96400000,https://www.sec.gov/Archives/edgar/data/1579241/000157924114000007/0001579241-14-000007-index.htm,https://www.sec.gov/Archives/edgar/data/1579241/000157924114000007/alle-10kx12312013.htm,5.735416666666667,0.0979166666666666,0.690625,0.6052083333333333,2.36875,-0.5802083333333333,-7.361458333333333,-0.5802083333333333,14.090625,4242240000.0,5358740000.0,112.82553191489362,7.704758445332365,63.98552036199094,73.01617900172117,-76.16229802513465,-76.16229802513465,9.732546313112968,52.79546798029557,80.82564102564102,92.23304647160067,0.0022158105151995,0.0136955947801161,-24.12746858168761,0.6787716551340977,11.0,1.882161060142712,10.204545454545457,7.8,0.0,0.0,0.0,0.0,0.3288044850750037,0.1236802413273001,0.0148928441699963,0.6890756302521008,0.0050853614239011,,0.0060505874452173,0.0070735194521784,-15.992708333333333,432700000.0,-706700000.0,-1112400000.0,1286700000.0,283200000.0,210450000.0,159500000.0,42.49909189974573,56.920083807243344,41.969470218497456,2.1176923076923075,1.5811642214860389,2.144415917843389,-0.1687612208258528,0.0854166666666666,2014-03-10,,bmo,,2025-04-25,2013-12-31,,43.66366666666667,1714088.1
2013-09-30,ALLE,USD,1579241,2013-09-30,2013-09-29 20:00:00,2013,Q3,529000000.0,290600000.0,238400000.0,0.4506616257,0,0.0,122200000.0,122200000.0,137600000.0,259800000.0,550400000.0,0.0,500000.0,11300000.0,-10300000.0,-0.0194706994,-21400000.0,-0.0404536862,-700000.0,-22100000.0,-0.0417769376,45500000.0,-78100000.0,-0.147637051,-0.81,-0.81,96028568,96028568,,,5.508777346341351,-0.8132996422481277,1.024695067826066,0.990330294209948,3.837399720466518,13.548051658960487,6.7709017591515055,13.208569349904293,0.0551919091410381,4655464976.639999,4291764976.64,-14.90225664737516,8.800500901020794,47.311635941463415,48.95336463343848,3.670344510122989,3.670344510122989,8.11297727153119,-416.6762113242718,43.615497730081294,45.12896926014721,-0.0167759827196396,0.020427605078588,0.0037842951750236,0.0024933769674302,35.310679611650485,2.6994079655543595,-42.8,-1.4219653179190752,0.0,0.0,0.0,0.0,0.3380603605007532,0.0335365853658536,0.0062381852551984,0.2920353982300885,0.0032136105860113,,-0.0420794699983361,-0.0612885505767872,0.5810770811452692,631500000.0,650200000.0,379000000.0,1488900000.0,312200000.0,207500000.0,160800000.0,52.12854442344045,64.91397109428767,50.54370268410186,1.7265013054830287,1.3864503816793894,1.780637254901961,-0.0615736360769473,0.034364773616118,2014-02-19,0.59,amc,552915254.0,2025-04-25,2013-09-30,-0.0169491525423729,,
2013-06-30,ALLE,USD,1579241,2013-06-30,2013-06-29 20:00:00,2013,Q2,528700000.0,310200000.0,218500000.0,0.4132778513,0,0.0,118500000.0,118500000.0,0.0,118500000.0,428700000.0,0.0,500000.0,11200000.0,112000000.0,0.2118403632,100000000.0,0.1891431814,300000.0,100300000.0,0.1897106109,37000000.0,60300000.0,0.1140533384,0.63,0.63,96028568,96028568,,,5.505653276012613,0.6279381360763393,0.6123177844326493,0.5769116540402852,3.3552515330646187,14.83725134795304,6.740702412640371,14.580036224220276,0.0572746226935301,4655464976.639999,4338264976.639999,19.301264413930348,8.805494565235483,79.17457443265305,84.03366383826713,3.3250946194128987,3.3250946194128987,8.20553239387176,38.73450872,73.7800166095238,78.30803206931407,0.0129525193085053,0.0118999928638672,0.003571173487608,0.002468038896293,-2.8321428571428573,2.62403951701427,200.0,0.9216300940438872,0.0,0.0,0.0,0.0,0.3837800483735624,0.0578231292517006,0.0064308681672025,0.3035714285714285,0.0039720068091545,14.352547416317904,0.0379293635410853,0.0483018263377122,0.4040464291834488,591800000.0,647300000.0,355100000.0,1589800000.0,308200000.0,195650000.0,162350000.0,54.1327785133346,59.59381044487428,45.95744680851064,1.6625786163522012,1.510223953261928,1.9583333333333333,0.0430683522605528,0.035406130392364,2013-06-29,,bmo,,2025-04-25,2013-06-30,,,
2013-03-31,ALLE,USD,1579241,2013-03-31,2013-03-30 20:00:00,2013,Q1,473300000.0,287200000.0,186100000.0,0.393196704,0,0.0,117300000.0,117300000.0,0.0,117300000.0,404500000.0,100000.0,400000.0,11700000.0,73000000.0,0.1542362138,68800000.0,0.1453623495,-7900000.0,60900000.0,0.1286710332,19700000.0,39400000.0,0.083245299,0.41,0.41,96028568,96028568,,,4.928741621972328,0.4102945698409248,0.004165427104984,-0.0510264820360541,3.267777563859955,14.630021349480083,6.53555512771991,14.398840145153471,0.0614400497985141,4655464976.639999,4347164976.639999,29.539752389847717,9.836182076146208,11638.6624416,-950.0948931918366,3.3669378582772835,3.3669378582772835,9.184798175871538,59.55020515945205,10867.912441599998,-887.1765258448978,0.008463171820151,-0.001052526444638,0.0039777247414478,0.002780305328076,-4.223287671232876,2.698384728340676,172.0,0.0097087378640776,0.0,0.0,0.0,0.0,0.3929329693660904,13.25,0.011197971688147,0.452991452991453,0.0038030847242763,11.529298906706757,0.0283704127630025,0.0328087267882421,0.494123790328728,578300000.0,627600000.0,345500000.0,1582700000.0,340150000.0,206550000.0,166350000.0,56.74202408620325,58.255571030640674,52.11350974930362,1.5861260053619304,1.5449166218396988,1.7269993986770895,0.0284949736023721,0.0551919091410381,2013-03-30,,bmo,,2025-04-25,2013-03-31,,,
2012-12-31,ALLE,USD,1579241,2012-12-31,2012-12-30 19:00:00,2012,Q4,522900000.0,303500000.0,219400000.0,0.4195830943,0,0.0,117300000.0,117300000.0,0.0,117300000.0,420800000.0,200000.0,300000.0,11200000.0,112700000.0,0.2155287818,102100000.0,0.1952572194,-900000.0,101200000.0,0.193536049,37500000.0,59200000.0,0.1132147638,0.62,0.62,96000051,96028568,,,5.446872106349193,0.616666339062674,0.7479162693361486,0.6906246331056637,3.3072899096689024,14.231242439652451,6.018746802540761,13.9916592335977,0.0552083040039218,4654082472.48,4341582472.48,19.65406449527027,8.900521079518072,64.82009014596099,70.19732236018099,3.4649214357355564,3.4649214357355564,8.30289246984127,38.5233582296362,60.46772245793871,65.48389852911009,0.0127200152446921,0.0142455576135656,0.0037224538415723,0.002520415364452,-2.7728482697426795,2.377580350143716,340.3333333333333,1.1271585557299844,0.0,0.0,0.0,0.0,0.3974190946668011,0.0766016713091922,0.0105182635303117,0.4910714285714285,0.0028686173264486,13.93320382153333,0.0400838907105872,0.0495231721599464,0.7242183652589934,527200000.0,577800000.0,292300000.0,1547600000.0,,,,65.7314974182444,67.37397034596376,49.344316309719936,1.3692065985860171,1.3358274647887325,1.8239182692307687,0.0440738534842167,0.0572916362304849,2012-12-30,,bmo,,2025-04-25,2012-12-31,,,
