date,symbol,reportedCurrency,cik,fillingDate,acceptedDate,calendarYear,period,revenue,costOfRevenue,grossProfit,grossProfitRatio,researchAndDevelopmentExpenses,generalAndAdministrativeExpenses,sellingAndMarketingExpenses,sellingGeneralAndAdministrativeExpenses,otherExpenses,operatingExpenses,costAndExpenses,interestIncome,interestExpense,depreciationAndAmortization,ebitda,ebitdaratio,operatingIncome,operatingIncomeRatio,totalOtherIncomeExpensesNet,incomeBeforeTax,incomeBeforeTaxRatio,incomeTaxExpense,netIncome,netIncomeRatio,eps,epsdiluted,weightedAverageShsOut,weightedAverageShsOutDil,link,finalLink,revenuePerShare,netIncomePerShare,operatingCashFlowPerShare,freeCashFlowPerShare,cashPerShare,bookValuePerShare,tangibleBookValuePerShare,shareholdersEquityPerShare,interestDebtPerShare,marketCap,enterpriseValue,peRatio,priceToSalesRatio,pocfratio,pfcfRatio,pbRatio,ptbRatio,evToSales,enterpriseValueOverEBITDA,evToOperatingCashFlow,evToFreeCashFlow,earningsYield,freeCashFlowYield,debtToEquity,debtToAssets,netDebtToEBITDA,currentRatio,interestCoverage,incomeQuality,dividendYield,payoutRatio,salesGeneralAndAdministrativeToRevenue,researchAndDdevelopementToRevenue,intangiblesToTotalAssets,capexToOperatingCashFlow,capexToRevenue,capexToDepreciation,stockBasedCompensationToRevenue,grahamNumber,roic,returnOnTangibleAssets,grahamNetNet,workingCapital,tangibleAssetValue,netCurrentAssetValue,investedCapital,averageReceivables,averagePayables,averageInventory,daysSalesOutstanding,daysPayablesOutstanding,daysOfInventoryOnHand,receivablesTurnover,payablesTurnover,inventoryTurnover,roe,capexPerShare,report_date,epsEstimated,time,revenueEstimated,updatedFromDate,fiscalDateEnding,surprise(%),QuarterAvgPrice,QuarterAvgVolume
2025-03-31,AMCR,USD,1748790,2025-05-01,2025-05-01 06:09:40,2025,Q3,3333000000.0,2679000000.0,654000000.0,0.196219622,27000000,0.0,0.0,303000000.0,0.0,341000000.0,3020000000.0,0.0,0.0,132000000.0,454000000.0,0.1362136214,313000000.0,0.0939093909,-76000000.0,237000000.0,0.0711071107,40000000.0,196000000.0,0.0588058806,0.14,0.14,1443000000,1446000000,https://www.sec.gov/Archives/edgar/data/1748790/000174879025000016/0001748790-25-000016-index.htm,https://www.sec.gov/Archives/edgar/data/1748790/000174879025000016/amcr-20250331.htm,2.30977130977131,0.1358281358281358,0.081081081081081,0.2494802494802495,1.4171864171864172,12.503118503118504,7.938322938322938,2.6687456687456685,6.406098406098407,13997099999.999998,21196100000.0,17.85344387755102,4.199549954995499,119.63333333333333,38.88083333333333,3.63466632043625,3.63466632043625,6.35946594659466,46.6874449339207,181.16324786324788,58.87805555555556,0.0140029006008387,0.0257196133484793,2.40041547649961,0.5123600487750803,15.8568281938326,1.701015228426396,0.0,0.5939086294416244,0.0131455801558894,0.9387755102040816,0.0,0.0081008100810081,0.3650925618002438,2.076923076923077,0.0729072907290729,1.8409090909090908,-0.0054005400540054,2.8558784737214498,0.018243671255914,0.0171104321257093,3.1827789327789326,2762000000.0,11455000000.0,6702000000.0,13574000000.0,1872000000.0,1190000000.0,2134000000.0,53.16831683168317,0.0,71.95968645016796,1.6927374301675977,0.0,1.2507002801120448,0.0508958712022851,0.1683991683991684,2025-04-30,0.18,amc,5210775000.0,2025-05-11,2025-03-31,0.0,,
2024-12-31,AMCR,USD,1748790,2025-02-05,2025-02-05 06:07:19,2025,Q2,-3352993406.0,2693994691.0,-6046988097.0,1.8034595852,27999945,0.0,0.0,314999390.0,0.0,342999335.0,3036994026.0,-11000000.0,-86000147.0,-141000000.0,-462385390.0,0.1379022664,-311999391.0,0.0930510005,75999851.0,-235999540.0,0.0703847313,-44385597.0,-190999646.0,0.0569639194,-0.13600691,-0.13572454,1442000000,1445000000,https://www.sec.gov/Archives/edgar/data/1748790/000174879025000010/0001748790-25-000010-index.htm,https://www.sec.gov/Archives/edgar/data/1748790/000174879025000010/amcr-20241231.htm,-2.325238145631068,-0.1324546782246879,0.2968099861303744,0.2288488210818308,0.3085991678224687,2.628987517337032,-1.9410540915395285,2.624133148404993,5.071428469486824,13569220000.0,20523220000.0,-17.760792080211502,-4.046897311434797,31.70378504672897,41.118848484848485,3.585946088794926,3.585946088794926,-6.120865004767027,-44.38552870366428,47.95144859813084,62.19157575757576,-0.0140759488017734,0.0243197471925431,1.955338266384778,0.4577172904423136,-15.039402520914424,1.2586605080831408,3.627893694181709,2.562874251497006,0.0137074938721606,-0.9738237944168756,0.0,-0.0083507307082368,0.4076708939065883,0.2289719626168224,-0.0292276148902155,0.7777777777777778,-0.0038771325874775,,-0.0204752770232836,-0.0199477437075718,-6.612170596393898,1008000000.0,-2799000000.0,-7469000000.0,11764000000.0,1874000000.0,2380000000.0,2177000000.0,-47.64399468073395,79.51017896048259,71.02463885293528,-1.8890103695774647,1.1319305424369748,1.2671658941674506,-0.050475593551797,0.0679611650485436,2025-02-04,0.16,bmo,3431200000.0,2025-05-04,2024-12-31,0.0,9.314642857142855,50058888.21428572
2024-09-30,AMCR,USD,1748790,2024-11-01,2024-11-01 06:26:12,2025,Q1,3353000000.0,2694000000.0,659000000.0,0.1965404116,28000000,0.0,0.0,315000000.0,0.0,343000000.0,3041000000.0,11000000.0,86000000.0,141000000.0,463000000.0,0.1380852967,312000000.0,0.0930509991,-76000000.0,236000000.0,0.0703847301,43000000.0,191000000.0,0.0569639129,0.13,0.13,1439000000,1444000000,https://www.sec.gov/Archives/edgar/data/1748790/000174879024000034/0001748790-24-000034-index.htm,https://www.sec.gov/Archives/edgar/data/1748790/000174879024000034/amcr-20240930.htm,2.330090340514246,0.1327310632383599,-0.1869353717859624,-0.2876997915218902,0.3002084781097984,2.774843641417651,-1.9179986101459348,2.723419041000695,5.468380820013898,16303870000.0,23654870000.0,21.34014397905759,4.862472412764689,-60.60918215613383,-39.38132850241546,4.160211788721613,4.160211788721613,7.054837458991948,51.09043196544277,-87.93631970260223,-57.13736714975845,0.0117150099945595,-0.0253927441766893,1.9859658076039808,0.4602602010644589,15.876889848812096,1.2876106194690264,3.627906976744186,-1.3937823834196892,0.0110403235550823,0.9424083769633508,0.0,0.0083507306889352,0.3993494973388528,-0.5390334572490706,0.0432448553534148,1.0283687943262412,0.0014912019087384,2.851903199882735,0.019672516759667,0.0188047651865708,-6.87369701181376,1170000000.0,-2760000000.0,-7679000000.0,12335000000.0,1909500000.0,2480000000.0,2129500000.0,52.95854458693707,79.51002227171493,74.43207126948775,1.6994424733907754,1.1319327731092437,1.2091561938958708,0.0487369226843582,0.1007644197359277,2024-10-31,0.16,amc,3355310000.0,2024-11-03,2024-09-30,0.0,9.852,22396513.4
2024-06-30,AMCR,USD,1748790,2024-08-16,2024-08-16 06:40:20,2024,Q4,3535000000.0,2781000000.0,754000000.0,0.2132956153,26000000,0.0,0.0,329000000.0,1000000.0,355000000.0,3136000000.0,7000000.0,85000000.0,147000000.0,544000000.0,0.1538896747,399000000.0,0.1128712871,-81000000.0,318000000.0,0.0899575672,56000000.0,257000000.0,0.0727015559,0.18,0.18,1439000000,1443000000,https://www.sec.gov/Archives/edgar/data/1748790/000174879024000022/0001748790-24-000022-index.htm,https://www.sec.gov/Archives/edgar/data/1748790/000174879024000022/amcr-20240630.htm,2.456567060458652,0.1785962473940236,0.6597676497567755,0.5653473822098679,0.4086170952050035,2.747046560111188,-1.9339819318971507,2.697011813759555,4.714384989576095,13814400000.0,19925400000.0,13.438132295719845,3.907892503536068,14.550577015316009,16.98071009451724,3.5594949755217726,3.5594949755217726,5.636605374823197,36.62757352941176,20.98723558467813,24.492373242217813,0.0186037757702107,0.0588903523135279,1.7261015202267458,0.4054103122730573,11.233455882352942,1.1652194320582023,4.694117647058824,3.69418540077821,0.0132257537786657,0.7109177159533074,0.0,0.0073550212164073,0.4076494795449044,0.1431113932029188,0.0384358599717114,0.9242909183673468,0.0033946251768033,3.292068385541699,0.0263557964448491,0.0262566407846342,-6.65948575399583,704000000.0,-2783000000.0,-7606000000.0,11770000000.0,1890500000.0,2387500000.0,2058000000.0,46.998585572843,83.49514563106796,65.72815533980582,1.9149512459371616,1.077906976744186,1.3692762186115215,0.066220046379799,0.0944202675469075,2024-08-15,0.2,amc,3616813283.0,2025-04-25,2024-06-30,0.0499999999999999,10.4484375,12191817.328125
2024-03-31,AMCR,USD,1748790,2024-05-01,2024-05-01 06:22:11,2024,Q3,3410000000.0,2719000000.0,691000000.0,0.2026392962,25000000,0.0,0.0,330000000.0,355000000.0,355000000.0,3073000000.0,10000000.0,89000000.0,153000000.0,491000000.0,0.1439882698,307000000.0,0.0900293255,-77000000.0,230000000.0,0.0674486804,40000000.0,187000000.0,0.0548387097,0.13,0.13,1439000000,1440000000,https://www.sec.gov/Archives/edgar/data/1748790/000174879024000016/0001748790-24-000016-index.htm,https://www.sec.gov/Archives/edgar/data/1748790/000174879024000016/amcr-20240331.htm,2.369701181375956,0.1299513551077137,0.1042390548992355,0.0257123002084781,0.3175816539263377,2.7852675469075745,-1.9339819318971507,2.7407922168172343,5.055594162612926,13598549999.999998,20327550000.0,18.179879679144385,3.987844574780058,90.65699999999998,367.5283783783783,3.4479082150101417,3.4479082150101417,5.961158357771261,41.40030549898167,135.517,549.3932432432432,0.0137514661489644,0.0027208783289394,1.8220081135902635,0.4313325330132053,13.70468431771894,1.2852031689240992,3.449438202247191,0.7936507936507936,0.0134888680778465,0.9809039946524064,0.0,0.0073313782991202,0.4076230492196879,0.7533333333333333,0.0331378299120234,0.738562091503268,0.0041055718475073,2.830868666945125,0.019693174068347,0.0189482217043266,-6.741660875608061,1116000000.0,-2783000000.0,-7623000000.0,12220000000.0,1877500000.0,2266500000.0,2117500000.0,51.070381231671554,72.6553880102979,69.01434350864288,1.7622739018087856,1.2387243735763098,1.3040767386091128,0.0474137931034482,0.0785267546907574,2024-04-30,0.1648,amc,3491015112.0,2025-04-25,2024-03-31,0.0922330097087378,10.61640625,10150990.875
2023-12-31,AMCR,USD,1748790,2024-02-07,2024-02-07 06:14:07,2024,Q2,3251000000.0,2630000000.0,621000000.0,0.1910181483,28000000,0.0,0.0,299000000.0,1000000.0,355000000.0,2985000000.0,11000000.0,89000000.0,146000000.0,390000000.0,0.1199630883,242000000.0,0.0744386343,-77000000.0,165000000.0,0.0507536143,28000000.0,134000000.0,0.0412180867,0.0924,0.0924,1439000000,1440000000,https://www.sec.gov/Archives/edgar/data/1748790/000174879024000006/0001748790-24-000006-index.htm,https://www.sec.gov/Archives/edgar/data/1748790/000174879024000006/amcr-20231231.htm,2.2592077831827657,0.0931202223766504,0.2522585128561501,0.1681723419041,0.2988186240444753,2.7984711605281447,-1.9701181375955523,2.754690757470465,4.974287699791522,13871960000.0,20510960000.0,25.880522388059703,4.266982466933252,38.21476584022039,57.32214876033058,3.4994853683148337,3.4994853683148337,6.309123346662566,52.59220512820513,56.50402203856749,84.75603305785124,0.0096597741054616,0.0174452636829979,1.783299697275479,0.4226101512524661,17.023076923076925,1.24911838790932,2.7191011235955056,2.669117647058824,0.0132537836037589,1.3720593731343285,0.0,0.0086127345432174,0.410234949482872,0.3333333333333333,0.0372193171331897,0.8287671232876712,0.0033835742848354,2.4024241628150205,0.0156795422031473,0.0135833755701976,-6.831132731063239,989000000.0,-2835000000.0,-7741000000.0,12228000000.0,1845000000.0,2278000000.0,2142000000.0,50.3844970778222,80.00760456273764,73.574144486692,1.7862637362637364,1.1248930710008551,1.2232558139534884,0.0338042381432896,0.08408617095205,2024-02-06,0.15,amc,3409010000.0,2025-04-25,2023-12-31,0.0666666666666667,9.704444444444444,8001474.126984127
2023-09-30,AMCR,USD,1748790,2023-11-01,2023-11-01 06:22:47,2024,Q1,3443000000.0,2798000000.0,645000000.0,0.187336625,27000000,0.0,0.0,302000000.0,-1000000.0,329000000.0,3127000000.0,10000000.0,85000000.0,149000000.0,448000000.0,0.1301190822,270000000.0,0.0784199826,-76000000.0,194000000.0,0.0563462097,-39000000.0,152000000.0,0.0441475457,0.1,0.1,1439000000,1439000000,https://www.sec.gov/Archives/edgar/data/1748790/000174879023000036/0001748790-23-000036-index.htm,https://www.sec.gov/Archives/edgar/data/1748790/000174879023000036/amcr-20230930.htm,2.3926337734537872,0.1056289089645587,-0.093815149409312,-0.1799861014593467,0.3641417651146629,2.754690757470465,-1.9930507296733844,2.708825573314802,4.9909659485754,13181240000.0,19754240000.0,21.67967105263158,3.8284170781295375,-97.6388148148148,-50.89281853281853,3.3815392508978963,3.3815392508978963,5.737507987220448,44.09428571428571,-146.3277037037037,-76.27119691119691,0.0115315402799736,-0.0196491377139024,1.8206772703950744,0.425403104957142,14.671875,1.2696629213483146,3.176470588235294,-0.8766233766233766,0.0133523097978642,1.1578947368421053,0.0,0.0078419982573337,0.4095186717017323,-0.9185185185185184,0.0360151031077548,0.8322147651006712,-0.0014522218995062,2.537307928179412,0.0253421655607583,0.0154299055933407,-6.758512856150104,1080000000.0,-2868000000.0,-7634000000.0,12159000000.0,1872500000.0,2454000000.0,2173500000.0,48.88178913738019,71.34381701215153,68.64188706218728,1.8411764705882352,1.261496844003607,1.3111527647610122,0.038994356080041,0.0861709520500347,2023-10-31,0.14,amc,3348420000.0,2025-04-25,2023-09-30,0.1428571428571427,9.36032786885246,9154053.081967212
2023-06-30,AMCR,USD,1748790,2023-08-17,2023-08-17 06:32:56,2023,Q4,3673000000.0,2951000000.0,722000000.0,0.1965695617,25000000,0.0,0.0,329000000.0,-3000000.0,338000000.0,3289000000.0,0.0,70000000.0,158000000.0,461000000.0,0.1255104819,325000000.0,0.0884835285,-73000000.0,252000000.0,0.0686087667,68000000.0,180000000.0,0.0490062619,0.12,0.12,1447000000,1447773444,https://www.sec.gov/Archives/edgar/data/1748790/000174879023000030/0001748790-23-000030-index.htm,https://www.sec.gov/Archives/edgar/data/1748790/000174879023000030/amcr-20230630.htm,2.5383552176917763,0.1243953006219765,0.6440912232204561,0.544574982722875,0.4761575673807878,2.8265376641326885,-1.93503800967519,2.7823082239115413,4.710435383552177,14441060000.0,20498060000.0,20.05702777777778,3.9316798257555137,15.494699570815452,18.326218274111675,3.586949826130154,3.586949826130154,5.580740539068881,44.46433839479393,21.99362660944206,26.01276649746193,0.0124644589801579,0.0545666315353582,1.6756085444610034,0.3967535140857495,13.13882863340564,1.1858802502234138,4.642857142857143,5.065217391304348,0.0116158401807069,0.9319169166666668,0.0,0.0068064252654505,0.4052226077750985,0.1545064377682403,0.0392050095289953,0.9113924050632912,0.0032670841274162,2.790588921459171,0.0186543186307355,0.0177988727380599,-6.711299239806496,832000000.0,-2800000000.0,-7605000000.0,12017000000.0,1954500000.0,2609000000.0,2316500000.0,45.94337054179145,82.03998644527279,67.49237546594375,1.9589333333333336,1.0970260223048327,1.333483958427474,0.044709388971684,0.0995162404975812,2023-08-16,0.18,amc,3694330000.0,2025-04-25,2023-06-30,0.0555555555555556,9.185714285714289,8109491.761904762
2023-03-31,AMCR,USD,1748790,2023-05-03,2023-05-03 06:28:20,2023,Q3,3667000000.0,2994000000.0,673000000.0,0.1835287701,27000000,0.0,0.0,317000000.0,47000000.0,391000000.0,3385000000.0,15000000.0,86000000.0,144000000.0,479000000.0,0.1306244887,282000000.0,0.0769020998,-69000000.0,213000000.0,0.0580856286,34000000.0,177000000.0,0.0482683392,0.12,0.12,1470000000,1476000000,https://www.sec.gov/Archives/edgar/data/1748790/000174879023000021/0001748790-23-000021-index.htm,https://www.sec.gov/Archives/edgar/data/1748790/000174879023000021/amcr-20230331.htm,2.494557823129252,0.1204081632653061,0.1251700680272109,0.0353741496598639,0.3836734693877551,2.9306122448979592,-1.7537414965986395,2.889795918367347,5.14625850340136,16728600000.000002,23643600000.0,23.62796610169492,4.561930733569676,90.91630434782608,321.7038461538462,3.9379943502824863,3.9379943502824863,6.447668393782384,49.36033402922756,128.4978260869565,454.68461538461537,0.0105806821850005,0.0031084490035029,1.7605932203389831,0.4328625998379442,14.436325678496868,1.2676950998185117,3.2790697674418605,1.0279329608938548,0.0107600157813564,1.0169491525423728,0.0,0.0073629670029997,0.3985414978585484,0.717391304347826,0.0359967275702208,0.9166666666666666,0.0035451322607035,2.7980328664437257,0.0181195745464452,0.0170323325635103,-6.578571428571428,1180000000.0,-2578000000.0,-7382000000.0,12341000000.0,2003000000.0,2656500000.0,2464500000.0,49.92091628033815,75.99198396793587,72.74549098196393,1.802851524090462,1.1843354430379749,1.237190082644628,0.0416666666666666,0.0897959183673469,2023-05-02,0.18,amc,3697420000.0,2025-04-25,2023-03-31,0.0,9.633015873015871,7009297.26984127
2022-12-31,AMCR,USD,1748790,2023-02-08,2023-02-08 06:21:39,2023,Q2,3642000000.0,2980000000.0,662000000.0,0.1817682592,24000000,0.0,0.0,298000000.0,-6000000.0,316000000.0,3296000000.0,11000000.0,68000000.0,133000000.0,469000000.0,0.1287753981,349000000.0,0.095826469,-65000000.0,494000000.0,0.1356397584,33000000.0,459000000.0,0.126029654,0.31,0.31,1475000000,1485000000,https://www.sec.gov/Archives/edgar/data/1748790/000174879023000007/0001748790-23-000007-index.htm,https://www.sec.gov/Archives/edgar/data/1748790/000174879023000007/amcr-20221231.htm,2.469152542372881,0.3111864406779661,0.2745762711864407,0.2081355932203389,0.5674576271186441,2.990508474576272,-1.6589830508474577,2.951186440677966,4.725423728813559,17567250000.0,23632250000.0,9.568218954248367,4.8235172981878085,43.37592592592593,57.22231270358306,4.03566505858029,4.03566505858029,6.48881109280615,50.38859275053305,58.35123456790124,76.97801302931596,0.0261281646245143,0.0174757005222786,1.585573167930163,0.394964234620887,12.9317697228145,1.3346232642840885,5.132352941176471,0.8785249457700651,0.0100718410678962,0.3854783224400872,0.0,0.0065897858319604,0.3924463519313305,0.2419753086419753,0.0269082921471718,0.7368421052631579,0.0035694673256452,4.545691047097478,0.0247783197518117,0.0432325515682396,-6.436271186440678,1470000000.0,-2447000000.0,-7201000000.0,12558000000.0,1978000000.0,2812000000.0,2549500000.0,48.73146622734762,84.11073825503355,75.7751677852349,1.84685598377282,1.0700179533213643,1.18772419290554,0.1054445210199862,0.0664406779661016,2023-02-07,0.18,amc,3676400000.0,2025-04-25,2022-12-31,0.0555555555555556,10.424032258064516,7903520.629032258
2022-09-30,AMCR,USD,1748790,2022-11-02,2022-11-02 06:15:39,2023,Q1,3712000000.0,3044000000.0,668000000.0,0.1799568966,25000000,0.0,0.0,302000000.0,0.0,325000000.0,3369000000.0,9000000.0,50000000.0,151000000.0,511000000.0,0.1376616379,342000000.0,0.0921336207,-50000000.0,292000000.0,0.0786637931,58000000.0,232000000.0,0.0625,0.16,0.16,1474000000,1486000000,https://www.sec.gov/Archives/edgar/data/1748790/000174879022000034/0001748790-22-000034-index.htm,https://www.sec.gov/Archives/edgar/data/1748790/000174879022000034/amcr-20220930.htm,2.5183175033921303,0.1573948439620081,-0.1763907734056987,-0.2795115332428765,0.3812754409769335,2.6974219810040707,-1.9470827679782905,2.6580732700135683,4.752374491180461,15816020000.0,22209020000.0,17.043125,4.26078125,-60.83084615384615,-38.38839805825243,4.036758550280756,4.036758550280756,5.983033405172414,43.46187866927593,-85.4193076923077,-53.90538834951456,0.0146686713850892,-0.0260495371148999,1.7751403777437469,0.4022091140411751,12.510763209393346,1.2745696230115493,6.84,-1.1111111111111112,0.0114440927616429,0.7801724137931034,0.0,0.0067349137931034,0.3959056210964607,-0.5846153846153846,0.0409482758620689,1.0066225165562914,0.0043103448275862,3.0681033425230044,0.0214467871625858,0.022209458165805,-6.764586160108548,1260000000.0,-2870000000.0,-7467000000.0,12231000000.0,1959500000.0,2956000000.0,2514500000.0,48.103448275862064,83.9388961892247,76.57687253613666,1.870967741935484,1.0722085241282142,1.1752895752895751,0.0592138846350178,0.1031207598371777,2022-11-01,0.18,amc,3580377500.0,2025-04-25,2022-09-30,0.0,11.454516129032257,8128937.354838709
2022-06-30,AMCR,USD,1748790,2022-08-18,2022-08-18 06:32:42,2022,Q4,3909000000.0,3115000000.0,794000000.0,0.2031210028,24000000,0.0,0.0,342000000.0,-1000000.0,335000000.0,3450000000.0,9000000.0,35000000.0,146000000.0,379000000.0,0.0969557432,252000000.0,0.0644666155,-36000000.0,216000000.0,0.055257099,104000000.0,109000000.0,0.0278843694,0.074,0.073,1485000000,1501000000,https://www.sec.gov/Archives/edgar/data/1748790/000174879022000024/0001748790-22-000024-index.htm,https://www.sec.gov/Archives/edgar/data/1748790/000174879022000024/amcr-20220630.htm,2.632323232323232,0.0734006734006734,0.630976430976431,0.5272727272727272,0.5218855218855218,2.7885521885521887,-1.8861952861952864,2.7488215488215486,4.393939393939394,18458550000.0,24173550000.0,42.33612385321101,4.722064466615502,19.699626467449303,23.57413793103448,4.521937775600196,4.521937775600196,6.18407521105142,63.78245382585752,25.79887940234792,30.872988505747127,0.0059051225583808,0.042419366634974,1.589906908378246,0.3724319981636635,15.07915567282322,1.1469723691945914,7.2,8.366071428571429,0.0098599294094064,1.6697247706422018,0.0,0.0061396776669224,0.3983702513485596,0.1643543223052294,0.0393962650294192,1.0547945205479452,0.0040931184446149,2.1306619714750936,0.010391813795663,0.0103967951163677,-6.625757575757576,750000000.0,-2801000000.0,-7432000000.0,11898000000.0,2012500000.0,2944500000.0,2429500000.0,44.55103607060629,88.78651685393258,70.46869983948635,2.02015503875969,1.013667425968109,1.2771627716277163,0.026702596766291,0.1037037037037037,2022-08-17,0.24,amc,3782849451.0,2025-04-25,2022-06-30,0.0,11.662222222222224,7597532.333333333
2022-03-31,AMCR,USD,1748790,2022-05-04,2022-05-04 06:28:10,2022,Q3,3708000000.0,2977000000.0,731000000.0,0.1971413161,24000000,0.0,0.0,326000000.0,3000000.0,353000000.0,3330000000.0,5000000.0,31000000.0,147000000.0,551000000.0,0.1485976268,369000000.0,0.0995145631,-26000000.0,343000000.0,0.0925026969,72000000.0,269000000.0,0.0725458468,0.18,0.18,1503000000,1507000000,https://www.sec.gov/Archives/edgar/data/1748790/000174879022000017/0001748790-22-000017-index.htm,https://www.sec.gov/Archives/edgar/data/1748790/000174879022000017/amcr-20220331.htm,2.467065868263473,0.1789753825681969,0.176979374584165,0.0984697272122421,0.716566866267465,3.045242847638057,-1.6706586826347305,3.005322687957418,4.843646041250832,17028990000.0,23200990000.0,15.826198884758364,4.5925,64.01875939849623,115.06074324324324,3.7699778614124417,3.7699778614124417,6.257009169363538,42.10705989110708,87.22176691729324,156.76344594594593,0.0157965915770694,0.0086910615368263,1.6048262120876688,0.4030132873742147,11.201451905626136,1.3946654611211573,11.903225806451612,0.981549815498155,0.0106876567547458,0.6765799256505576,0.0,0.0064724919093851,0.3940623783843887,0.4436090225563909,0.0318230852211434,0.8027210884353742,0.0043149946062567,3.478832059888257,0.0213819049543438,0.0246811634094871,-6.357618097139056,1746000000.0,-2511000000.0,-7240000000.0,13145000000.0,1989500000.0,2779500000.0,2346500000.0,50.728155339805824,85.13268390997649,73.16090023513604,1.7741626794258374,1.0571732954545454,1.2301652892561985,0.0595528005313261,0.0785096473719228,2022-05-03,0.2,amc,3435357369.0,2025-04-25,2022-03-31,0.0,12.264375,8574396.734375
2021-12-31,AMCR,USD,1748790,2022-02-03,2022-02-03 06:17:17,2022,Q2,3507000000.0,2862000000.0,645000000.0,0.1839178785,23000000,0.0,0.0,303000000.0,2000000.0,313000000.0,3175000000.0,5000000.0,34000000.0,155000000.0,510000000.0,0.1454234388,322000000.0,0.0918163673,-32000000.0,290000000.0,0.0826917593,61000000.0,225000000.0,0.0641573995,0.15,0.15,1520000000,1524000000,https://www.sec.gov/Archives/edgar/data/1748790/000174879022000010/0001748790-22-000010-index.htm,https://www.sec.gov/Archives/edgar/data/1748790/000174879022000010/amcr-20211231.htm,2.307236842105264,0.1480263157894736,0.2861842105263157,0.2138157894736842,0.4118421052631579,2.9730263157894736,-1.7105263157894737,2.935526315789473,4.409868421052631,18255200000.0,24298200000.0,20.283555555555555,5.205360707157114,41.96597701149425,56.16984615384615,4.091259524876737,4.091259524876737,6.928485885372113,47.6435294117647,55.85793103448276,74.76369230769231,0.0123252552697313,0.017803146500723,1.494621246077992,0.3891352549889135,11.849019607843138,1.2557651991614256,9.470588235294118,1.899563318777293,0.0101340987773346,0.8222222222222222,0.0,0.0065583119475335,0.4153926945968024,0.2528735632183908,0.0313658397490732,0.7096774193548387,0.0045623039635015,3.12682599006735,0.0196104400368071,0.0224573310709651,-6.210361842105264,1098000000.0,-2600000000.0,-7228000000.0,12453000000.0,1913500000.0,2577500000.0,2193000000.0,48.47733105218136,86.25786163522012,71.47798742138365,1.856537850714664,1.043383157127233,1.2591289045314562,0.0504258180188256,0.0723684210526315,2022-02-01,0.18,amc,3316895479.0,2025-04-25,2021-12-31,0.0,12.366774193548387,11286431.483870968
2021-09-30,AMCR,USD,1748790,2021-11-04,2021-11-04 06:18:13,2022,Q1,3420000000.0,2770000000.0,650000000.0,0.1900584795,25000000,0.0,0.0,313000000.0,5000000.0,346000000.0,3116000000.0,5000000.0,35000000.0,177000000.0,499000000.0,0.1459064327,296000000.0,0.0865497076,-30000000.0,266000000.0,0.0777777778,63000000.0,202000000.0,0.0590643275,0.13,0.13,1530000000,1534000000,https://www.sec.gov/Archives/edgar/data/1748790/000174879021000038/0001748790-21-000038-index.htm,https://www.sec.gov/Archives/edgar/data/1748790/000174879021000038/amcr-20210930.htm,2.235294117647059,0.1320261437908496,-0.0732026143790849,-0.1679738562091503,0.4137254901960784,3.07516339869281,-1.615686274509804,3.0392156862745097,4.331372549019608,17732700000.0,23691700000.0,21.94641089108911,5.185,-158.32767857142855,-68.9988326848249,3.813483870967742,3.813483870967742,6.9273976608187136,47.478356713426855,-211.5330357142857,-92.18560311284048,0.0113913842787618,-0.0144929988101078,1.4176344086021506,0.3867636704998826,11.94188376753507,1.3141647996016927,8.457142857142857,-0.5517241379310345,0.0103199174406604,0.905940594059406,0.0,0.0073099415204678,0.4210865993898146,-1.2946428571428572,0.0423976608187134,0.8192090395480226,0.0043859649122807,3.0047060358990856,0.0172504571853459,0.0204722813418465,-6.010457516339869,1262000000.0,-2472000000.0,-7060000000.0,12660000000.0,1901000000.0,2493000000.0,2052000000.0,51.0,78.36823104693141,68.6534296028881,1.7647058823529411,1.148424543946932,1.3109323237103645,0.0434408602150537,0.0947712418300653,2021-11-02,0.18,amc,3282080000.0,2025-04-25,2021-09-30,0.0,11.673225806451612,8409357.564516129
2021-06-30,AMCR,USD,1748790,2021-08-24,2021-08-24 06:11:18,2021,Q4,3454000000.0,2709000000.0,745000000.0,0.2156919514,26000000,0.0,0.0,330000000.0,4000000.0,308000000.0,3017000000.0,4000000.0,26000000.0,148000000.0,521000000.0,0.1508396063,365000000.0,0.1056745802,-32000000.0,333000000.0,0.0964099595,74000000.0,255000000.0,0.0738274464,0.17,0.17,1530000000,1534000000,https://www.sec.gov/Archives/edgar/data/1748790/000174879021000031/0001748790-21-000031-index.htm,https://www.sec.gov/Archives/edgar/data/1748790/000174879021000031/amcr-20210630.htm,2.257516339869281,0.1666666666666666,0.5516339869281046,0.4647058823529412,0.5555555555555556,3.1509803921568627,-1.5901960784313725,3.1137254901960785,4.127450980392157,17533800000.0,22972800000.0,17.19,5.076375217139549,20.774644549763032,24.660759493670888,3.6804785894206553,3.6804785894206553,6.651071221771859,44.09366602687141,27.218957345971564,32.31054852320675,0.0145433391506689,0.0405502515142182,1.3201091519731318,0.3658948103327903,10.439539347408829,1.2119677790563868,14.038461538461538,3.258687258687259,0.0103229191618474,0.7098039215686275,0.0,0.0075275043427909,0.4220386316034442,0.1575829383886255,0.0385060799073537,0.8986486486486487,0.0040532715691951,3.417085101111076,0.0217672817734158,0.025669418159855,-5.963071895424837,921000000.0,-2433000000.0,-7101000000.0,12468000000.0,1819500000.0,2280000000.0,1933500000.0,48.56977417486972,85.51495016611295,66.14617940199335,1.8530042918454936,1.0524475524475525,1.3606228026117528,0.0535264483627204,0.0869281045751634,2021-08-17,0.22,amc,3282080000.0,2025-04-25,2021-06-30,0.0454545454545455,11.87234375,5798338.546875
2021-03-31,AMCR,USD,1748790,2021-05-06,2021-05-06 06:22:25,2021,Q3,3207000000.0,2525000000.0,682000000.0,0.2126598067,25000000,0.0,0.0,325000000.0,1000000.0,333000000.0,2858000000.0,3000000.0,33000000.0,139000000.0,489000000.0,0.1524789523,373000000.0,0.1163080761,-32000000.0,341000000.0,0.1063299033,71000000.0,267000000.0,0.0832553789,0.17,0.17,1549000000,1550000000,https://www.sec.gov/Archives/edgar/data/1748790/000174879021000021/0001748790-21-000021-index.htm,https://www.sec.gov/Archives/edgar/data/1748790/000174879021000021/amcr-20210331.htm,2.07036797934151,0.1723692704970949,0.1129761136216914,0.0374435119431891,0.4454486765655261,3.0374435119431893,-1.6539703034215625,3.0,4.284699806326662,18092320000.0,24006320000.0,16.940374531835204,5.641509198628001,103.38468571428572,311.9365517241379,3.893333333333333,3.893333333333333,7.485600249454318,49.09267893660532,137.17897142857143,413.9020689655172,0.0147576430220115,0.0032057801321223,1.4211319130621909,0.398023143683703,12.094069529652351,1.2997275204359673,11.303030303030305,0.6481481481481481,0.0100595169663149,0.6816479400749064,0.0,0.0077954474586841,0.4379821600771456,0.6685714285714286,0.0364826941066417,0.841726618705036,0.0049890863735578,3.411000697530551,0.0226676831224007,0.0286327077747989,-5.7635571336346025,1100000000.0,-2562000000.0,-7117000000.0,12565000000.0,1728000000.0,2039500000.0,1859500000.0,49.81290926099157,70.78811881188119,66.86732673267326,1.8067605633802817,1.2713997985901309,1.345948827292111,0.0574564234990316,0.0755326016785022,2021-05-04,0.17,amc,3207000000.0,2025-04-25,2021-03-31,0.0588235294117645,11.93625,5841700.03125
2020-12-31,AMCR,USD,1748790,2021-02-04,2021-02-04 06:05:19,2021,Q2,3103000000.0,2452000000.0,651000000.0,0.2097969707,23000000,0.0,0.0,308000000.0,3000000.0,321000000.0,2773000000.0,4000000.0,33000000.0,142000000.0,469000000.0,0.1511440541,307000000.0,0.0989365131,-30000000.0,277000000.0,0.0892684499,55000000.0,219000000.0,0.0705768611,0.14,0.14,1560000000,1570000000,https://www.sec.gov/Archives/edgar/data/1748790/000174879021000012/0001748790-21-000012-index.htm,https://www.sec.gov/Archives/edgar/data/1748790/000174879021000012/amcr-20201231.htm,1.989102564102564,0.1403846153846153,0.3538461538461538,0.2871794871794871,0.483974358974359,3.107692307692308,-1.6083333333333334,3.071794871794872,4.1782051282051285,18361200000.0,24091200000.0,20.96027397260274,5.917241379310345,33.26304347826087,40.98482142857143,3.831636060100166,3.831636060100166,7.7638414437640995,51.36716417910448,43.64347826086957,53.775,0.0119273250114371,0.0243992767357253,1.353297161936561,0.3879052518243809,12.217484008528784,1.2814029363784665,9.303030303030305,2.4864864864864864,0.0100211315164586,0.8401826484018264,0.0,0.0074121817595874,0.4400646010288312,0.1884057971014492,0.0335159523042217,0.7323943661971831,0.0045117628101836,3.114921618017142,0.0187919744366943,0.0233949364384147,-5.726121794871795,1035000000.0,-2509000000.0,-7157000000.0,12678000000.0,1677000000.0,1950500000.0,1813500000.0,48.75604253947792,76.82300163132138,67.6468189233279,1.8459250446163,1.1715241280458673,1.3304395008138905,0.0457011686143572,0.0666666666666666,2021-02-02,0.17,amc,3081120000.0,2025-04-25,2020-12-31,0.0588235294117645,11.896349206349209,5918787.349206349
2020-09-30,AMCR,USD,1748790,2020-11-06,2020-11-06 16:36:10,2021,Q1,3097000000.0,2443000000.0,654000000.0,0.211172102,26000000,0.0,0.0,329000000.0,3000000.0,355000000.0,2798000000.0,3000000.0,37000000.0,145000000.0,444000000.0,0.1433645463,276000000.0,0.0891185018,-34000000.0,242000000.0,0.0781401356,61000000.0,198000000.0,0.0639328382,0.13,0.13,1569000000,1569000000,https://www.sec.gov/Archives/edgar/data/1748790/000174879020000035/0001748790-20-000035-index.htm,https://www.sec.gov/Archives/edgar/data/1748790/000174879020000035/amcr-20200930.htm,1.9738687061822813,0.1261950286806883,-0.070108349267049,-0.1427660930528999,0.4824729126832377,3.0235818992989163,-1.650095602294455,2.987253027405991,4.22944550669216,17337450000.0,23179450000.0,21.8907196969697,5.598143364546335,-157.61318181818183,-77.39933035714286,3.6990505653936414,3.6990505653936414,7.48448498546981,52.20596846846847,-210.72227272727272,-103.4796875,0.0114203645864876,-0.0129200084210769,1.4079368465969704,0.4007895535985423,13.157657657657658,1.2719249862107005,7.45945945945946,-0.55,0.0104398282331023,0.914141414141414,0.0,0.0083952211817888,0.445368964470088,-1.0363636363636364,0.0368098159509202,0.7862068965517242,0.0045205037132709,2.912382329481205,0.015785711712634,0.0216819973718791,-5.619662205226259,986000000.0,-2589000000.0,-7109000000.0,12472000000.0,1644500000.0,1989500000.0,1808000000.0,48.618017436228605,66.60663119115841,65.72247237003684,1.8511655708308428,1.351216814159292,1.3693946188340806,0.0422445060806486,0.0726577437858508,2020-11-05,0.15,amc,2903437500.0,2025-04-25,2020-09-30,0.0666666666666667,11.397540983606556,6947329.786885246
2020-06-30,AMCR,USD,1748790,2020-08-27,2020-08-27 13:43:47,2020,Q4,3143200000.0,2423200000.0,720000000.0,0.2290659201,22700000,0.0,0.0,351600000.0,-1400000.0,355900000.0,2779100000.0,3900000.0,27200000.0,152700000.0,461400000.0,0.1467930771,309900000.0,0.0985937898,-46700000.0,263000000.0,0.0836726903,64000000.0,178900000.0,0.0569165182,0.11,0.11,1561000000,1565000000,https://www.sec.gov/Archives/edgar/data/1748790/000174879020000025/0001748790-20-000025-index.htm,https://www.sec.gov/Archives/edgar/data/1748790/000174879020000025/amcr-20200630.htm,2.0135810377962846,0.1146060217809096,0.5853299167200513,0.5294042280589366,0.4759769378603459,3.0025624599615632,-1.695067264573991,2.9634849455477257,4.011018577834721,15937810000.000002,21428810000.0,22.27195360536613,5.070568210740647,17.443154208164604,19.285830106485964,3.445268050151319,3.445268050151319,6.817513998472894,46.443021239705246,23.452785378132862,25.93031219748305,0.0112248797043006,0.0518515404563111,1.3476005188067446,0.3791509548716701,11.900736887732986,1.1411675893306492,11.393382352941176,5.144707207207207,0.0117331051129358,1.0452766908887647,0.0,0.00722193942479,0.4459919717795889,0.0955455838896793,0.0277742428098752,0.5717092337917485,0.0033087299567319,2.764371077637536,0.0183796106163462,0.0196399165660335,-5.691223574631646,561000000.0,-2646000000.0,-7220000000.0,12034000000.0,1673250000.0,2016150000.0,1825900000.0,46.27131585645202,80.63304721030043,68.04225817101354,1.945049504950495,1.1161676646706586,1.322707423580786,0.038672719412019,0.0559256886611146,2020-08-18,0.19,bmo,3142700000.0,2025-04-25,2020-06-30,0.0,11.4053125,5338166.890625
2020-03-31,AMCR,USD,1748790,2020-05-11,2020-05-11 17:24:06,2020,Q3,3141000000.0,2489000000.0,652000000.0,0.2075772047,24900000,0.0,0.0,353200000.0,5400000.0,360700000.0,2849700000.0,5300000.0,45800000.0,167500000.0,457400000.0,0.1456224132,271200000.0,0.0863419293,-34900000.0,236100000.0,0.0751671442,56100000.0,181500000.0,0.0577841452,0.11,0.11,1593700000,1594700000,https://www.sec.gov/Archives/edgar/data/1748790/000174879020000018/0001748790-20-000018-index.htm,https://www.sec.gov/Archives/edgar/data/1748790/000174879020000018/amcr-20200331.htm,1.970885361109368,0.1138859258329673,0.08050448641526,0.0139298487795695,0.3374537240384012,3.0136161134466963,-1.5445190437347054,2.9739599673715253,4.120850850222752,12940843999.999998,18924644000.0,17.824853994490358,4.119975803884112,100.86394388152766,582.9209009009008,2.7303662756350744,2.7303662756350744,6.02503788602356,41.37438565806734,147.50307092751365,852.4614414414415,0.014025360324257,0.0017154986181735,1.375981095451093,0.3971499908653553,13.082203760384784,1.232837700922807,5.921397379912664,0.69880174291939,0.0139867229679918,0.9972451790633609,0.0,0.00792741165234,0.4423786614700688,0.8269680436477007,0.0337790512575612,0.6334328358208955,0.0033428844317096,2.760538742016034,0.015601337653628,0.0198215514322845,-5.567311915667943,850300000.0,-2461500000.0,-7116000000.0,12273400000.0,1699800000.0,1968550000.0,1855800000.0,49.58452722063037,67.30293290478103,65.8023302531137,1.8150823461427328,1.337237414710149,1.367732717881086,0.0382943708329816,0.0665746376356905,2020-05-11,0.16,amc,3350400000.0,2025-04-25,2020-03-31,0.0,10.884375,7498418.4375
2019-12-31,AMCR,USD,1748790,2020-02-11,2020-02-11 16:41:07,2020,Q2,3043100000.0,2425800000.0,617300000.0,0.2028523545,23500000,0.0,0.0,308300000.0,4400000.0,320900000.0,2746700000.0,6300000.0,52300000.0,147500000.0,424800000.0,0.1395944925,272300000.0,0.0894811212,-41300000.0,230700000.0,0.0758108508,45100000.0,185600000.0,0.0609904374,0.12,0.12,1613400000,1615400000,https://www.sec.gov/Archives/edgar/data/1748790/000174879020000010/0001748790-20-000010-index.htm,https://www.sec.gov/Archives/edgar/data/1748790/000174879020000010/amcor2q2020form10-qxde.htm,1.8861410685508864,0.115036568736829,0.2673856452212718,0.2108590554109334,0.4176273707698029,3.3487665798933928,-1.2008801289202926,3.3095946448493865,3.881864385769183,17489256000.0,23026156000.0,23.55772629310345,5.747184121455095,40.54069541029208,51.40874779541446,3.275325580088769,3.275325580088769,7.566677401334166,54.20469868173258,53.37541956420955,67.68417401528512,0.0106122295882683,0.0194519423810824,1.1631177781523308,0.3689685491249124,13.034133709981168,1.244253331209853,5.2065009560229445,2.297124600638978,0.0216704472734574,2.0420258620689653,0.0,0.0077223883539811,0.4360823639841735,0.2114047287899861,0.0299694390588544,0.6183050847457627,0.0023331471197134,2.9268240922027244,0.0161154906421706,0.0195528960620298,-5.304434734101896,920200000.0,-1937500000.0,-6742100000.0,12571400000.0,1729300000.0,1983850000.0,1883100000.0,49.363806644540105,77.01459312391789,70.187979223349,1.8231981307291352,1.1686096926486174,1.2822708531557248,0.0347585070322302,0.0565265898103384,2020-02-11,0.14,amc,2852906250.0,2025-04-25,2019-12-31,0.1428571428571427,9.333174603174603,9429271.047619049
2019-09-30,AMCR,USD,1748790,2019-11-07,2019-11-07 17:11:38,2020,Q1,3140700000.0,2594000000.0,546700000.0,0.174069475,25900000,0.0,0.0,371900000.0,7600000.0,388500000.0,2982500000.0,6700000.0,59700000.0,184300000.0,339100000.0,0.1079695609,140600000.0,0.0447670901,-45800000.0,95200000.0,0.0303117139,21800000.0,66000000.0,0.0210144235,0.041,0.041,1623500000,1626100000,https://www.sec.gov/Archives/edgar/data/1748790/000174879019000007/0001748790-19-000007-index.htm,https://www.sec.gov/Archives/edgar/data/1748790/000174879019000007/amcor1q2020form10-qxse.htm,1.9345241761626115,0.0406529103788112,-0.0550662149676624,-0.1261472128118263,0.2957807206652294,3.382445334154604,-1.0772405297197414,3.3410532799507235,3.59242377579304,15829125000.0,21121525000.0,59.95880681818181,5.03999904479893,-177.05956375838926,-77.2906494140625,2.918241399653405,2.918241399653405,6.725101092113223,62.28700973164258,-236.2586689038031,-103.1324462890625,0.0041695292696216,-0.0129381756730078,1.0642306699605473,0.3450303932292133,15.607195517546446,1.188196687154912,2.355108877721943,-1.3147058823529412,6.317468590335853e-05,0.0151515151515151,0.0,0.0082465692361575,0.4327553539302001,-1.29082774049217,0.0367434011526092,0.6261530113944656,0.0019104021396503,1.7481503482581455,0.0081025930018615,0.0069543960212425,-5.223144441022482,722600000.0,-1748900000.0,-6677100000.0,12401700000.0,1826900000.0,2097650000.0,1914100000.0,51.27996943356577,65.64032382420972,65.0331534309946,1.755071248952221,1.3711084095353876,1.3839095177123346,0.0121676929316765,0.0710809978441638,2019-11-07,0.15,amc,3623884615.0,2025-04-25,2019-09-30,-0.1333333333333332,9.58274193548387,10997628.14516129
2019-06-30,AMCR,USD,1748790,2019-09-03,2019-09-03 07:55:13,2019,Q4,2602900000.0,2068000000.0,534900000.0,0.205501556,16700000,0.0,0.0,374800000.0,-700000.0,253400000.0,2321400000.0,5200000.0,48600000.0,183400000.0,399500000.0,0.153482654,211600000.0,0.0812939414,-39200000.0,167500000.0,0.0643513005,90700000.0,80600000.0,0.0309654616,0.05,0.05,1623200000,1626100000,https://www.sec.gov/Archives/edgar/data/1748790/000174879019000003/0001748790-19-000003-index.htm,https://www.sec.gov/Archives/edgar/data/1748790/000174879019000003/amcor-2019form10xkxjune302.htm,1.6035608674223756,0.0496550024642681,0.4033390832922622,0.3532528339083292,0.3706259241005421,3.495995564317398,-1.101589452932479,3.4555199605717104,3.789921143420404,18553176000.0,24054776000.0,57.54707196029776,7.127886588036421,28.33843897968535,32.3564283222881,3.30775111428062,3.30775111428062,9.241529063736602,60.21220525657071,36.74167710401711,41.95112661318451,0.0043442696819132,0.0309057597470104,1.0881083972187555,0.3555607340518497,13.771214017521904,1.1471443040204323,4.3539094650205765,7.897466827503016,0.020185223273902,4.646401985111663,0.0,0.0064159207038303,0.4347684241188465,0.1241790132885291,0.0312343924084674,0.4432933478735005,0.0025740520189019,1.9648502929088791,0.0072309224666833,0.0083073941992537,-5.244932848693938,668300000.0,-1788100000.0,-6280200000.0,12106100000.0,932150000.0,1151700000.0,976900000.0,64.4615621038073,100.24468085106383,85.02998065764024,1.3961808721772246,0.897803247373448,1.0584501996110145,0.0143697628810839,0.0500862493839329,2019-08-20,0.21,amc,,2025-04-25,2019-06-30,-0.7639523809523809,10.01875,6487221.40625
2019-03-31,AMCR,USD,1748790,2019-05-09,2019-05-09 16:54:58,2019,Q3,2309900000.0,1890100000.0,419800000.0,0.1817394692,15800000,34.0,220599966.0,220600000.0,1100000.0,230000000.0,2120100000.0,3500000.0,51100000.0,82600000.0,273800000.0,0.1185332698,181300000.0,0.0784882462,-40900000.0,134800000.0,0.0583575047,28000000.0,112600000.0,0.048746699,0.097,0.097,1439000000,1439000000,https://www.sec.gov/Archives/edgar/data/1748790/000110465919028242/0001104659-19-028242-index.htm,https://www.sec.gov/Archives/edgar/data/1748790/000110465919028242/a19-8886_110q.htm,1.6052119527449618,0.0782487838776928,0.0782487838776928,0.0241527428769979,9.034051424600416e-08,9.034051424600416e-08,9.034051424600416e-08,6.671299513551077e-08,0.0355107713690062,16088020000.0,16088019870.0,35.719404973357015,6.964812329538075,142.87761989342806,462.88738537631576,167583541.66666666,167583541.66666666,6.964812273258582,58.75829024835647,142.87761873889875,462.88738163593257,0.0069989967690244,0.0021603526723611,0.0,0.0,-4.747991234477721e-07,0.0,3.547945205479452,1.0,0.0008391337156467,0.1198934280639431,1.4719251915667344e-08,0.0068401229490454,0.0,0.6913339501687122,0.0337002479713394,0.942423762578656,0.0015585090263647,0.0003427167075141,1104932.6637753935,866153.8461538461,9.034051424600416e-08,130.0,130.0,130.0,130.0,675550000.0,1233796016.5,692123387.0,0.0,0.0,0.0,0.0,0.0,0.0,1172916.6666666667,0.0540960408540632,2019-05-09,,bmo,,2025-04-25,2019-03-31,,10.328125,5092024.453125
2018-12-31,AMCR,USD,1748790,2018-12-31,2018-12-30 19:00:00,2019,Q2,2285400000.0,1832400000.0,453000000.0,0.1982147545,17300000,0.0,0.0,205300000.0,5700000.0,191600000.0,2024000000.0,5200000.0,52100000.0,101000000.0,347100000.0,0.1518771331,221500000.0,0.0969195764,-41200000.0,180300000.0,0.0788920977,31100000.0,138600000.0,0.0606458388,0.12,0.12,1439000000,1439000000,,,1.588186240444753,0.0963168867268936,0.3756080611535788,0.3344683808200139,0.3454560528144544,0.733426574009729,-0.9043166984016678,0.6887621084086171,3.166602088255733,16088020000.0,20103034257.0,29.01879509379509,7.039476678043231,29.765069380203517,33.426179098275504,16.23201953695066,16.23201953695066,8.796286976896823,57.91712548833189,37.19340288066605,41.7681991626844,0.0086151061473071,0.0299166709141336,4.544960228847137,0.5089760937912549,11.567312754249496,0.7675134168145453,4.251439539347409,3.8997113997114,0.0172799387370229,2.005772005772006,0.0,0.0075697908462413,0.2662832656358,0.1095282146160962,0.0259035617397392,0.5861386138613861,0.0,1.2217352391131262,0.0298296163639972,0.0213438157007084,-3.8863351904100063,-972765199.0,-1301311729.0,-4583583390.0,4002638871.0,1384450000.0,1994746016.5,1392573387.0,53.2068784457863,121.19803698428292,67.988544891945,1.6915106209755015,0.7425862847239951,1.3237524077480711,0.139840571295993,0.0411396803335649,2018-12-30,,amc,,2025-04-25,2018-12-31,,11.1,30056681.214285716
2018-09-30,AMCR,USD,1748790,2018-09-30,2018-09-29 20:00:00,2019,Q1,2260200000.0,1868600000.0,391600000.0,0.1732590036,14200000,0.0,0.0,197100000.0,0.0,214900000.0,2083500000.0,0.0,0.0,86000000.0,277900000.0,0.1229537209,191900000.0,0.0849039908,-54300000.0,123200000.0,0.0545084506,21700000.0,98200000.0,0.0434474825,0.0682,0.0682,1439000000,1439000000,,,1.5706740792216818,0.0682418346073662,-0.2125086865879082,-0.2908964558721334,0.2461431549687283,0.3586518415566365,-1.2945100757470465,0.3101459346768589,3.4924252953439887,16088020000.0,20759420000.0,40.957281059063135,7.117963012122821,-52.60961412688031,-38.43291925465839,36.047546493390094,36.047546493390094,9.184771259180604,74.70104354084204,-67.88561151079136,-49.59249880554229,0.0061039208056678,-0.0260193609903518,11.260587049070132,0.5642177115142806,16.809643756747032,0.6733193479474201,0.0,-3.1077235772357725,0.0210196779964221,3.443635437881874,0.0,0.0062826298557649,0.2670760731767558,-0.368868541530412,0.0499070878683302,1.3116279069767445,0.0036722413945668,0.6900803362748553,0.0257331670656892,0.0150422008769446,-4.359346768589298,-1697400000.0,-1862799999.0,-4892600000.0,3368399999.0,1308072977.0,2056350348.0,1375706068.0,56.45606583488187,73.30140211923364,67.47350957936422,1.5941599661447312,1.2278073460805572,1.333856806338782,0.2200313690342818,0.0783877692842251,2019-02-10,,amc,,2025-04-25,2018-09-30,,,
2018-06-30,AMCR,USD,1748790,2018-06-30,2018-06-29 20:00:00,2018,Q4,2408450000.0,1927500000.0,480950000.0,0.1996927484,18400000,141950000.0,52600000.0,199550000.0,0.0,254300000.0,2181800000.0,0.0,0.0,86550000.0,365350000.0,0.1516950736,278800000.0,0.1157590982,-82400000.0,176700000.0,0.0733666881,23550000.0,149250000.0,0.0619693164,0.13,0.13,1157039529,1162600000,,,2.081562418253387,0.1289930000308572,0.3091942764558738,0.2323170412616041,0.5332691559235397,0.9367429355993938,-1.114384787799242,0.8776435191264758,3.85391763568693,12935701934.22,16777823487.22,21.6678424358794,5.370965531449687,36.15849597266247,48.12389112433035,12.738657275253995,12.738657275253995,6.966232841545392,45.922604317011086,46.898178860153735,62.41749809233631,0.0115378354231535,0.0207796995761721,4.391210727019052,0.495926691516617,10.516276318598605,0.6995826945529449,0.0,2.3921765295887663,0.0093926097414617,0.8140703517587939,0.0589383213269945,0.0076397683157217,0.2639415477704642,0.2486373165618448,0.0369324669393178,1.0277296360485269,0.0030309950383026,1.596001906646627,0.0393923043912324,0.0225511603863063,-4.940749897664041,-1402393748.0,-1289387250.0,-4641913367.0,3652684098.0,1288672977.0,2225900348.0,1354656068.0,44.78030926944715,120.9712387237354,63.05893242023346,2.0098119344925,0.7439784939752078,1.4272363413993046,0.1469765311538388,0.0768772351942696,2018-06-29,,amc,,2025-04-25,2018-06-30,,,
2018-03-31,AMCR,USD,1748790,2018-03-31,2018-03-30 20:00:00,2018,Q3,2408450000.0,1927500000.0,480950000.0,0.1996927484,18400000,141950000.0,52600000.0,199550000.0,0.0,254300000.0,2181800000.0,49950000.0,0.0,86550000.0,365350000.0,0.1516950736,278800000.0,0.1157590982,-82400000.0,176700000.0,0.0733666881,23550000.0,149250000.0,0.0619693164,0.12,0.13,1194038209,1162600000,,,2.017062755485072,0.1249960000233124,0.2996135276940706,0.2251184241625889,0.5199163605659792,0.5823934232241976,-1.4120151158412386,0.524773826563535,4.061511569266709,13349347176.62,17578147176.62,22.360715538726968,5.542713021495152,37.31473704156534,49.66274991302083,21.304416177178425,21.304416177178425,7.298531078751894,48.11317141540988,49.1352821149406,65.3948927701637,0.011180322005663,0.0201358161147217,7.739546760293648,0.5354236820314656,11.574654440947038,0.7161536635543598,0.0,2.3921765295887663,0.0091015686679266,0.8140703517587939,0.0589383213269945,0.0076397683157217,0.2629202318520563,0.2486373165618448,0.0369324669393178,1.0277296360485269,0.0030309950383026,1.2148576697872109,0.0392263960296308,0.0223558664489747,-5.04812153795993,-1434900000.0,-1686000000.0,-4741800000.0,3645000000.0,1377000000.0,2119300000.0,1369700000.0,51.5310676991426,86.89494163424123,63.445914396887154,1.7465192168237853,1.0357334766254702,1.4185310568148366,0.238190233003511,0.0744951035314817,2018-08-20,,amc,,2025-04-25,2018-03-31,,,
2017-12-31,AMCR,USD,1748790,2017-12-31,2017-12-30 19:00:00,2018,Q2,2251100000.0,1777500000.0,473600000.0,0.2103860335,17400000,123200000.0,50600000.0,171800000.0,0.0,236000000.0,2013500000.0,49300000.0,0.0,82100000.0,365400000.0,0.1623206432,283300000.0,0.1258495846,-97500000.0,188300000.0,0.0836479943,40000000.0,144600000.0,0.0642352628,0.13,0.12,1154905954,1159600000,,,1.9491630398157944,0.1252050000254826,0.5009931743758246,0.4539763590135582,0.3635793880408032,0.8294181848161118,-1.278199315612845,0.7735694814852431,4.1329772207581845,12911848565.72,17265148565.72,22.323389636445366,5.735795196001955,22.315673290217767,24.626833045432004,14.452483283769867,14.452483283769867,7.669649755994848,47.24999607476738,29.83952396425856,32.929903806446696,0.0111990161024581,0.0406061144019282,5.342735616745019,0.5268432671081678,11.913793103448276,0.6426865252213011,0.0,3.973901098901099,0.0006040963042819,0.0539419087136929,0.0547287992536981,0.0077295544400515,0.2686644591611479,0.0938472174213619,0.0241215405801608,0.6613885505481121,-0.001154990893341,1.476222292323934,0.0349011304835845,0.021823450399191,-5.161156178436326,-1780100000.0,-1476200000.0,-4900300000.0,3434200000.0,687500000.0,1188800000.0,690300000.0,54.97312425036648,120.38481012658228,69.90379746835443,1.6371636363636364,0.7476026244952894,1.28748370273794,0.1618535930154466,0.0470168153622662,2017-12-30,,amc,,2025-04-25,2017-12-31,,,
2017-09-30,AMCR,USD,1748790,2017-09-30,2017-09-29 20:00:00,2018,Q1,2251100000.0,1829800000.0,421300000.0,0.1871529474,18500000,160700000.0,54600000.0,213300000.0,0.0,209900000.0,2039700000.0,47700000.0,0.0,97500000.0,299500000.0,0.1330460664,202000000.0,0.0897339079,-26200000.0,163700000.0,0.0727200036,31700000.0,130800000.0,0.0581049265,0.11,0.11,1189090909,1162000000,,,1.8931269114597191,0.1100000000084097,-0.3554816514033243,-0.467163608598407,0.4722094801584258,0.0,0.0,0.7313990826247248,0.0,13294036362.62,13855536362.62,25.40909090714832,5.905573436373328,-31.450287112893307,-23.931658618577856,15.285772522272046,15.285772522272046,6.155007046608325,46.26222491692821,-32.778652383771,-24.942459698685862,0.0098389982118434,-0.0417856537207877,0.0,0.0,1.874791318864775,0.0,0.0,-3.239080459770115,0.0210846421925055,2.142966360856269,0.0713873217538092,0.0082182044333881,0.0,-0.314170806718713,0.0589933810137266,1.362051282051282,0.0039980454000266,1.345441462730575,0.0,0.0,0.4722094801584258,561500000.0,0.0,561500000.0,561500000.0,558000000.0,1303950000.0,652750000.0,0.0,0.0,0.0,0.0,0.0,0.0,0.1503966885132804,0.1116819571950827,2017-09-29,,amc,,2025-04-25,2017-09-30,,,
2017-06-30,AMCR,USD,1748790,2017-06-30,2017-06-29 20:00:00,2017,Q4,2316850000.0,1825800000.0,491050000.0,0.211947256,20800000,123600000.0,54950000.0,178550000.0,0.0,253400000.0,2079200000.0,0.0,0.0,87100000.0,375650000.0,0.1621382481,288550000.0,0.1245441008,-46600000.0,195600000.0,0.0844249736,35550000.0,155200000.0,0.0669875046,0.13,0.13,1166759385,1165604082,,,1.98571361823672,0.1330180001080514,0.3481866143292261,0.2730211593712615,0.4812474681744257,0.7453979039560071,-1.3077246428148508,0.6857455018456955,3.9519716398081512,13044369924.3,17093869924.3,21.01219382135953,5.630217719878282,32.1092182752,40.94920710814628,16.303424477315335,16.303424477315335,7.378065012538576,45.5047781826168,42.0772182752,53.66149717250039,0.0118978533191459,0.024420497260399,5.7630296212973375,0.5076348904032675,10.779981365632905,0.8146596599077884,0.0,2.617590206185567,0.0086550749982704,0.7274484536082474,0.0533482961780003,0.0089777068001812,0.2637257384430768,0.215876923076923,0.0378531195373028,1.0068886337543057,0.0027407902971707,1.432609906034663,0.0382439185676903,0.0232064355991506,-5.281594542305738,-747700000.0,-1525800000.0,-4927100000.0,4413100000.0,1116000000.0,2607900000.0,1305500000.0,43.35196495241384,128.55241537955965,64.35261255340124,2.0760304659498208,0.700103531577131,1.398544618919954,0.1939757530308711,0.0751654549579646,2017-06-29,,amc,,2025-04-25,2017-06-30,,,
2017-03-31,AMCR,USD,1748790,2017-03-31,2017-03-30 20:00:00,2017,Q3,2316850000.0,1825800000.0,491050000.0,0.211947256,20800000,123600000.0,54950000.0,178550000.0,0.0,253400000.0,2079200000.0,42050000.0,0.0,87100000.0,375650000.0,0.1621382481,288550000.0,0.1245441008,-46600000.0,195600000.0,0.0844249736,35550000.0,155200000.0,0.0669875046,0.13,0.13,1166759385,1165604082,,,1.98571361823672,0.1330180001080514,0.3481866143292261,0.2730211593712615,0.4812474681744257,0.7453979039560071,-1.3077246428148508,0.6857455018456955,3.948971878207777,13044369924.3,17090369924.3,21.01219382135953,5.630217719878282,32.1092182752,40.94920710814628,16.303424477315335,16.303424477315335,7.376554340721237,45.49546099906828,42.06860289058461,53.65050988636007,0.0118978533191459,0.024420497260399,5.758655168103987,0.5072495678883225,10.770664182084388,0.8146596599077884,0.0,2.617590206185567,0.0086550749982704,0.7274484536082474,0.0533482961780003,0.0089777068001812,0.2637257384430768,0.215876923076923,0.0378531195373028,1.0068886337543057,0.0027407902971707,1.432609906034663,0.0382439185676903,0.0232064355991506,-5.281594542305738,-747700000.0,-1525800000.0,-4927100000.0,4413100000.0,1250550000.0,2404950000.0,1282050000.0,43.35196495241384,128.55241537955965,64.35261255340124,2.0760304659498208,0.700103531577131,1.398544618919954,0.1939757530308711,0.0751654549579646,2017-03-30,,amc,,2025-04-25,2017-03-31,,,
2016-12-31,AMCR,USD,1748790,2016-12-31,2016-12-30 19:00:00,2017,Q2,2233650000.0,1768800000.0,464850000.0,0.2081122826,16650000,188350000.0,53900000.0,242250000.0,0.0,230700000.0,1999500000.0,46900000.0,0.0,88200000.0,319900000.0,0.1432184989,231700000.0,0.1037315605,-46900000.0,187250000.0,0.083831397,40300000.0,143300000.0,0.0641550825,0.12,0.12,1155812940,1155805243,,,1.9325358997970727,0.1239820000630897,0.0929648702496789,0.0048018150757163,0.3344831906796267,0.7285781036505786,-1.216978934324788,0.6732058216963724,4.0420035442759445,12921988669.2,17207188669.199997,22.5435950265178,5.785144794036666,120.26048086738018,2328.2862467027026,16.607105345328364,16.607105345328364,7.703619040225639,53.78927373929352,160.14135569288038,3100.3943548108105,0.0110896243348023,0.0004295004539996,6.004112581930343,0.5418778634808328,13.395436073773054,0.8940364277320799,0.0,0.7498255408234473,0.0098630329481545,0.8893928820655966,0.0843238645266716,0.00745416649878,0.2608246824798469,0.9483480688692416,0.0456203971078727,1.155328798185941,0.0030891142300718,1.3703910373067687,0.029254369319764,0.0224861913130805,-4.952942471815552,-360700000.0,-1406600000.0,-4736100000.0,4572100000.0,1385100000.0,2202000000.0,1258600000.0,55.809549392250354,112.04206241519675,64.04002713704206,1.612627247130171,0.8032697547683924,1.4053710471952965,0.1841665595681789,0.0881630551739626,2016-12-30,,amc,,2025-04-25,2016-12-31,,,
2016-09-30,AMCR,USD,1748790,2016-09-30,2016-09-29 20:00:00,2017,Q1,2233650000.0,1768800000.0,464850000.0,0.2081122826,16650000,188350000.0,53900000.0,242250000.0,0.0,230700000.0,1999500000.0,46900000.0,0.0,88200000.0,319900000.0,0.1432184989,231700000.0,0.1037315605,-46900000.0,187250000.0,0.083831397,40300000.0,143300000.0,0.0641550825,0.12,0.12,1169795918,1169795918,,,1.9094356251634657,0.1225000000384682,0.0918536287797167,0.0047444173078401,0.3304849966145975,0.7198691558436435,-1.20243196129874,0.6651587580595404,3.993688068246448,13078318363.24,17363518363.239998,22.816326523447312,5.855133240767354,121.71538728003722,2356.4537591423423,16.80801743122992,16.80801743122992,7.773607486956326,54.27795674660831,161.59626210553745,3128.56186725045,0.0109570661930651,0.0004243664854955,6.004112581930343,0.5418778634808328,13.395436073773054,0.8940364277320799,0.0,0.7498255408234473,0.0097451366804337,0.8893928820655966,0.0843238645266716,0.00745416649878,0.2608246824798469,0.9483480688692416,0.0456203971078727,1.155328798185941,0.0030891142300718,1.3540102759866066,0.029254369319764,0.0224861913130805,-4.8937382255423465,-360700000.0,-1406600000.0,-4736100000.0,4572100000.0,1365970611.0,2317008665.5,1255003433.5,55.809549392250354,112.04206241519675,64.04002713704206,1.612627247130171,0.8032697547683924,1.4053710471952965,0.1841665595681789,0.0871092114718765,2016-09-29,,amc,,2025-04-25,2016-09-30,,,
2016-06-30,AMCR,USD,1748790,2016-06-30,2016-06-29 20:00:00,2016,Q4,2436800000.0,1896650000.0,540150000.0,0.2216636573,19900000,196900000.0,53450000.0,250350000.0,0.0,501300000.0,2397950000.0,0.0,0.0,81900000.0,368400000.0,0.1511818779,286500000.0,0.1175722259,-44300000.0,-950000.0,-0.0003898555,23500000.0,-30700000.0,-0.0125984898,-0.0265,-0.0265,1158403139,1158369466,,,2.1035854599838064,-0.0265020000088242,0.3609278893709904,0.2803428176829207,0.4476884985374681,0.7339938440895403,-1.0908771907255683,0.6805177692116043,3.7602535027315738,12950947094.02,16788232793.02,-105.46373855065146,5.314735347184833,30.97571656067926,39.879744708298695,16.42866726750176,16.42866726750176,6.889458631410046,45.57066447616721,40.15363021530735,51.69586695310239,-0.002370483006156,0.0250753861970412,5.525577248464672,0.4989000356908009,10.416084959283388,0.8759738835167831,0.0,-13.618892508143322,0.0085013087614911,-3.586319218241042,0.0808026920551543,0.0081664478003939,0.2421188421841774,0.2232719445108825,0.0383084372948128,1.1398046398046398,0.0020929087327642,,1.231577370563295,-0.0046395296058368,-4.943259726439674,-454645648.0,-1263675562.0,-4669646246.0,4365342390.0,1263570611.0,2425208665.5,1247903433.5,49.7438074441891,115.40429693934044,59.38186699180134,1.8092704323242048,0.7798669753805303,1.5156141859336625,-0.0389438765714044,0.0805850716880697,2016-06-29,,amc,,2025-04-25,2016-06-30,,,
2016-03-31,AMCR,USD,1748790,2016-03-31,2016-03-30 20:00:00,2016,Q3,2436800000.0,1896650000.0,540150000.0,0.2216636573,19900000,196900000.0,53450000.0,250350000.0,0.0,501300000.0,2397950000.0,39800000.0,0.0,81900000.0,368400000.0,0.1511818779,286500000.0,0.1175722259,-44300000.0,-950000.0,-0.0003898555,23500000.0,-30700000.0,-0.0125984898,-0.0265,-0.0265,1158403139,1158369466,,,2.1035854599838064,-0.0265020000088242,0.3609278893709904,0.2803428176829207,0.4451818047084901,0.7298840719042631,-1.0677629905835395,0.676707420420759,3.747745369326041,12950947094.02,16776647094.02,-105.46373855065146,5.314735347184833,30.97571656067926,39.879744708298695,16.521172463349917,16.521172463349917,6.884704158740972,45.53921578181325,40.125919861325045,51.66019120560431,-0.002370483006156,0.0250753861970412,5.538206403878045,0.5000403128275417,10.384636264929425,0.8759738834631845,0.0,-13.618892508143322,0.0085013087614911,-3.586319218241042,0.0808026920551543,0.0081664478003939,0.2398498059225302,0.2232719445108825,0.0383084372948128,1.1398046398046398,0.0020929087327642,,1.23851203694536,-0.004651726593633,-5.018524902322455,-452100000.0,-1236900000.0,-4643500000.0,4321200000.0,1301250000.0,2234950000.0,1222000000.0,43.59282665791201,114.75812616982574,59.049376532306965,2.0645598576633057,0.7842581872312273,1.5241481838637094,-0.0391631585661436,0.0805850716880697,2016-03-30,,amc,,2025-04-25,2016-03-31,,,
2015-12-31,AMCR,USD,1748790,2015-12-31,2015-12-30 19:00:00,2016,Q2,2273850000.0,1816600000.0,457250000.0,0.2010906612,16750000,174850000.0,51600000.0,226450000.0,0.0,212750000.0,2029350000.0,39100000.0,0.0,90750000.0,329650000.0,0.1449743827,238900000.0,0.1050640983,-39100000.0,205400000.0,0.0903313763,44150000.0,152750000.0,0.0671768147,0.13,0.13,1184108527,1184108527,,,1.9203054011957128,0.1290000000143568,0.1111384615508304,0.0426481178443536,0.4128844517644454,1.0296353519967516,-0.5746939444174782,0.9645230770304216,3.388709656678285,13238333331.86,16762033331.86,21.66666666425532,5.821990602660686,100.59523808404256,262.14521449227726,11.591220849190089,11.591220849190089,7.371653069402115,50.847970064796,127.37107395030397,331.92145211603963,0.0115384615397456,0.0038146795925182,3.513352596094913,0.4907118660649863,10.68921583497649,0.8528368794326241,0.0,0.8615384615384616,0.009310084352037,0.806873977086743,0.0768960133693955,0.0073663610176572,0.2323195264824938,0.6162613981762918,0.0356663808078809,0.89366391184573,0.0030784792312597,1.6731790792955683,0.0317535713904188,0.0243333227132252,-4.055836006998031,-539500000.0,-680500000.0,-3831400000.0,3844900000.0,1422200000.0,2051500000.0,1199600000.0,56.29131209182664,101.63767477705603,59.43190575800947,1.5988257629025453,0.885498415793322,1.5143381127042348,0.1337448559670782,0.0684903437064768,2015-12-30,,amc,,2025-04-25,2015-12-31,,,
2015-09-30,AMCR,USD,1748790,2015-09-30,2015-09-29 20:00:00,2016,Q1,2273850000.0,1816600000.0,457250000.0,0.2010906612,16750000,174850000.0,51600000.0,226450000.0,0.0,212750000.0,2029350000.0,39100000.0,0.0,90750000.0,329650000.0,0.1449743827,238900000.0,0.1050640983,-39100000.0,205400000.0,0.0903313763,44150000.0,152750000.0,0.0671768147,0.13,0.13,1184108527,1184108527,,,1.9203054011957128,0.1290000000143568,0.1111384615508304,0.0426481178443536,0.4128844517644454,1.0296353519967516,-0.5746939444174782,0.9645230770304216,3.388709656678285,13238333331.86,16762033331.86,21.66666666425532,5.821990602660686,100.59523808404256,262.14521449227726,11.591220849190089,11.591220849190089,7.371653069402115,50.847970064796,127.37107395030397,331.92145211603963,0.0115384615397456,0.0038146795925182,3.513352596094913,0.4907118660649863,10.68921583497649,0.8528368794326241,0.0,0.8615384615384616,0.009310084352037,0.806873977086743,0.0768960133693955,0.0073663610176572,0.2323195264824938,0.6162613981762918,0.0356663808078809,0.89366391184573,0.0030784792312597,1.6731790792955683,0.0317535713904188,0.0243333227132252,-4.055836006998031,-539500000.0,-680500000.0,-3831400000.0,3844900000.0,1403048363.5,2197073718.0,1205960149.0,56.29131209182664,101.63767477705603,59.43190575800947,1.5988257629025453,0.885498415793322,1.5143381127042348,0.1337448559670782,0.0684903437064768,2015-09-29,,amc,,2025-04-25,2015-09-30,,,
2015-06-30,AMCR,USD,1748790,2015-06-30,2015-06-29 20:00:00,2015,Q4,2401400000.0,1894050000.0,507350000.0,0.211272591,17150000,196400000.0,52800000.0,249200000.0,0.0,239250000.0,2133300000.0,0.0,0.0,79700000.0,335650000.0,0.1397726326,255950000.0,0.1065836595,-38700000.0,234450000.0,0.0976305488,48150000.0,179500000.0,0.0747480636,0.15,0.15,1225130532,1223864123,,,1.960117666874047,0.1465150000849052,0.3253938985172561,0.257360331625463,0.5746185109359433,1.2936864485881574,-0.210560307870933,1.1952130240437109,2.918171863012553,13696959347.76,16568118112.76,19.07654505259053,5.703739213692013,34.35835782706634,43.44103821046623,9.353981068726316,9.353981068726316,6.899357921529108,49.36129334950097,41.56056217925499,52.54715544801776,0.0131050983975764,0.023019707658807,2.441549585143937,0.4188321184238203,8.554025815581706,0.928859133345186,0.0,2.220891364902507,0.0082171522264469,0.6270194986072424,0.0817856250520529,0.0071416673607062,0.2158977898544734,0.2090806471842468,0.0347089197967852,1.0457967377666249,0.0025610060797867,1.984974638926904,0.0346024859987334,0.0268187495410921,-3.757132008811939,-261059829.0,-257963862.0,-3542484002.0,4145198639.0,1288498363.5,2344173718.0,1213110149.0,51.8658721704006,111.31610529817058,57.60609636493229,1.735245089570907,0.808508344402875,1.562334643018573,0.1225848423147261,0.068033566891793,2015-06-29,,amc,,2025-04-25,2015-06-30,,,
2015-03-31,AMCR,USD,1748790,2015-03-31,2015-03-30 20:00:00,2015,Q3,2401400000.0,1894050000.0,507350000.0,0.211272591,17150000,196400000.0,52800000.0,249200000.0,0.0,239250000.0,2133300000.0,33650000.0,0.0,79700000.0,335650000.0,0.1397726326,255950000.0,0.1065836595,-38700000.0,234450000.0,0.0976305488,48150000.0,179500000.0,0.0747480636,0.15,0.15,1225130532,1223864123,,,1.960117666874047,0.1465150000849052,0.3253938985172561,0.257360331625463,0.5753672621718646,1.2953721734526162,-0.1979380920367104,1.1967704352339168,2.9257290601912778,13696959347.76,16576459347.76,19.07654505259053,5.703739213692013,34.35835782706634,43.44103821046623,9.341808312481245,9.341808312481245,6.902831409910886,49.38614434011619,41.58148588425938,52.57361036397082,0.0131050983975764,0.023019707658807,2.4446869458464056,0.4193703127376537,8.57887680619693,0.9288591334639668,0.0,2.220891364902507,0.0082171522264469,0.6270194986072424,0.0817856250520529,0.0071416673607062,0.2140492096734565,0.2090806471842468,0.0347089197967852,1.0457967377666249,0.0025610060797867,1.986267469261872,0.034557456243424,0.0267208526854829,-3.8799335057303104,-261400000.0,-242500000.0,-3547100000.0,4134800000.0,1289450000.0,2203000000.0,1227650000.0,44.71516615307737,111.46115466856736,57.68115942028985,2.012739921213645,0.8074561964445581,1.5603015075376885,0.1224253171463647,0.068033566891793,2015-03-30,,amc,,2025-04-25,2015-03-31,,,
2014-12-31,AMCR,USD,1748790,2014-12-31,2014-12-30 19:00:00,2015,Q2,2404500000.0,1945750000.0,458750000.0,0.1907881056,16300000,168150000.0,54550000.0,222700000.0,0.0,199350000.0,2145100000.0,45900000.0,0.0,92600000.0,344750000.0,0.1433770015,252150000.0,0.1048658765,-45900000.0,213500000.0,0.0887918486,45850000.0,160650000.0,0.0668122271,0.13,0.13,1226335877,1226335877,,,1.9607189556275209,0.1310000000921444,0.0835823218764071,0.0198558979286879,0.3298443824293334,1.6352779345458226,0.108860877760979,1.5447643957333232,2.821902274004824,13710435104.86,16766535104.86,21.335877847587923,5.701990062324807,133.760342486439,563.0568831564681,7.237349611940456,7.237349611940456,6.972981952530671,48.63389443034082,163.57595224253657,688.5640700147843,0.0117173524232687,0.001776019492727,1.826752533783784,0.4101111611481121,8.864684554024656,1.0548204798483978,0.0,0.6380329909741674,0.0090150311827949,0.76937441643324,0.0699313786650031,0.0067789561239342,0.2218364106088976,0.7624390243902439,0.0325015595757953,0.843952483801296,0.0033270950301517,2.133821234224332,0.0320486483058481,0.0244658331175852,-3.562033927186491,162000000.0,133500000.0,-3315700000.0,4695200000.0,1385800000.0,2060300000.0,1241400000.0,51.87024329382408,95.29847102659645,57.420531928562255,1.7350988598643382,0.9444013007814396,1.5673835991622362,0.0848025760135135,0.0637264239477191,2014-12-30,,amc,,2025-04-25,2014-12-31,,,
2014-09-30,AMCR,USD,1748790,2014-09-30,2014-09-29 20:00:00,2015,Q1,2404500000.0,1945750000.0,458750000.0,0.1907881056,16300000,168150000.0,54550000.0,222700000.0,0.0,199350000.0,2145100000.0,45900000.0,0.0,92600000.0,344750000.0,0.1433770015,252150000.0,0.1048658765,-45900000.0,213500000.0,0.0887918486,45850000.0,160650000.0,0.0668122271,0.13,0.13,1226335877,1226335877,,,1.9607189556275209,0.1310000000921444,0.0835823218764071,0.0198558979286879,0.3298443824293334,1.6352779345458226,0.108860877760979,1.5447643957333232,2.821902274004824,13710435104.86,16766535104.86,21.335877847587923,5.701990062324807,133.760342486439,563.0568831564681,7.237349611940456,7.237349611940456,6.972981952530671,48.63389443034082,163.57595224253657,688.5640700147843,0.0117173524232687,0.001776019492727,1.826752533783784,0.4101111611481121,8.864684554024656,1.0548204798483978,0.0,0.6380329909741674,0.0090150311827949,0.76937441643324,0.0699313786650031,0.0067789561239342,0.2218364106088976,0.7624390243902439,0.0325015595757953,0.843952483801296,0.0033270950301517,2.133821234224332,0.0320486483058481,0.0244658331175852,-3.562033927186491,162000000.0,133500000.0,-3315700000.0,4695200000.0,1390830592.5,1923346753.5,1284925055.0,51.87024329382408,95.29847102659645,57.420531928562255,1.7350988598643382,0.9444013007814396,1.5673835991622362,0.0848025760135135,0.0637264239477191,2014-09-29,,amc,,2025-04-25,2014-09-30,,,
2014-06-30,AMCR,USD,1748790,2014-06-30,2014-06-29 20:00:00,2014,Q4,2584050000.0,2081150000.0,502900000.0,0.1946169772,18250000,177200000.0,56700000.0,233900000.0,0.0,214200000.0,2295350000.0,0.0,0.0,93850000.0,355450000.0,0.1375553879,261600000.0,0.1012364312,-47850000.0,247350000.0,0.095721832,50900000.0,188350000.0,0.0728894565,0.16,0.16,1205185464,1205178000,,,2.1441098297216103,0.1562830001076083,0.3385371066838556,0.2777995669552815,0.4227093789441855,1.7741919637026091,0.1185086173591619,1.683650441870912,2.9220928356633413,13473973487.52,16486194098.52,17.884222839819483,5.214285128971963,33.02444482235294,40.244843152688176,6.640333243744183,6.640333243744183,6.379982623602484,46.381190317963146,40.40733847676471,49.24191785698925,0.013978801440752,0.0248479040210448,1.735569785148658,0.3857259236603034,8.474386301870869,1.0092589945732982,0.0,2.1900161030595813,0.007559017397083,0.5407486063180249,0.0685745244867552,0.0070625568390704,0.2185556804571307,0.1794117647058823,0.0283276252394497,0.7799680340969632,0.0025154312029565,2.4331735859227037,0.0326833969947832,0.0263996712838237,-3.958867467928571,30504453.0,142824863.0,-3666654113.0,4944734215.0,1309530592.5,2138346753.5,1328725055.0,48.61651541185349,77.25316081493405,57.44925156764289,1.8512227632434668,1.1650008757001151,1.566600043414502,0.0928238999147251,0.060737539728574,2014-06-29,,amc,,2025-04-25,2014-06-30,,,
2014-03-31,AMCR,USD,1748790,2014-03-31,2014-03-30 20:00:00,2014,Q3,2584050000.0,2081150000.0,502900000.0,0.1946169772,18250000,177200000.0,56700000.0,233900000.0,0.0,214200000.0,2295350000.0,41350000.0,0.0,93850000.0,355450000.0,0.1375553879,261600000.0,0.1012364312,-47850000.0,247350000.0,0.095721832,50900000.0,188350000.0,0.0728894565,0.16,0.16,1205185464,1205178000,,,2.1441098297216103,0.1562830001076083,0.3385371066838556,0.2777995669552815,0.4229224590116696,1.774913541439793,0.1357467417977421,1.6828115344743322,2.922039887796058,13473973487.52,16485873485.52,17.884222839819483,5.214285128971963,33.02444482235294,40.244843152688176,6.643643551856417,6.643643551856417,6.379858549764904,46.38028832612182,40.40655266058824,49.24096023154122,0.013978801440752,0.0248479040210448,1.7364035294117648,0.385552720962568,8.47348431002954,1.009253640776699,0.0,2.1900161030595813,0.007559017397083,0.5407486063180249,0.0685745244867552,0.0070625568390704,0.2162822014692519,0.1794117647058823,0.0283276252394497,0.7799680340969632,0.0025154312029565,2.432567325383837,0.0326694052765722,0.0263117456414841,-4.068419464441864,30500000.0,163600000.0,-3668300000.0,4926100000.0,1274212350.5,2332168736.5,1351214662.5,42.60289081093632,107.69382312663672,57.47303173726065,2.1125327011118378,0.8357025258001044,1.5659518434913469,0.0928701740545338,0.060737539728574,2014-03-30,,amc,,2025-04-25,2014-03-31,,,
2013-12-31,AMCR,USD,1748790,2013-12-31,2013-12-30 19:00:00,2014,Q2,2398200000.0,1960150000.0,438050000.0,0.1826578267,17050000,144150000.0,55100000.0,199250000.0,0.0,192200000.0,2152350000.0,48750000.0,0.0,93250000.0,334900000.0,0.1396464015,241650000.0,0.1007630723,-48750000.0,197100000.0,0.08218664,40200000.0,150550000.0,0.0627762489,0.125,0.125,1205897987,1205892761,,,1.988725436026456,0.1248447228728975,0.115308261145642,0.0381043840319471,0.3088903688500808,1.730231046484034,0.0823213232546842,1.6537686284403756,3.150904253893576,13481939494.66,16909118317.66,22.38781051919628,5.621691057734968,96.95749366889608,293.4045591873776,6.760316895443563,6.760316895443563,7.050754031215078,50.49005170994327,121.60459056209996,367.98951725048965,0.0111667909546419,0.0034082633302278,1.9052872328731427,0.4223890242983836,10.23343930426993,0.9352521756546224,0.0,2.134305448963929,0.0090491431183415,0.8103620059780804,0.0601075806855141,0.0071094987907597,0.2209076899961475,0.6695433297375045,0.0388207822533566,0.998391420911528,0.003606871820532,2.1553297746642945,0.0290990529391632,0.0214812074905916,-4.026921789487986,-220900595.0,99271118.0,-3718374100.0,4759200464.0,1355139340.0,2223112581.5,1404432099.5,49.73322620715536,99.8206119786751,63.06080618830192,1.809655372549534,0.9016173936023044,1.4271939329677557,0.0754910455585526,0.0772038771136948,2013-12-30,,amc,,2025-04-25,2013-12-31,,,
2013-09-30,AMCR,USD,1748790,2013-09-30,2013-09-29 20:00:00,2014,Q1,2398200000.0,1960150000.0,438050000.0,0.1826578267,17050000,144150000.0,55100000.0,199250000.0,0.0,192200000.0,2152350000.0,48750000.0,0.0,93250000.0,334900000.0,0.1396464015,241650000.0,0.1007630723,-48750000.0,197100000.0,0.08218664,40200000.0,150550000.0,0.0627762489,0.12,0.12,1206610510,1206607522,,,1.9875510615268883,0.1247710000470657,0.1152401697545299,0.0380818827775667,0.3226450530420127,1.8072770930861528,0.0859870373580618,1.7274098532425348,3.29121193880534,13489905501.8,17071809505.8,22.401038694453668,5.625012718622299,97.01478246530026,293.5779216931448,6.472117765806379,6.472117765806379,7.118592905429072,50.97584205971932,122.77460989428263,371.530130702938,0.011160196784174,0.0034062506956678,1.9052872325738908,0.4223890240577145,10.695443427888922,0.9352521757182554,0.0,2.134305448963929,0.0090437994531333,0.8103620059780804,0.0601075806855141,0.0071094987907597,0.2209076900174186,0.6695433297375045,0.0388207822533566,0.998391420911528,0.003606871820532,2.202144349220797,0.0278420800388146,0.0205532977095513,-4.206237958883683,-230873487.0,103752863.0,-3886245735.0,4974061784.0,1527328088.0,2134341652.0,1545719663.5,51.97850809357018,104.32716480881564,65.9077818840395,1.731484863666819,0.8626708121986173,1.365544362551136,0.072230107876748,0.0771582869769632,2013-09-29,,amc,,2025-04-25,2013-09-30,,,
2013-06-30,AMCR,USD,1748790,2013-06-30,2013-06-29 20:00:00,2013,Q4,2262095482.0,1835950016.0,426145466.0,0.1883852691,15150821,157870645.0,47100288.0,208358126.0,0.0,197738819.0,2033688835.0,0.0,0.0,82528493.0,0.0,0.0,225156772.0,0.0995346013,-28333410.0,196823362.0,0.0870093078,43072275.0,146381654.0,0.0647106434,0.12,0.12,1231193308,1231283423,,,1.837319507262949,0.1188941273875085,0.2649279401378942,0.2003875389810029,0.2927126428143321,2.743226693204216,1.0378734953292972,2.673921470827228,3.225546562993502,13764741183.44,17375626679.440002,23.5083099679964,6.084951450090912,42.20015448042529,55.79189233448234,4.181125033765953,4.181125033765953,7.681208338773386,0.0,53.27046257496843,70.42770220116876,0.0106345373334086,0.0179237512505369,1.2062981647683235,0.3503365213925709,0.0,0.8929331177279051,0.0,2.0028105692740588,0.0078911060188096,0.7420262651219941,0.0697895585116596,0.0066976929667905,0.1852236498284273,0.2436149283586253,0.0351274783192374,0.962839706766486,0.003367260162363,2.674519601625,0.0216422441114418,0.0158490810722552,-4.481472075829379,-459311717.0,1277822902.0,-4127508510.0,6096534855.0,1671491184.0,2136785407.5,1772368606.5,66.42699166577444,97.87009651356436,81.17889891943551,1.3548709303716855,0.9195863006789456,1.1086624873948936,0.0444643302672334,0.0645404011568912,2013-06-29,,amc,,2025-04-25,2013-06-30,,,
2013-03-31,AMCR,USD,1748790,2013-03-31,2013-03-30 20:00:00,2013,Q3,2571948998.0,2087431694.0,484517304.0,0.1883852691,17226125,179495186.0,53551912.0,236898256.0,0.0,224824355.0,2312256049.0,35909445.0,0.0,93832943.0,349830861.0,0.1360178064,255997918.0,0.0995346013,-32214416.0,223783502.0,0.0870093078,48972157.0,166432474.0,0.0647106432,0.14,0.14,1231193306,1231283423,,,2.0889887765520387,0.1351798074184786,0.3012167952771504,0.2278358870479434,0.3338493191904992,3.131200579318289,1.2016546538955923,3.0521554752507725,3.696267392636393,13764741161.08,17904527785.08,20.676164978897088,5.351871740763033,37.116124251017446,49.07040828755567,3.662985090587964,3.662985090587964,6.961462999073048,51.18052688061732,48.27890841898565,63.828478743499005,0.0120912171215097,0.020378880773519,1.2110350939225,0.3519609736315148,11.833680459655044,0.8927242177325246,0.0,2.002810574495181,0.008972000675842,0.7420262646579417,0.0697895588674499,0.0066976930776603,0.1837326119672591,0.243614929113395,0.0351274784493218,0.9628397033225314,0.0033672600066076,3.0468459528670344,0.0215807550777091,0.0157692307076442,-5.2504758897300245,-525006506.0,1479469166.0,-4705802759.0,6933125161.0,1659718689.5,2468756154.0,1796777738.5,58.5564548547086,98.17651455569018,81.43305904983542,1.5369782925436613,0.916716186221379,1.105202248940713,0.0442899480431519,0.073380908229207,2013-03-30,,amc,,2025-04-25,2013-03-31,,,
2012-12-31,AMCR,USD,1748790,2012-12-31,2012-12-30 19:00:00,2013,Q2,2358822613.0,1934693453.0,424129160.0,0.1798054494,17131287,145875512.0,53106992.0,198982505.0,0.0,192649120.0,2127342573.0,44593261.0,0.0,92664694.0,317707522.0,0.1346890267,225042828.0,0.0954047272,-38156051.0,186886777.0,0.079228839,40959352.0,139853605.0,0.0592895813,0.11,0.11,1218717764,1218716577,,,1.9354953892343527,0.114754711165431,0.1422293915131608,0.078419979443247,0.3064385274686125,2.913679202759204,1.177620175396081,2.843054365292734,0.0,13625264601.52,13251802524.52,24.356298504997422,5.776298957975099,78.60541257371183,142.565709394135,3.932390508068549,3.932390508068549,5.617973327662007,41.71069806940233,76.45087528568402,138.65805053418362,0.0102642854351906,0.0070143094314174,0.0,0.0,-1.17549019503542,0.8442378097092701,0.0,1.4651162873255916,0.0091784200643009,0.8942093555614816,0.0618425104100865,0.0072626431956288,0.181195760424821,0.4486373132237535,0.0329680000401115,0.8392156870362696,0.0042255377513629,2.70937490145378,0.0265183831319239,0.0146276306575775,-4.648588127496925,-720033224.0,1435186627.0,-4223122047.0,6167056013.0,823028604.0,2659608955.5,1704292032.5,62.80470091457445,123.76086726231352,79.30664379521214,1.4330137503945124,0.7272088665090176,1.1348355660138707,0.0403631786174498,0.0638094120699138,2012-12-30,,amc,,2025-04-25,2012-12-31,,,
2012-09-30,AMCR,USD,1748790,2012-09-30,2012-09-29 20:00:00,2013,Q1,2357354085.0,1933488975.0,423865110.0,0.1798054491,17120622,145784695.0,53073929.0,198858625.0,0.0,192529182.0,1740959793.0,0.0,44565499.0,92607004.0,317509727.0,0.1346890266,224902723.0,0.095404727,-38132295.0,186770428.0,0.0792288393,40933852.0,139766536.0,0.059289581,0.11,0.11,1218717759,1218716577,,,1.934290419247103,0.1146832685154955,0.1421408441131939,0.0783711571400839,0.306247749525081,2.9118652516492958,1.1768870326275438,3.6982161609741504,0.0365675306451327,13625264545.62,13252034974.62,24.371471411475778,5.77989731467091,78.65438023638585,142.65452250521687,3.02307910445534,3.02307910445534,5.621571684518492,41.73741415682676,76.49984294321204,138.7468636074711,0.010257895216055,0.007009942499113,0.0,0.0,-1.1754901952972294,0.8442378095869566,5.046565797456907,1.465116271595559,0.0091727058642818,0.8942093549488842,0.0618425106044262,0.0072626433631416,0.1811957603560495,0.4486373172395607,0.0329680002230127,0.8392156908479157,0.0042255378873216,3.0891388982838293,0.0265183831069151,0.0146276305914099,-5.6580485121165776,-719584955.0,1434293127.0,-4220492866.0,6163216600.0,810938043.5,2326995658.0,1703140473.0,0.0,123.76086724776904,79.30664374230528,0.0,0.7272088665944799,1.1348355667709396,0.0310104286833484,0.0637696869731099,2012-09-29,,amc,,2025-04-25,2012-09-30,,,
2012-06-30,AMCR,USD,1748790,2012-06-30,2012-06-29 20:00:00,2012,Q4,0.0,0.0,0.0,0.0,0,0.0,0.0,0.0,0.0,0.0,0.0,0.0,0.0,0.0,0.0,0.0,0.0,0.0,0.0,0.0,0.0,0.0,0.0,0.0,0.0,0.0,1439000000,1439000000,,,0.0,0.0,,,0.2543196539263377,2.4035198637943016,0.9815060257123002,2.340580015983322,2.774758284920084,16088020000.0,19714931190.0,0.0,0.0,0.0,0.0,4.776593803097593,4.776593803097593,0.0,0.0,0.0,0.0,0.0,,1.185500288805275,0.3442203518463515,0.0,0.8880234385940132,0.0,0.0,,0.0,0.0,0.0,0.1764067545397256,0.0,0.0,0.0,0.0,0.0,,0.0,-3.9662771568797774,-481097898.0,1412387171.0,-4325787502.0,6341977607.0,,,,0.0,0.0,0.0,0.0,0.0,0.0,0.0,,2012-06-29,,amc,,2025-04-25,2012-06-30,,,
2011-06-30,AMCR,USD,1748790,2011-06-30,2011-06-29 20:00:00,2011,Q4,0.0,0.0,0.0,0.0,0,0.0,0.0,0.0,0.0,0.0,0.0,0.0,0.0,0.0,0.0,0.0,0.0,0.0,0.0,0.0,0.0,0.0,0.0,0.0,0.0,0.0,1439000000,1439000000,,,0.0,0.0,,,0.1666648415566365,2.784134701181376,1.3867198158443363,2.7394233662265464,2.529235530924253,16088020000.0,19487759222.0,0.0,0.0,0.0,0.0,4.081150850151371,4.081150850151371,0.0,0.0,0.0,0.0,0.0,,0.9232729639771527,0.3117270671816121,0.0,1.09246381124248,0.0,0.0,,0.0,0.0,0.0,0.1722307149792646,0.0,0.0,0.0,0.0,0.0,,0.0,-3.60551979742877,331103178.0,1995489815.0,-3757134002.0,7148536860.0,,,,0.0,0.0,0.0,0.0,0.0,0.0,0.0,,2011-06-29,,amc,,2025-04-25,2011-06-30,,,
2010-06-30,AMCR,USD,1748790,2010-06-30,2010-06-29 20:00:00,2010,Q4,0.0,0.0,0.0,0.0,0,0.0,0.0,0.0,0.0,0.0,0.0,0.0,0.0,0.0,0.0,0.0,0.0,0.0,0.0,0.0,0.0,0.0,0.0,0.0,0.0,0.0,1439000000,1439000000,,,0.0,0.0,,,0.157748701876303,2.4355667275886037,1.3515242612925642,2.4024932439193885,1.9439530257123,16088020000.0,18658368022.0,0.0,0.0,0.0,0.0,4.65349903825791,4.65349903825791,0.0,0.0,0.0,0.0,0.0,,0.8091398511243956,0.2910204947626134,0.0,0.8412299224277582,0.0,0.0,,0.0,0.0,0.0,0.1622871389958405,0.0,0.0,0.0,0.0,0.0,,0.0,-2.8931472249826267,-568733268.0,1944843412.0,-3094038159.0,5071091658.0,,,,0.0,0.0,0.0,0.0,0.0,0.0,0.0,,2010-06-29,,amc,,2025-04-25,2010-06-30,,,
2009-06-30,AMCR,USD,1748790,2009-06-30,2009-06-29 20:00:00,2009,Q4,0.0,0.0,0.0,0.0,0,0.0,0.0,0.0,0.0,0.0,0.0,0.0,0.0,0.0,0.0,0.0,0.0,0.0,0.0,0.0,0.0,0.0,0.0,0.0,0.0,0.0,1439000000,1439000000,,,0.0,0.0,,,0.1057746372480889,1.7249229923558027,0.8841660486448922,1.689590000694927,1.5868999888811677,16088020000.0,18219359381.0,0.0,0.0,0.0,0.0,6.61698991791007,6.61698991791007,0.0,0.0,0.0,0.0,0.0,,0.9392219344506518,0.3350106558503372,0.0,0.7851166889436096,0.0,0.0,,0.0,0.0,0.0,0.1774923039238921,0.0,0.0,0.0,0.0,0.0,,0.0,-2.172390092077832,-511992768.0,1272314944.0,-2463521322.0,3761339057.0,,,,0.0,0.0,0.0,0.0,0.0,0.0,0.0,,2009-06-29,,amc,,2025-04-25,2009-06-30,,,
2008-06-30,AMCR,USD,1748790,2008-06-30,2008-06-29 20:00:00,2008,Q4,0.0,0.0,0.0,0.0,0,0.0,0.0,0.0,0.0,0.0,0.0,0.0,0.0,0.0,0.0,0.0,0.0,0.0,0.0,0.0,0.0,0.0,0.0,0.0,0.0,0.0,1439000000,1439000000,,,0.0,0.0,,,0.1603662418346073,1.9967990708825576,1.126353446838082,1.960563746351633,1.6669578895066015,16088020000.0,18256005381.0,0.0,0.0,0.0,0.0,5.702441463994527,5.702441463994527,0.0,0.0,0.0,0.0,0.0,,0.8502441670711317,0.3106853863686595,0.0,0.9548869436805688,0.0,0.0,,0.0,0.0,0.0,0.1622324935270032,0.0,0.0,0.0,0.0,0.0,,0.0,-2.246423888464211,-118349423.0,1620822610.0,-2342400092.0,4601850344.0,,,,0.0,0.0,0.0,0.0,0.0,0.0,0.0,,2008-06-29,,amc,,2025-04-25,2008-06-30,,,
2007-06-30,AMCR,USD,1748790,2007-06-30,2007-06-29 20:00:00,2007,Q4,0.0,0.0,0.0,0.0,0,0.0,0.0,0.0,0.0,0.0,0.0,0.0,0.0,0.0,0.0,0.0,0.0,0.0,0.0,0.0,0.0,0.0,0.0,0.0,0.0,0.0,1439000000,1439000000,,,0.0,0.0,,,0.0676065566365531,2.1108924357192493,1.251104427380125,2.080124674079222,1.737848059763725,16088020000.0,18491497523.0,0.0,0.0,0.0,0.0,5.374677844706056,5.374677844706056,0.0,0.0,0.0,0.0,0.0,,0.8354537982359123,0.322500902336778,0.0,0.9639084507263286,0.0,0.0,,0.0,0.0,0.0,0.159555035291985,0.0,0.0,0.0,0.0,0.0,,0.0,-1.9675011103196665,-107803223.0,1800339271.0,-1837574215.0,4382527564.0,,,,0.0,0.0,0.0,0.0,0.0,0.0,0.0,,2007-06-29,,amc,,2025-04-25,2007-06-30,,,
2006-06-30,AMCR,USD,1748790,2006-06-30,2006-06-29 20:00:00,2006,Q4,0.0,0.0,0.0,0.0,0,0.0,0.0,0.0,0.0,0.0,0.0,0.0,0.0,0.0,0.0,0.0,0.0,0.0,0.0,0.0,0.0,0.0,0.0,0.0,0.0,0.0,1439000000,1439000000,,,0.0,0.0,,,0.0587347977762334,1.841972781792912,0.8681817963863794,1.8153642161223071,1.6371487088255734,16088020000.0,18359357618.0,0.0,0.0,0.0,0.0,6.158543779099569,6.158543779099569,0.0,0.0,0.0,0.0,0.0,,0.9018293377637412,0.3126187779801054,0.0,0.8932133776599894,0.0,0.0,,0.0,0.0,0.0,0.1859485007224638,0.0,0.0,0.0,0.0,0.0,,0.0,-2.3507713540653232,-283611107.0,1249313605.0,-2513022959.0,4306110030.0,,,,0.0,0.0,0.0,0.0,0.0,0.0,0.0,,2006-06-29,,amc,,2025-04-25,2006-06-30,,,
2005-06-30,AMCR,USD,1748790,2005-06-30,2005-06-29 20:00:00,2005,Q4,0.0,0.0,0.0,0.0,0,0.0,0.0,0.0,0.0,0.0,0.0,0.0,0.0,0.0,0.0,0.0,0.0,0.0,0.0,0.0,0.0,0.0,0.0,0.0,0.0,0.0,1439000000,1439000000,,,0.0,0.0,,,0.1116987053509381,2.3116545218902016,1.3754095364836691,2.2700589409312024,1.4313648644892287,16088020000.0,17987019603.0,0.0,0.0,0.0,0.0,4.924982254167306,4.924982254167306,0.0,0.0,0.0,0.0,0.0,,0.6305408369273741,0.2728889067394822,0.0,1.0785093244831283,0.0,0.0,,0.0,0.0,0.0,0.1784945801356392,0.0,0.0,0.0,0.0,0.0,,0.0,-1.8247875246699097,185210601.0,1979214323.0,-1677112881.0,4887531642.0,,,,0.0,0.0,0.0,0.0,0.0,0.0,0.0,,2005-06-29,,amc,,2025-04-25,2005-06-30,,,
2004-06-30,AMCR,USD,1748790,2004-06-30,2004-06-29 20:00:00,2004,Q4,0.0,0.0,0.0,0.0,0,0.0,0.0,0.0,0.0,0.0,0.0,0.0,0.0,0.0,0.0,0.0,0.0,0.0,0.0,0.0,0.0,0.0,0.0,0.0,0.0,0.0,1439000000,1439000000,,,0.0,0.0,,,0.0636473495482974,2.287223398193189,1.2850448568450312,2.243204696316887,1.3298409298123697,16088020000.0,17910072562.0,0.0,0.0,0.0,0.0,4.983941063584799,4.983941063584799,0.0,0.0,0.0,0.0,0.0,,0.5928308424085563,0.2660892050711185,0.0,1.0252964692988158,0.0,0.0,,0.0,0.0,0.0,0.2005269092178487,0.0,0.0,0.0,0.0,0.0,,0.0,-1.7951346412439193,52645930.0,1849179549.0,-1766610036.0,4812243498.0,,,,0.0,0.0,0.0,0.0,0.0,0.0,0.0,,2004-06-29,,amc,,2025-04-25,2004-06-30,,,
2003-06-30,AMCR,USD,1748790,2003-06-30,2003-06-29 20:00:00,2003,Q4,0.0,0.0,0.0,0.0,0,0.0,0.0,0.0,0.0,0.0,0.0,0.0,0.0,0.0,0.0,0.0,0.0,0.0,0.0,0.0,0.0,0.0,0.0,0.0,0.0,0.0,1439000000,1439000000,,,0.0,0.0,,,0.0662562154273801,2.170675375260598,1.2543729805420432,2.078899980542043,1.0810766865879082,16088020000.0,17548346658.0,0.0,0.0,0.0,0.0,5.377844102478166,5.377844102478166,0.0,0.0,0.0,0.0,0.0,,0.5200234242659587,0.2414481870216881,0.0,0.9751462472189826,0.0,0.0,,0.0,0.0,0.0,0.2046474174433471,0.0,0.0,0.0,0.0,0.0,,0.0,-1.4485177409659489,-50669757.0,1805042719.0,-1331428726.0,4162264506.0,,,,0.0,0.0,0.0,0.0,0.0,0.0,0.0,,2003-06-29,,amc,,2025-04-25,2003-06-30,,,
2002-06-30,AMCR,USD,1748790,2002-06-30,2002-06-29 20:00:00,2002,Q4,0.0,0.0,0.0,0.0,0,0.0,0.0,0.0,0.0,0.0,0.0,0.0,0.0,0.0,0.0,0.0,0.0,0.0,0.0,0.0,0.0,0.0,0.0,0.0,0.0,0.0,1439000000,1439000000,,,0.0,0.0,,,0.9026383043780404,1.786770783877693,1.505936067407922,1.7193986205698402,0.7798269117442669,16088020000.0,15911294406.0,0.0,0.0,0.0,0.0,6.502273449710424,6.502273449710424,0.0,0.0,0.0,0.0,0.0,,0.4535463169592505,0.2254241120595958,0.0,2.156661031186561,0.0,0.0,,0.0,0.0,0.0,0.0811807282389184,0.0,0.0,0.0,0.0,0.0,,0.0,-0.2142646040653231,1386274069.0,2167042001.0,177907894.0,3582310550.0,,,,0.0,0.0,0.0,0.0,0.0,0.0,0.0,,2002-06-29,,amc,,2025-04-25,2002-06-30,,,
2001-06-30,AMCR,USD,1748790,2001-06-30,2001-06-29 20:00:00,2001,Q4,0.0,0.0,0.0,0.0,0,0.0,0.0,0.0,0.0,0.0,0.0,0.0,0.0,0.0,0.0,0.0,0.0,0.0,0.0,0.0,0.0,0.0,0.0,0.0,0.0,0.0,1439000000,1439000000,,,0.0,0.0,,,0.1144009124391938,0.9112710027797082,0.687221106323836,0.8370841737317581,0.8598154155663655,16088020000.0,17160671470.0,0.0,0.0,0.0,0.0,13.355885048165549,13.355885048165549,0.0,0.0,0.0,0.0,0.0,,1.0271552641274655,0.3451044023473568,0.0,1.2858306582217822,0.0,0.0,,0.0,0.0,0.0,0.0899269822482298,0.0,0.0,0.0,0.0,0.0,,0.0,-0.9411921970118138,304394197.0,988911172.0,-904558514.0,2332940401.0,,,,0.0,0.0,0.0,0.0,0.0,0.0,0.0,,2001-06-29,,amc,,2025-04-25,2001-06-30,,,
2000-06-30,AMCR,USD,1748790,2000-06-30,2000-06-29 20:00:00,2000,Q4,0.0,0.0,0.0,0.0,0,0.0,0.0,0.0,0.0,0.0,0.0,0.0,0.0,0.0,0.0,0.0,0.0,0.0,0.0,0.0,0.0,0.0,0.0,0.0,0.0,0.0,1439000000,1439000000,,,0.0,0.0,,,0.0819440493398193,0.7704815211952745,0.5927355420430854,0.7356708582348853,0.6763807081306463,16088020000.0,16943414352.0,0.0,0.0,0.0,0.0,15.197013548728124,15.197013548728124,0.0,0.0,0.0,0.0,0.0,,0.9194066892271696,0.328954537099356,0.0,1.2616316818299405,0.0,0.0,,0.0,0.0,0.0,0.0864459106985444,0.0,0.0,0.0,0.0,0.0,,0.0,-0.8083728646629604,216550242.0,852946445.0,-805839154.0,1929548032.0,,,,0.0,0.0,0.0,0.0,0.0,0.0,0.0,,2000-06-29,,amc,,2025-04-25,2000-06-30,,,
1999-06-30,AMCR,USD,1748790,1999-06-30,1999-06-29 20:00:00,1999,Q4,0.0,0.0,0.0,0.0,0,0.0,0.0,0.0,0.0,0.0,0.0,0.0,0.0,0.0,0.0,0.0,0.0,0.0,0.0,0.0,0.0,0.0,0.0,0.0,0.0,0.0,1439000000,1439000000,,,0.0,0.0,,,0.087490979847116,1.2635163474635165,1.0746638658790828,1.2430120979847117,0.9324330347463516,16088020000.0,17303891617.0,0.0,0.0,0.0,0.0,8.994280923030491,8.994280923030491,0.0,0.0,0.0,0.0,0.0,,0.7501399513794756,0.3163759993058649,0.0,1.3083338849805786,0.0,0.0,,0.0,0.0,0.0,0.0640779448562983,0.0,0.0,0.0,0.0,0.0,,0.0,-1.0764614671646977,310943779.0,1546441303.0,-1103456563.0,2921122547.0,,,,0.0,0.0,0.0,0.0,0.0,0.0,0.0,,1999-06-29,,amc,,2025-04-25,1999-06-30,,,
1998-06-30,AMCR,USD,1748790,1998-06-30,1998-06-29 20:00:00,1998,Q4,0.0,0.0,0.0,0.0,0,0.0,0.0,0.0,0.0,0.0,0.0,0.0,0.0,0.0,0.0,0.0,0.0,0.0,0.0,0.0,0.0,0.0,0.0,0.0,0.0,0.0,1439000000,1439000000,,,0.0,0.0,,,0.1139783349548297,1.24634144961779,1.0259344419735927,1.225935789437109,1.0614825670604586,16088020000.0,17451478590.0,0.0,0.0,0.0,0.0,9.11956408837148,9.11956408837148,0.0,0.0,0.0,0.0,0.0,,0.865854946243017,0.3426784769163307,0.0,1.2805394126974348,0.0,0.0,,0.0,0.0,0.0,0.0711540066930724,0.0,0.0,0.0,0.0,0.0,,0.0,-1.1927496302988183,308660753.0,1476319662.0,-1255067263.0,2997709255.0,,,,0.0,0.0,0.0,0.0,0.0,0.0,0.0,,1998-06-29,,amc,,2025-04-25,1998-06-30,,,
1997-06-30,AMCR,USD,1748790,1997-06-30,1997-06-29 20:00:00,1997,Q4,0.0,0.0,0.0,0.0,0,0.0,0.0,0.0,0.0,0.0,0.0,0.0,0.0,0.0,0.0,0.0,0.0,0.0,0.0,0.0,0.0,0.0,0.0,0.0,0.0,0.0,1439000000,1439000000,,,0.0,0.0,,,0.092118575399583,1.592672041000695,1.335221832522585,1.572038317581654,1.162453678943711,16088020000.0,17628232214.0,0.0,0.0,0.0,0.0,7.111785937380177,7.111785937380177,0.0,0.0,0.0,0.0,0.0,,0.7394563261867384,0.3161515452927558,0.0,1.1818579953729826,0.0,0.0,,0.0,0.0,0.0,0.0700185157659411,0.0,0.0,0.0,0.0,0.0,,0.0,-1.3398565648019458,250346657.0,1921384217.0,-1372234280.0,3481792969.0,,,,0.0,0.0,0.0,0.0,0.0,0.0,0.0,,1997-06-29,,amc,,2025-04-25,1997-06-30,,,
