date,symbol,reportedCurrency,cik,fillingDate,acceptedDate,calendarYear,period,revenue,costOfRevenue,grossProfit,grossProfitRatio,researchAndDevelopmentExpenses,generalAndAdministrativeExpenses,sellingAndMarketingExpenses,sellingGeneralAndAdministrativeExpenses,otherExpenses,operatingExpenses,costAndExpenses,interestIncome,interestExpense,depreciationAndAmortization,ebitda,ebitdaratio,operatingIncome,operatingIncomeRatio,totalOtherIncomeExpensesNet,incomeBeforeTax,incomeBeforeTaxRatio,incomeTaxExpense,netIncome,netIncomeRatio,eps,epsdiluted,weightedAverageShsOut,weightedAverageShsOutDil,link,finalLink,revenuePerShare,netIncomePerShare,operatingCashFlowPerShare,freeCashFlowPerShare,cashPerShare,bookValuePerShare,tangibleBookValuePerShare,shareholdersEquityPerShare,interestDebtPerShare,marketCap,enterpriseValue,peRatio,priceToSalesRatio,pocfratio,pfcfRatio,pbRatio,ptbRatio,evToSales,enterpriseValueOverEBITDA,evToOperatingCashFlow,evToFreeCashFlow,earningsYield,freeCashFlowYield,debtToEquity,debtToAssets,netDebtToEBITDA,currentRatio,interestCoverage,incomeQuality,dividendYield,payoutRatio,salesGeneralAndAdministrativeToRevenue,researchAndDdevelopementToRevenue,intangiblesToTotalAssets,capexToOperatingCashFlow,capexToRevenue,capexToDepreciation,stockBasedCompensationToRevenue,grahamNumber,roic,returnOnTangibleAssets,grahamNetNet,workingCapital,tangibleAssetValue,netCurrentAssetValue,investedCapital,averageReceivables,averagePayables,averageInventory,daysSalesOutstanding,daysPayablesOutstanding,daysOfInventoryOnHand,receivablesTurnover,payablesTurnover,inventoryTurnover,roe,capexPerShare,report_date,epsEstimated,time,revenueEstimated,updatedFromDate,fiscalDateEnding,surprise(%),QuarterAvgPrice,QuarterAvgVolume
2025-03-31,AMGN,USD,318154,2025-05-02,2025-05-01 18:54:46,2025,Q1,8149000000.0,2968000000.0,5181000000.0,0.6357835317,1486000000,0.0,0.0,1687000000.0,830000000.0,4003000000.0,6971000000.0,0.0,0.0,-72000000.0,1178000000.0,0.1445576144,1178000000.0,0.1445576144,795000000.0,1973000000.0,0.242115597,243000000.0,1730000000.0,0.2122959872,3.22,3.2,538000000,541000000,https://www.sec.gov/Archives/edgar/data/318154/000031815425000020/0000318154-25-000020-index.htm,https://www.sec.gov/Archives/edgar/data/318154/000031815425000020/amgn-20250331.htm,15.146840148698884,3.2156133828996283,2.5855018587360594,1.821561338289963,16.37546468401487,11.537174721189592,-70.93308550185874,11.537174721189592,106.65613382899627,167613900000.0,216184900000.0,24.221661849710983,20.568646459688303,120.49884974838248,171.0345918367347,27.00401159980667,27.00401159980667,26.52900969444104,183.5185908319185,155.41689432063265,220.59683673469388,0.0103213396979606,0.0058467704647406,9.24456259062349,0.6420826479572996,41.23174872665535,1.1704189847009736,0.0,0.8040462427745665,0.0076306320657177,0.7393063583815029,0.0,0.1823536630261381,0.4964808038761512,0.295470884255931,0.0504356362743894,0.2963229992790194,0.0104307276966498,28.891687425139125,0.0148136925959689,0.0384461531623627,-120.60687732342008,3921000000.0,-38162000000.0,-56231000000.0,54971000000.0,7816500000.0,2157000000.0,6863500000.0,89.8122469014603,72.95822102425876,204.0464959568733,1.0020905066404329,1.2335827098919367,0.4410759399613613,0.2787175769292734,0.7639405204460966,2025-05-01,4.27,amc,8057527283.0,2025-05-11,2025-03-31,0.1475409836065575,295.3421666666666,3112050.2
2024-12-31,AMGN,USD,318154,2025-02-14,2025-02-14 16:18:41,2024,Q4,9086000000.0,3112000000.0,5974000000.0,0.6574950473,1724000000,0.0,0.0,1878000000.0,61000000.0,3663000000.0,6775000000.0,0.0,747000000.0,1397000000.0,2926000000.0,0.3220338983,2311000000.0,0.2543473476,-1529000000.0,782000000.0,0.0860664759,155000000.0,627000000.0,0.0690072639,1.16,1.16,540517241,542000000,https://www.sec.gov/Archives/edgar/data/318154/000031815425000010/0000318154-25-000010-index.htm,https://www.sec.gov/Archives/edgar/data/318154/000031815425000010/amgn-20241231.htm,16.809824573199876,1.160000000814035,8.826730468714134,8.14035088290551,22.15100480023356,10.8729186679172,-74.85237644806227,10.8729186679172,112.5699522321065,140880413694.24,189006413694.24,56.17241375368421,15.5052183242615,29.52848746473276,32.0182758396,23.971484378805517,23.971484378805517,20.80193855318512,64.5954934019959,39.61568092522322,42.95600311232728,0.0044505831829881,0.0312321626876362,10.226135783563045,0.6543951915852743,16.44771018455229,1.256764362093597,3.0937081659973225,7.609250398724083,0.0085533536451367,1.9218500797448168,0.0,0.1897424609289016,0.5045351103561667,0.077761475581639,0.0408320493066255,0.2655690765926986,0.0147479639005062,16.845865291868655,0.025632000832113,0.013779311254203,-120.00403517193266,5931000000.0,-40459000000.0,-56932000000.0,58810000000.0,7409000000.0,2027500000.0,7180000000.0,74.30002201188643,55.17994858611826,202.38431876606683,1.2113051593120918,1.631027253668763,0.444698485281509,0.1066870852475753,0.6863795858086237,2025-02-04,5.04,amc,8881241859.0,2025-05-04,2024-12-31,0.0535714285714284,296.69328125,3198010.03125
2024-09-30,AMGN,USD,318154,2024-10-31,2024-10-30 18:43:20,2024,Q3,8503000000.0,3310000000.0,5193000000.0,0.6107256262,1450000000,0.0,0.0,1625000000.0,71000000.0,3146000000.0,6456000000.0,0.0,776000000.0,1396000000.0,5273000000.0,0.6201340703,2047000000.0,0.2407385629,1054000000.0,3101000000.0,0.3646948136,271000000.0,2830000000.0,0.3328237093,5.27,5.22,537000000,542000000,https://www.sec.gov/Archives/edgar/data/318154/000031815424000044/0000318154-24-000044-index.htm,https://www.sec.gov/Archives/edgar/data/318154/000031815424000044/amgn-20240930.htm,15.834264432029794,5.27001862197393,6.649906890130354,6.171322160148976,16.78026070763501,14.016759776536311,-74.58286778398511,14.016759776536311,113.91806331471136,173026770000.0,224413770000.0,15.285050353356889,20.34890862048689,48.45330999719966,52.210853952926975,22.98748106815464,22.98748106815464,26.39230506879925,42.55903091219419,62.84339680761691,67.71688895594448,0.0163558506004591,0.0191531056148132,8.024179620034543,0.6645687312258618,9.745306277261522,1.317743205986609,2.6378865979381443,1.2618374558303886,0.0069931375358853,0.4275618374558304,0.0,0.1705280489239092,0.5235082468668508,0.0719686362363483,0.0302246266023756,0.1840974212034384,0.0159943549335528,40.76816360160013,0.0252055628011089,0.0653504214293961,-121.37104283054003,6454000000.0,-40051000000.0,-56590000000.0,60188000000.0,7125500000.0,2207000000.0,7678500000.0,77.44678348818064,58.377643504531726,200.17522658610272,1.1620882875495422,1.5416860735910574,0.4496060853029068,0.3759798060316195,0.478584729981378,2024-10-30,5.11,amc,8498309400.0,2025-04-24,2024-09-30,0.0919765166340508,327.10875,1956536.25
2024-06-30,AMGN,USD,318154,2024-08-07,2024-08-06 18:54:26,2024,Q2,8388000000.0,3236000000.0,5152000000.0,0.6142107773,1447000000,0.0,0.0,1785000000.0,11000000.0,3243000000.0,6479000000.0,0.0,808000000.0,1400000000.0,3002000000.0,0.357892227,1909000000.0,0.2275870291,-1115000000.0,794000000.0,0.0946590367,48000000.0,746000000.0,0.0889365761,1.39,1.38,537000000,541000000,https://www.sec.gov/Archives/edgar/data/318154/000031815424000035/0000318154-24-000035-index.htm,https://www.sec.gov/Archives/edgar/data/318154/000031815424000035/amgn-20240630.htm,15.620111731843576,1.3891992551210428,4.579143389199255,4.1359404096834265,17.32029795158287,11.033519553072626,-79.8193668528864,11.033519553072626,118.16201117318435,167012370000.0,220356370000.0,55.96929289544236,19.91086909871245,67.91881659211062,75.19692480864475,28.1877417721519,28.1877417721519,26.27043037672865,73.40318787475017,89.61218788125254,99.21493471409276,0.0044667350089098,0.0132984161592341,10.572995780590718,0.6891108495495396,17.769487008660892,1.264395594181345,2.362623762376238,3.296246648793565,0.0072389847530455,1.6206434316353888,0.0,0.1725083452551263,0.536680343647904,0.0967873119154127,0.0283738674296614,0.17,0.0187172150691464,18.570797929843213,0.0239407680188778,0.017711721550844,-123.804469273743,5689000000.0,-42863000000.0,-57776000000.0,60574000000.0,6855000000.0,1947500000.0,8359500000.0,74.39914163090128,63.050061804697165,222.35784919653892,1.2096913758292471,1.427437141596824,0.4047529706066291,0.1259071729957805,0.4432029795158286,2024-08-06,4.98,amc,8351854541.0,2025-04-24,2024-06-30,-0.0020080321285141,293.7788888888889,2549669.6666666665
2024-03-31,AMGN,USD,318154,2024-05-03,2024-05-02 19:27:57,2024,Q1,7447000000.0,3200000000.0,4247000000.0,0.5702967638,1343000000,0.0,0.0,1808000000.0,105000000.0,3256000000.0,6456000000.0,0.0,824000000.0,1399000000.0,2155000000.0,0.2893782731,991000000.0,0.133073721,-1059000000.0,-68000000.0,-0.0091311938,45000000.0,-113000000.0,-0.0151738955,-0.21,-0.21,536000000,536000000,https://www.sec.gov/Archives/edgar/data/318154/000031815424000020/0000318154-24-000020-index.htm,https://www.sec.gov/Archives/edgar/data/318154/000031815424000020/amgn-20240331.htm,13.89365671641791,-0.210820895522388,1.2854477611940298,0.8563432835820896,18.111940298507463,9.369402985074627,-83.80597014925372,9.369402985074627,120.9776119402985,151709440000.0,206021440000.0,-335.6403539823009,20.37188666577145,220.1878664731495,330.5216557734205,30.208968538430906,30.208968538430906,27.665024842218344,95.60159628770302,299.01515239477504,448.8484531590414,-0.0007448448824278,0.0030255203631362,12.747909199522102,0.6885351688535168,25.20278422273782,1.421781475093842,1.202669902912621,-6.097345132743363,0.007962589539583,-10.690265486725664,0.0,0.1803410769437357,0.5371262637126264,0.3338171262699564,0.0308849201020545,0.1644031451036454,0.0138310729152678,,0.0213248148077618,-0.0026255866908313,-128.36940298507463,8315000000.0,-44920000000.0,-59929000000.0,64259000000.0,7359000000.0,1609000000.0,9121000000.0,81.89069423929098,45.7875,245.3625,1.099025974025974,1.9656019656019657,0.3668042182485098,-0.0225009956192751,0.4291044776119403,2024-05-02,3.88,amc,7451599955.0,2025-04-24,2024-03-31,0.0206185567010309,292.60819672131146,3041435.819672131
2023-12-31,AMGN,USD,318154,2024-02-14,2024-02-14 16:23:32,2023,Q4,8196000000.0,3112000000.0,5084000000.0,0.6203025866,1534000000,1627000000.0,647000000.0,2274000000.0,402000000.0,3813000000.0,6925000000.0,821000000.0,821000000.0,1380000000.0,2048000000.0,0.2498779893,1271000000.0,0.1550756467,-419000000.0,852000000.0,0.1039531479,85000000.0,767000000.0,0.0935822352,1.43,1.42,535000000,540000000,https://www.sec.gov/Archives/edgar/data/318154/000031815424000011/0000318154-24-000011-index.htm,https://www.sec.gov/Archives/edgar/data/318154/000031815424000011/amgn-20231231.htm,15.3196261682243,1.4336448598130842,1.005607476635514,0.5401869158878505,40.91214953271028,11.64859813084112,-84.18317757009346,11.64859813084112,122.30654205607476,154090700000.0,207759700000.0,50.22513037809647,18.80071986334797,286.41394052044603,533.185813148789,24.72572207958921,24.72572207958921,25.348914104441192,101.445166015625,386.1704460966543,718.89169550173,0.0049775878751929,0.0018755187691405,10.367939666238769,0.6650575375177553,26.20556640625,1.64919530230535,1.5481120584652863,0.7014341590612777,0.0073982401274054,1.4863102998696218,0.1985114690092728,0.1871644704734016,0.5277188793050209,0.4628252788104089,0.0303806734992679,0.1804347826086956,0.0577110785749145,19.384244601530003,0.0142447880684168,0.0167160666027373,-109.00654205607476,11940000000.0,-45038000000.0,-60590000000.0,69151000000.0,7043500000.0,1474000000.0,7272000000.0,87.2108345534407,45.98329048843188,275.2634961439589,1.0319818685469655,1.9572327044025155,0.3269594452616096,0.1230744544287548,0.4654205607476635,2024-02-06,4.59,amc,8125898351.0,2025-04-24,2023-12-31,0.0261437908496732,272.4688888888889,2491185.8412698414
2023-09-30,AMGN,USD,318154,2023-10-31,2023-10-31 16:21:57,2023,Q3,6903000000.0,1806000000.0,5097000000.0,0.7383746197,1079000000,0.0,0.0,1353000000.0,685000000.0,3076000000.0,4882000000.0,759000000.0,759000000.0,895000000.0,3583000000.0,0.5190496885,2021000000.0,0.2927712589,-74000000.0,1947000000.0,0.2820512821,217000000.0,1730000000.0,0.2506156743,3.23,3.22,535000000,538000000,https://www.sec.gov/Archives/edgar/data/318154/000031815423000064/0000318154-23-000064-index.htm,https://www.sec.gov/Archives/edgar/data/318154/000031815423000064/amgn-20230930.htm,12.902803738317758,3.233644859813084,5.158878504672897,4.695327102803739,64.93644859813084,14.310280373831777,-39.25794392523365,14.310280373831777,114.4429906542056,143786600000.0,169513600000.0,20.778410404624275,20.82958134144575,52.09659420289855,57.239888535031845,18.780903866248693,18.780903866248693,24.556511661596407,47.3105219090148,61.41797101449276,67.48152866242039,0.0120317192283564,0.0174703345096135,7.898119122257054,0.6679037709589767,7.180295841473625,2.859325232983367,2.662714097496706,1.5953757225433527,0.0079284161389169,0.6589595375722543,0.0,0.1563088512241054,0.316555106368878,0.0898550724637681,0.0359264088077647,0.2770949720670391,0.0,32.26721560500405,0.0239408121753778,0.0279595959595959,-76.66401869158878,31523000000.0,-21003000000.0,-34401000000.0,65745000000.0,5987500000.0,1285000000.0,5002000000.0,80.11734028683182,67.67441860465115,250.46511627906972,1.1233523189585028,1.3298969072164948,0.3593314763231198,0.2259665621734587,0.4635514018691589,2023-10-31,4.65,bmo,6616190000.0,2025-04-24,2023-09-30,0.0666666666666665,249.55746031746037,2474165.8571428573
2023-06-30,AMGN,USD,318154,2023-08-04,2023-08-03 19:28:03,2023,Q2,6986000000.0,1813000000.0,5173000000.0,0.7404809619,1113000000,0.0,0.0,1294000000.0,-318000000.0,2489000000.0,4302000000.0,752000000.0,752000000.0,896000000.0,3557000000.0,0.5091611795,2684000000.0,0.3841969654,-1070000000.0,1614000000.0,0.2310334956,235000000.0,1379000000.0,0.1973947896,2.58,2.57,535000000,537000000,https://www.sec.gov/Archives/edgar/data/318154/000031815423000053/0000318154-23-000053-index.htm,https://www.sec.gov/Archives/edgar/data/318154/000031815423000053/amgn-20230630.htm,13.057943925233644,2.577570093457944,7.680373831775701,7.173831775700934,64.01495327102803,12.674766355140187,-43.70654205607477,12.674766355140187,116.44112149532712,118780700000.0,146076700000.0,21.533846990572883,17.0026767821357,28.907447067413,30.94859301719645,17.51669370299366,17.51669370299366,20.90991983967936,41.06738824852404,35.55042589437819,38.06063053673788,0.0116096301840282,0.0323116465890502,9.075947500368676,0.68178444427212,7.673882485240371,2.771246417500146,3.5691489361702127,2.979695431472081,0.0095890999126962,0.8259608411892676,0.0,0.1593186372745491,0.3341567980148223,0.0659527865660744,0.0387918694531921,0.3024553571428571,0.0170340681362725,27.11230755059345,0.0304385104564871,0.0229431827634972,-79.21214953271028,30283000000.0,-23383000000.0,-36108000000.0,65979000000.0,5783000000.0,1266000000.0,4994500000.0,75.10735757228743,60.16547159404303,247.11527854385,1.1982847341337908,1.4958745874587458,0.364202490960225,0.2033623359386521,0.5065420560747663,2023-08-03,4.44,amc,6676170000.0,2025-04-24,2023-06-30,0.126126126126126,232.0385483870968,2361105.693548387
2023-03-31,AMGN,USD,318154,2023-04-28,2023-04-27 20:38:17,2023,Q1,6105000000.0,1720000000.0,4385000000.0,0.7182637183,1058000000,0.0,0.0,1258000000.0,148000000.0,2464000000.0,4184000000.0,0.0,543000000.0,900000000.0,4885000000.0,0.8001638002,1921000000.0,0.3146601147,1521000000.0,3442000000.0,0.5638001638,601000000.0,2841000000.0,0.4653562654,5.32,5.28,534000000,538000000,https://www.sec.gov/Archives/edgar/data/318154/000031815423000029/0000318154-23-000029-index.htm,https://www.sec.gov/Archives/edgar/data/318154/000031815423000029/amgn-20230331.htm,11.432584269662922,5.320224719101123,1.99250936329588,1.348314606741573,59.10299625468165,10.01498127340824,-47.89513108614232,10.01498127340824,116.3632958801498,129094500000.0,159129500000.0,11.359952481520592,21.145700245700247,121.32941729323308,179.29791666666668,24.138836948391923,24.138836948391923,26.065438165438167,32.575127942681675,149.5578007518797,221.01319444444445,0.0220071343085878,0.0055773096452598,11.517389678384443,0.6942628494138864,6.148413510747186,3.14477664438973,3.537753222836096,0.3745160154875044,0.0088075014814728,0.4002111932418162,0.0,0.1733005733005733,0.3485572587917042,0.3233082706766917,0.0563472563472563,0.3822222222222222,0.0076986076986076,34.6243252060272,0.0210459183525907,0.0491556509100975,-84.27621722846442,30488000000.0,-25576000000.0,-38669000000.0,66872000000.0,5649500000.0,1446000000.0,4970500000.0,84.56019656019657,69.06976744186046,262.20348837209303,1.0643305439330544,1.303030303030303,0.3432448613051287,0.531226626776365,0.6441947565543071,2023-04-27,3.85,amc,6648340000.0,2025-04-24,2023-03-31,0.0337662337662337,245.47193548387096,2514422.064516129
2022-12-31,AMGN,USD,318154,2023-02-09,2023-02-09 16:26:31,2022,Q4,6839000000.0,1747000000.0,5092000000.0,0.7445532973,1324000000,731000000.0,841000000.0,1572000000.0,-34000000.0,2862000000.0,4609000000.0,415000000.0,415000000.0,911000000.0,3114000000.0,0.4553297266,1252000000.0,0.1830677,-482000000.0,1748000000.0,0.2555929229,132000000.0,1616000000.0,0.2362918555,3.02,3.0,535000000,539000000,https://www.sec.gov/Archives/edgar/data/318154/000031815423000017/0000318154-23-000017-index.htm,https://www.sec.gov/Archives/edgar/data/318154/000031815423000017/amgn-20221231.htm,12.783177570093455,3.020560747663551,4.951401869158879,4.3158878504672895,17.39252336448598,6.842990654205607,-52.2392523364486,6.842990654205607,73.57009345794393,140512400000.0,171828400000.0,21.73768564356436,20.54575230296827,53.04356360890902,60.85422260718926,38.38087954110898,38.38087954110898,25.12478432519374,55.17931920359666,64.8653831634579,74.41680381117366,0.0115007643453531,0.01643271341177,10.63780387872166,0.5980405706300579,10.056518946692355,1.414292088990884,3.016867469879518,1.6392326732673268,0.0074014820044351,0.6435643564356436,0.1068869717794999,0.1935955549056879,0.4853887378879317,0.1283503208758022,0.0497148705951162,0.3732162458836443,0.0586343032607106,21.565424914692606,0.0226149426071075,0.0482215325853425,-85.07990654205608,6499000000.0,-27948000000.0,-39274000000.0,43535000000.0,5444500000.0,1388000000.0,4843500000.0,73.20807135546131,80.98454493417286,253.9782484258729,1.2293726406615135,1.111323155216285,0.3543610547667343,0.4414094509696804,0.6355140186915887,2023-01-31,4.04,amc,6743826650.0,2025-04-24,2022-12-31,0.0123762376237623,268.0606349206349,2814078.587301587
2022-09-30,AMGN,USD,318154,2022-11-04,2022-11-03 19:24:04,2022,Q3,6652000000.0,1588000000.0,5064000000.0,0.7612748046,1112000000,0.0,0.0,1287000000.0,5000000.0,2404000000.0,3992000000.0,368000000.0,368000000.0,865000000.0,3645000000.0,0.5479555021,1923000000.0,0.2890859892,-268000000.0,2392000000.0,0.3595911004,249000000.0,2143000000.0,0.3221587492,4.01,3.98,535000000,538000000,https://www.sec.gov/Archives/edgar/data/318154/000031815422000055/0000318154-22-000055-index.htm,https://www.sec.gov/Archives/edgar/data/318154/000031815422000055/amgn-20220930.htm,12.433644859813084,4.005607476635514,5.566355140186916,5.267289719626168,21.45420560747663,6.82803738317757,-45.71588785046729,6.82803738317757,73.03177570093457,120589000000.0,149791000000.0,14.067778814745685,18.128232110643417,40.493284083277366,42.79240596167495,33.010949904188344,33.010949904188344,22.51819001803969,41.09492455418381,50.299194089993286,53.15507452093683,0.0177711068173714,0.0233686322964781,10.595127292636189,0.6075981161695447,8.011522633744857,1.6790175144791013,5.225543478260869,1.3896406906206251,0.0086077502923152,0.484367708819412,0.0,0.1671677690920024,0.4413029827315541,0.0537273337810611,0.0240529164161154,0.1911589008363202,0.0,24.806951562779016,0.0338392027084835,0.0602152350445362,-78.87102803738318,9731000000.0,-24458000000.0,-35985000000.0,43030000000.0,5326500000.0,1230000000.0,4655500000.0,72.05953096812989,68.2367758186398,269.60327455919395,1.2489673300788584,1.318936877076412,0.3338238385537103,0.5866411168902272,0.2990654205607476,2022-11-03,4.44,amc,6563726552.0,2025-04-24,2022-09-30,0.0585585585585585,242.39609375,2616275.796875
2022-06-30,AMGN,USD,318154,2022-08-05,2022-08-04 19:53:42,2022,Q2,6594000000.0,1510000000.0,5084000000.0,0.771003943,1039000000,0.0,0.0,1327000000.0,-317000000.0,2908000000.0,4418000000.0,0.0,328000000.0,828000000.0,3004000000.0,0.4555656658,2176000000.0,0.3299969669,-645000000.0,1531000000.0,0.2321807704,214000000.0,1317000000.0,0.1997270246,2.46,2.45,535000000,537000000,https://www.sec.gov/Archives/edgar/data/318154/000031815422000041/0000318154-22-000041-index.htm,https://www.sec.gov/Archives/edgar/data/318154/000031815422000041/amgn-20220630.htm,12.325233644859813,2.4616822429906544,3.607476635514019,3.147663551401869,13.426168224299063,4.521495327102803,-49.29532710280374,4.521495327102803,68.8785046728972,130165500000.0,161484500000.0,24.708712984054667,19.739990900818928,67.44326424870466,77.29542755344418,53.809632079371646,53.809632079371646,24.489611768274187,53.7564913448735,83.67072538860104,95.89340855106887,0.0101178883805616,0.0129373758791692,15.097974369574205,0.6159476506897831,10.425765645805592,1.531304485655413,6.634146341463414,1.4654517843583903,0.0079744632794404,0.7881548974943052,0.0,0.1575674855929633,0.4855803285323979,0.127461139896373,0.0373066424021838,0.2971014492753623,0.0,15.825166889044782,0.0394130343358517,0.0431774965576027,-81.15841121495328,6704000000.0,-26373000000.0,-37553000000.0,40654000000.0,5202000000.0,1329500000.0,4482500000.0,72.70700636942675,74.86092715231788,271.43046357615896,1.2378449408672798,1.2022292993630572,0.331576635924462,0.5444398511781728,0.4598130841121495,2022-08-04,4.4,amc,6531441753.0,2025-04-24,2022-06-30,0.0568181818181818,245.05241935483872,3312488.6612903224
2022-03-31,AMGN,USD,318154,2022-04-28,2022-04-27 20:00:34,2022,Q1,6238000000.0,1561000000.0,4677000000.0,0.7497595383,959000000,0.0,0.0,1228000000.0,-10000000.0,2177000000.0,3738000000.0,0.0,295000000.0,841000000.0,3331000000.0,0.5339852517,1129000000.0,0.180987496,-825000000.0,1675000000.0,0.2685155499,199000000.0,1476000000.0,0.2366142995,2.69,2.68,548000000,551000000,https://www.sec.gov/Archives/edgar/data/318154/000031815422000021/0000318154-22-000021-index.htm,https://www.sec.gov/Archives/edgar/data/318154/000031815422000021/amgn-20220331.htm,11.383211678832115,2.6934306569343067,3.948905109489051,3.602189781021898,11.941605839416058,1.6715328467153283,-52.09489051094891,1.6715328467153283,67.79014598540147,132517360000.0,162843360000.0,22.44535230352303,21.24356524527092,61.23722735674677,67.13138804457954,144.66960698689957,144.66960698689957,26.105059313882656,48.88722906034224,75.25109057301295,82.49410334346504,0.0111381633319589,0.0148961615293271,40.23362445414847,0.6225758497195757,9.104172921044732,1.4372186869470744,3.827118644067797,1.4661246612466126,0.0081498756087504,0.7317073170731707,0.0,0.1537351715293363,0.4977363335360497,0.0878003696857671,0.0304584802821417,0.2259215219976219,0.0,10.064718118350564,0.0210982750074541,0.0496434817704829,-83.43567518248175,5634000000.0,-28548000000.0,-39760000000.0,40240000000.0,4986000000.0,1384500000.0,4248500000.0,73.24943892273166,80.89045483664317,254.31774503523383,1.2286783533582823,1.1126158232359231,0.3538880072545908,1.611353711790393,0.3467153284671533,2022-04-27,4.22,amc,6069329134.0,2025-04-24,2022-03-31,0.0071090047393365,229.7614516129032,3194401.0322580645
2021-12-31,AMGN,USD,318154,2022-02-16,2022-02-16 16:39:53,2021,Q4,6846000000.0,1718000000.0,5128000000.0,0.7490505405,1348000000,582000000.0,843000000.0,1425000000.0,162000000.0,2824000000.0,4542000000.0,0.0,335000000.0,852000000.0,3207000000.0,0.4684487292,2304000000.0,0.3365468887,-173000000.0,2131000000.0,0.3112766579,232000000.0,1899000000.0,0.2773882559,3.38,3.36,562000000,565000000,https://www.sec.gov/Archives/edgar/data/318154/000031815422000010/0000318154-22-000010-index.htm,https://www.sec.gov/Archives/edgar/data/318154/000031815422000010/amgn-20211231.htm,12.181494661921707,3.379003558718862,4.99644128113879,4.48576512455516,14.300711743772242,11.92170818505338,-41.587188612099645,11.92170818505338,59.86476868327402,126433140000.0,151753140000.0,16.644699842022117,18.46817703768624,45.026047008547,50.15197937326458,18.87061791044776,18.87061791044776,22.16668711656441,47.31934518241347,54.04314102564103,60.19561285204284,0.0150197962338038,0.0199393924725748,4.971492537313432,0.5445761464890051,7.895229186155285,1.59102101116218,6.877611940298507,1.4786729857819905,0.0078302255247318,0.5213270142180095,0.0850131463628396,0.1969033011977797,0.4916537235347012,0.1022079772079772,0.041922290388548,0.3368544600938967,0.0498101080923166,30.10612269330478,0.0417199855714874,0.0610748399961406,-72.4443950177936,7201000000.0,-23372000000.0,-35080000000.0,42457000000.0,4830000000.0,1268500000.0,4119000000.0,64.35144609991235,71.55995343422585,214.0512223515716,1.398569969356486,1.2576866764275256,0.4204601076847772,0.2834328358208955,0.5106761565836299,2022-02-07,4.08,amc,6869300681.0,2025-04-24,2021-12-31,0.0686274509803922,211.05625,2847887.6875
2021-09-30,AMGN,USD,318154,2021-11-03,2021-11-02 20:08:39,2021,Q3,6706000000.0,1609000000.0,5097000000.0,0.7600656129,1422000000,0.0,0.0,1305000000.0,73000000.0,2719000000.0,4328000000.0,0.0,296000000.0,850000000.0,3217000000.0,0.479719654,2378000000.0,0.3546078139,-223000000.0,2155000000.0,0.3213540113,271000000.0,1884000000.0,0.2809424396,3.32,3.31,567000000,570000000,https://www.sec.gov/Archives/edgar/data/318154/000031815421000045/0000318154-21-000045-index.htm,https://www.sec.gov/Archives/edgar/data/318154/000031815421000045/amgn-20210930.htm,11.82716049382716,3.322751322751323,4.264550264550264,3.837742504409171,22.788359788359788,14.492063492063492,-37.22574955908289,14.492063492063492,66.7989417989418,120572550000.0,146182550000.0,15.999542197452229,17.979801670146138,49.86457816377172,55.41017922794118,14.67354874041621,14.67354874041621,21.79876975842529,45.44064345663661,60.45597601323408,67.17948069852942,0.0156254470855928,0.0180472255086253,4.573323597419983,0.5782007293093102,7.960833074292819,1.6426357633742084,8.033783783783784,1.28343949044586,0.0082854679609911,0.5302547770700637,0.0,0.2120489114226066,0.4511870509131753,0.1000827129859388,0.0360870861914703,0.2847058823529412,0.0,32.91586654786909,0.0381887405085979,0.0528189744596147,-67.38139329805996,9538000000.0,-21107000000.0,-32396000000.0,43844000000.0,4622000000.0,1224000000.0,4133500000.0,63.95019385624814,65.5003107520199,232.2436295835923,1.4073452256033578,1.3740392826643897,0.38752408477842,0.2292807594012413,0.4268077601410934,2021-11-02,4.22,amc,6711100000.0,2025-04-24,2021-09-30,0.1066350710900474,230.16578125,2420817.734375
2021-06-30,AMGN,USD,318154,2021-08-04,2021-08-03 20:25:00,2021,Q2,6526000000.0,1637000000.0,4889000000.0,0.7491572173,1082000000,0.0,0.0,1384000000.0,11000000.0,2556000000.0,4193000000.0,0.0,281000000.0,855000000.0,3278000000.0,0.5022984983,828000000.0,0.126877107,-270000000.0,558000000.0,0.0855041373,94000000.0,464000000.0,0.0711002145,0.81,0.81,573000000,576000000,https://www.sec.gov/Archives/edgar/data/318154/000031815421000034/0000318154-21-000034-index.htm,https://www.sec.gov/Archives/edgar/data/318154/000031815421000034/amgn-20210630.htm,11.389179755671902,0.8097731239092496,3.369982547993019,3.047120418848168,14.104712041884817,14.392670157068062,-37.93542757417103,14.392670157068062,57.70157068062827,139668750000.0,165820750000.0,75.25255926724138,21.401892430278885,72.32975142413257,79.99355670103093,16.935703892324483,16.935703892324483,25.40924762488508,50.585951799877975,85.87299326773693,94.97179266895762,0.0033221461493712,0.0125010068465565,3.975021219837517,0.5484416040687267,7.978035387431361,1.3094960575934178,2.9466192170818504,4.161637931034483,0.0072170761175996,2.1724137931034484,0.0,0.1657983450812136,0.5016311712646178,0.0958052822371828,0.0283481458780263,0.2163742690058479,0.0,16.193608096279835,0.0139060455855602,0.0155762194098492,-66.3651832460733,4514000000.0,-21737000000.0,-32427000000.0,39404000000.0,4451000000.0,1336500000.0,4066000000.0,61.76984370211463,70.20769700671961,226.23701893708,1.4570216566197811,1.2819107282693811,0.3978128797083839,0.0562628834727779,0.3228621291448517,2021-08-03,4.13,amc,6450120000.0,2025-04-24,2021-06-30,0.0605326876513317,246.0047619047619,2590988.095238095
2021-03-31,AMGN,USD,318154,2021-04-28,2021-04-27 20:01:28,2021,Q1,5901000000.0,1490000000.0,4411000000.0,0.7475004237,967000000,0.0,0.0,1254000000.0,13000000.0,2282000000.0,3772000000.0,0.0,285000000.0,841000000.0,3031000000.0,0.5136417556,2129000000.0,0.3607863074,-272000000.0,1857000000.0,0.314692425,211000000.0,1646000000.0,0.2789357736,2.85,2.83,577000000,581000000,https://www.sec.gov/Archives/edgar/data/318154/000031815421000019/0000318154-21-000019-index.htm,https://www.sec.gov/Archives/edgar/data/318154/000031815421000019/amgn-20210331.htm,10.227036395147314,2.852686308492201,3.6464471403812815,3.3587521663778164,18.311958405545926,16.176776429809358,-36.89081455805893,16.176776429809358,57.14038128249567,143563370000.0,170136370000.0,21.804886087484817,24.3286510760888,68.23354087452472,74.07810629514964,15.380691022069852,15.380691022069852,28.83178613794272,56.132091718904654,80.86329372623574,87.78966460268317,0.0114653201579205,0.0134992651677095,3.501714163274052,0.5226338764610883,8.767073573078193,1.6550625534229544,7.470175438596491,1.2782503037667072,0.0070770141436495,0.6172539489671932,0.0,0.1638705304185731,0.489614480564128,0.0788973384030418,0.0281308252838501,0.1973840665873959,0.0,32.222872999303945,0.0368386022335983,0.0515680315799367,-64.66767764298093,8430000000.0,-21286000000.0,-31906000000.0,43905000000.0,4474000000.0,1408500000.0,3955000000.0,67.4580579562786,84.32214765100672,242.63758389261744,1.3341623332579695,1.0673352435530086,0.3709235748070699,0.1763445468180844,0.2876949740034662,2021-04-27,4.05,amc,6285400000.0,2025-04-24,2021-03-31,-0.0864197530864196,238.60934426229508,2777303.934426229
2020-12-31,AMGN,USD,318154,2021-02-09,2021-02-08 19:24:56,2020,Q4,6634000000.0,1597000000.0,5037000000.0,0.7592704251,1229000000,811000000.0,962000000.0,1773000000.0,27000000.0,3029000000.0,4626000000.0,187000000.0,318000000.0,873000000.0,3137000000.0,0.4728670485,2008000000.0,0.3026831474,-131000000.0,1877000000.0,0.2829363883,262000000.0,1615000000.0,0.2434428701,2.78,2.76,581000000,585000000,https://www.sec.gov/Archives/edgar/data/318154/000031815421000010/0000318154-21-000010-index.htm,https://www.sec.gov/Archives/edgar/data/318154/000031815421000010/amgn-20201231.htm,11.418244406196214,2.779690189328744,3.705679862306369,3.4079173838209984,18.32530120481928,16.19449225473322,-37.6368330464716,16.19449225473322,57.32185886402754,133583520000.0,160303520000.0,20.67856346749226,20.13619535725053,62.04529493729679,67.46642424242424,14.197419491975769,14.197419491975769,24.163931263189628,51.10089894803953,74.45588481189039,80.96137373737373,0.0120898146717499,0.0148221876470989,3.505792326495908,0.5240198258880345,8.517692062480076,1.814468377241912,6.314465408805032,1.33312693498452,0.0069769085288364,0.5770897832817338,0.1222490201989749,0.1852577630388905,0.4968545466099002,0.0803529958197863,0.0260777811275248,0.1981672394043528,0.0497437443473017,31.825345291716012,0.0335224672176967,0.0509914119727203,-64.6329604130809,9491000000.0,-21867000000.0,-32395000000.0,45656000000.0,4309500000.0,1291000000.0,3917500000.0,61.38830268314743,80.08140262993112,219.39261114589857,1.4660773480662983,1.123856439127375,0.4102234780375032,0.171644170475077,0.2977624784853701,2021-02-02,3.36,amc,5812088495.0,2025-04-24,2020-12-31,0.1339285714285714,230.55734375,2548078.4375
2020-09-30,AMGN,USD,318154,2020-10-29,2020-10-28 19:55:25,2020,Q3,6423000000.0,1561000000.0,4862000000.0,0.7569671493,1062000000,0.0,0.0,1346000000.0,1000000.0,2409000000.0,3970000000.0,55000000.0,302000000.0,901000000.0,3354000000.0,0.5221858944,2453000000.0,0.3819087654,-247000000.0,2206000000.0,0.343453215,185000000.0,2021000000.0,0.3146504749,3.45,3.43,585000000,589000000,https://www.sec.gov/Archives/edgar/data/318154/000031815420000060/0000318154-20-000060-index.htm,https://www.sec.gov/Archives/edgar/data/318154/000031815420000060/amgn-20200930.htm,10.97948717948718,3.454700854700855,5.757264957264957,5.526495726495726,21.128205128205128,18.73333333333333,-35.84444444444444,18.73333333333333,59.126495726495726,148683600000.0,173883600000.0,18.39233052944087,23.148622139187296,44.14596199524941,45.98935972780699,13.567259786476868,13.567259786476868,27.072022419430173,51.84364937388193,51.62814726840856,53.78397772966285,0.0135926221856344,0.0217441600822148,3.128661374212976,0.5304546931324164,7.513416815742397,2.2768009645333067,8.12251655629139,1.6665017318159328,0.0062952470884482,0.4631370608609599,0.0,0.1653432975245212,0.4939585686216872,0.0400831353919239,0.0210182157870154,0.1498335183129855,0.0,38.159617532889534,0.0410275862725325,0.061787275673362,-62.01111111111111,12708000000.0,-20969000000.0,-31017000000.0,49452000000.0,4730000000.0,1155500000.0,3891000000.0,57.36571695469407,66.9378603459321,227.2773862908392,1.5688812896922326,1.3445305770887166,0.3959918822932521,0.1844146363719317,0.2307692307692307,2020-10-28,3.81,amc,5599915331.0,2025-04-24,2020-09-30,0.1469816272965879,247.73765625,2598817.140625
2020-06-30,AMGN,USD,318154,2020-07-29,2020-07-28 19:18:00,2020,Q2,6206000000.0,1488000000.0,4718000000.0,0.7602320335,964000000,0.0,0.0,1295000000.0,136000000.0,2395000000.0,3883000000.0,3000000.0,296000000.0,930000000.0,3253000000.0,0.5241701579,2323000000.0,0.3743151789,-293000000.0,2030000000.0,0.3271028037,227000000.0,1803000000.0,0.2905252981,3.07,3.05,588000000,592000000,https://www.sec.gov/Archives/edgar/data/318154/000031815420000048/0000318154-20-000048-index.htm,https://www.sec.gov/Archives/edgar/data/318154/000031815420000048/amgn-20200630.htm,10.554421768707485,3.066326530612245,4.833333333333333,4.5646258503401365,19.4234693877551,18.127551020408163,-37.35884353741496,18.127551020408163,58.70748299319728,138685680000.0,163764680000.0,19.22985024958403,22.347031904608443,48.79862068965518,51.671266766020864,13.011134252744162,13.011134252744162,26.38812117305833,50.34266215800799,57.62304011259676,61.0151564828614,0.0130006212609694,0.0193531156208773,3.21080776808331,0.5264339880943225,7.709498924070089,2.1757103487598592,7.847972972972973,1.5762617859123682,0.006792337896746,0.5224625623960066,0.0,0.1553335481791814,0.5018535324791189,0.0555946516537649,0.0254592330003222,0.1698924731182795,0.0,35.36470400201809,0.0378027439233246,0.0556739231125521,-62.90221088435374,12372000000.0,-21967000000.0,-31457000000.0,49841000000.0,5187500000.0,1244000000.0,3761000000.0,77.81824041250403,69.55645161290322,232.25806451612905,1.1565411852404026,1.2939130434782609,0.3875,0.169152828595553,0.2687074829931973,2020-07-28,3.81,amc,5592701176.0,2025-04-24,2020-06-30,0.1154855643044619,228.1574603174603,2840643.0793650798
2020-03-31,AMGN,USD,318154,2020-05-01,2020-04-30 20:48:21,2020,Q1,6161000000.0,1513000000.0,4648000000.0,0.7544229833,952000000,1316000000.0,0.0,1316000000.0,25000000.0,2293000000.0,3806000000.0,11000000.0,346000000.0,897000000.0,3252000000.0,0.5278363902,2355000000.0,0.3822431423,-335000000.0,2020000000.0,0.3278688525,195000000.0,1825000000.0,0.2962181464,3.09,3.07,590000000,594000000,https://www.sec.gov/Archives/edgar/data/318154/000031815420000031/0000318154-20-000031-index.htm,https://www.sec.gov/Archives/edgar/data/318154/000031815420000031/amgn-2020331x10q.htm,10.442372881355931,3.093220338983051,3.616949152542373,3.376271186440678,13.579661016949151,16.076271186440678,-40.42542372881356,16.076271186440678,54.56610169491525,119610700000.0,143771700000.0,16.385027397260274,19.4141697776335,56.05,60.04553212851405,12.610511333684764,12.610511333684764,23.335773413406915,44.21023985239852,67.37193064667291,72.17454819277108,0.0152578322842354,0.0166540284439435,3.357722720084344,0.5164345132886864,7.429581795817958,1.59068233702545,6.80635838150289,1.1693150684931506,0.0079006309636178,0.5178082191780822,0.2136016880376562,0.1545203700697938,0.5405633300361607,0.0665417057169634,0.0230482064599902,0.1583054626532887,0.0,33.44947836215646,0.0411683156822319,0.0644125225002647,-65.38008474576272,6986000000.0,-23851000000.0,-33371000000.0,45201000000.0,4533000000.0,1354500000.0,3633000000.0,73.17156305794514,79.59021810971579,219.02181097157964,1.2299860251547214,1.1307922272047832,0.410917979359044,0.1924090669478123,0.2406779661016949,2020-04-30,3.7,amc,5555242206.0,2025-04-24,2020-03-31,0.1270270270270269,218.42548387096767,3239511.806451613
2019-12-31,AMGN,USD,318154,2020-02-12,2020-02-12 17:15:19,2019,Q4,6197000000.0,1253000000.0,4944000000.0,0.7978053897,1312000000,1513000000.0,789000000.0,1513000000.0,71000000.0,2896000000.0,4149000000.0,236000000.0,301000000.0,702000000.0,2986000000.0,0.4818460545,2048000000.0,0.3304824915,-65000000.0,1983000000.0,0.3199935453,280000000.0,1703000000.0,0.2748103921,2.87,2.85,593000000,598000000,https://www.sec.gov/Archives/edgar/data/318154/000031815420000017/0000318154-20-000017-index.htm,https://www.sec.gov/Archives/edgar/data/318154/000031815420000017/amgn-12312019x10kq42019.htm,10.450252951096122,2.8718381112984823,4.239460370994941,3.9224283305227656,15.02698145025295,16.311973018549747,-41.21922428330523,16.311973018549747,50.934232715008434,142954510000.0,166820510000.0,20.98568849089841,23.0683411328062,56.86336913285601,61.4593766122098,14.778714979840794,14.778714979840794,26.9195594642569,55.86755190890824,66.35660700079555,71.71990971625108,0.0119128805380117,0.0162709102357106,3.0913884007029875,0.500829048520274,7.992632283991963,1.436696532917803,6.803986710963455,1.476218438050499,0.006015899743212,0.5049911920140928,0.2441503953525899,0.2117153461352267,0.571390289245817,0.0747812251392203,0.0303372599644989,0.2678062678062678,0.049701468452477,32.465678495385454,0.0352010804941169,0.0665468328709311,-61.19435075885329,5605000000.0,-24443000000.0,-31594000000.0,44649000000.0,3831500000.0,1188000000.0,3413500000.0,58.92044537679523,98.4756584197925,257.4301675977654,1.5274833620902144,0.9139314369073668,0.349609375,0.1760570660601674,0.3170320404721753,2020-01-30,3.47,amc,5907579670.0,2025-04-24,2019-12-31,0.0489913544668587,220.43,2173566.234375
2019-09-30,AMGN,USD,318154,2019-10-30,2019-10-29 19:31:34,2019,Q3,5737000000.0,1036000000.0,4701000000.0,0.8194178142,1001000000,1223000000.0,0.0,1223000000.0,1000000.0,2225000000.0,3261000000.0,114000000.0,313000000.0,508000000.0,2984000000.0,0.5201324734,2476000000.0,0.4315844518,-199000000.0,2277000000.0,0.3968973331,309000000.0,1968000000.0,0.3430364302,3.29,3.27,599000000,602000000,https://www.sec.gov/Archives/edgar/data/318154/000031815419000046/0000318154-19-000046-index.htm,https://www.sec.gov/Archives/edgar/data/318154/000031815419000046/amgn-2019930x10q.htm,9.57762938230384,3.285475792988314,5.637729549248748,5.353923205342237,34.813021702838064,18.24207011686143,-17.495826377295494,18.24207011686143,50.257095158597664,115912490000.0,134288490000.0,14.724655741869917,20.204373365870666,34.32410127331951,36.14358902400998,10.607896952502974,10.607896952502974,23.40744117134391,45.00284517426273,39.76561741190406,41.87355472404116,0.0169783256316899,0.0276674239333483,2.7263658826759403,0.5003947257915512,6.158176943699732,2.8919623731023565,7.910543130990416,1.7159552845528456,0.0074884078497494,0.4410569105691057,0.2131776189646156,0.1744814362907442,0.3595700008398421,0.0503405389398874,0.029632211957469,0.3346456692913386,0.0,36.72209546194544,0.0420869418039957,0.0516156105749055,-39.1135225375626,20314000000.0,-10480000000.0,-17557000000.0,46622000000.0,3703500000.0,1003000000.0,3209500000.0,56.56963569810005,87.3069498069498,281.7277992277992,1.59095951192457,1.0308457711442789,0.3194572926302806,0.1801043287270065,0.2838063439065108,2019-10-29,3.53,amc,5533226775.0,2025-04-24,2019-09-30,0.0368271954674221,191.94765625,3074514.5
2019-06-30,AMGN,USD,318154,2019-07-31,2019-07-30 19:13:12,2019,Q2,5871000000.0,1012000000.0,4859000000.0,0.8276273207,924000000,1260000000.0,0.0,1260000000.0,-3000000.0,2181000000.0,3193000000.0,218000000.0,332000000.0,501000000.0,3179000000.0,0.5414750468,2678000000.0,0.4561403509,-114000000.0,2564000000.0,0.4367228751,385000000.0,2179000000.0,0.3711463124,3.59,3.57,607000000,610000000,https://www.sec.gov/Archives/edgar/data/318154/000031815419000037/0000318154-19-000037-index.htm,https://www.sec.gov/Archives/edgar/data/318154/000031815419000037/amgn-2019630x10q.htm,9.672158154859966,3.5897858319604614,2.329489291598023,2.0922570016474467,35.845140032948926,17.782537067545306,-17.640856672158154,17.782537067545306,50.981878088962105,113114450000.0,138203450000.0,12.977793712712252,19.2666411173565,79.99607496463932,89.06649606299213,10.47938206410969,10.47938206410969,23.54001873616079,43.47387543252595,97.73935643564356,108.82161417322834,0.0192636749769812,0.0112275664161386,2.836205299240319,0.5156215788321291,7.89210443535703,2.894558463566183,8.066265060240964,0.6489215236346948,0.0077797310600016,0.4038549793483249,0.2146142054164537,0.1573837506387327,0.3621511461438701,0.1018387553041018,0.0245273377618804,0.2874251497005988,0.0,37.89853218109089,0.0441344700154868,0.0575374296955454,-36.87355848434926,20124000000.0,-10708000000.0,-17833000000.0,46508000000.0,3786000000.0,1046000000.0,3096000000.0,58.26775677056719,89.02173913043478,282.4505928853755,1.5445935280189425,1.010989010989011,0.3186397984886649,0.2018714100426162,0.2372322899505766,2019-07-30,3.59,amc,5309040302.0,2025-04-24,2019-06-30,0.105849582172702,179.05523809523808,2872544.6666666665
2019-03-31,AMGN,USD,318154,2019-05-01,2019-04-30 18:37:54,2019,Q1,5557000000.0,1055000000.0,4502000000.0,0.8101493612,879000000,1154000000.0,0.0,1154000000.0,-3000000.0,2030000000.0,3085000000.0,185000000.0,343000000.0,495000000.0,2967000000.0,0.5339211805,2472000000.0,0.4448443405,-158000000.0,2314000000.0,0.4164117329,322000000.0,1992000000.0,0.3584667986,3.2,3.18,622000000,626000000,https://www.sec.gov/Archives/edgar/data/318154/000031815419000018/0000318154-19-000018-index.htm,https://www.sec.gov/Archives/edgar/data/318154/000031815419000018/amgn-2019331x10q.htm,8.934083601286174,3.202572347266881,2.9662379421221865,2.779742765273312,42.28456591639871,17.414790996784564,-17.659163987138264,17.414790996784564,53.644694533762056,119280940000.0,144946940000.0,14.96999748995984,21.46498830304121,64.6509159891599,68.98839791787161,11.011903618906944,11.011903618906944,26.08366744646392,48.8530299966296,78.56202710027101,83.83281665702718,0.0167000696003904,0.0144951909332706,3.048744460856721,0.5160241886338423,8.650488709133805,2.766488273256729,7.206997084548105,0.9262048192771084,0.0075535957379276,0.4523092369477912,0.207666006838222,0.1581788734928918,0.340890979264653,0.0628726287262872,0.0208745726111211,0.2343434343434343,0.0,35.424184984188784,0.0386939746321143,0.0472250539342357,-36.21824758842444,22445000000.0,-10984000000.0,-18014000000.0,49153000000.0,3675500000.0,1149000000.0,2978000000.0,61.07432067662408,93.07109004739335,257.2890995260664,1.473614425881729,0.9670027497708524,0.3498010610079575,0.1838995568685376,0.1864951768488746,2019-04-30,3.48,amc,5432123595.0,2025-04-24,2019-03-31,0.0229885057471264,190.96803278688523,3107693.3114754097
2018-12-31,AMGN,USD,318154,2019-02-13,2019-02-13 17:20:20,2018,Q4,6230000000.0,1096000000.0,5134000000.0,0.8240770465,1182000000,1559000000.0,674000000.0,1559000000.0,11000000.0,2752000000.0,3848000000.0,155000000.0,352000000.0,490000000.0,3027000000.0,0.4858747994,2382000000.0,0.3823434992,-197000000.0,2185000000.0,0.3507223114,257000000.0,1928000000.0,0.309470305,3.04,3.01,635000000,640000000,https://www.sec.gov/Archives/edgar/data/318154/000031815419000008/0000318154-19-000008-index.htm,https://www.sec.gov/Archives/edgar/data/318154/000031815419000008/amgn-12312018x10kq42018.htm,9.811023622047244,3.0362204724409447,5.02992125984252,4.675590551181102,46.14803149606299,19.68503937007874,-15.184251968503936,19.68503937007874,53.98582677165354,123615449999.99998,150599450000.0,16.02897432572614,19.841966292134828,38.7023951158422,41.63538228359717,9.889236,9.889236,24.17326645264848,49.75204823257351,47.15073575453976,50.72396429774335,0.0155967559071297,0.0240180333445374,2.71432,0.5108558178752108,8.914436736042287,2.788997627520759,6.767045454545454,1.6566390041493777,0.0067952670964673,0.4356846473029045,0.2502407704654896,0.1897271268057785,0.3333835220428812,0.0704445835942392,0.0361155698234349,0.4591836734693877,0.0139646869983948,36.67127881006305,0.0366510686339642,0.0435470027555676,-32.21574803149606,24130000000.0,-9642000000.0,-16298000000.0,51230000000.0,3510500000.0,1124500000.0,2978500000.0,51.717495987158905,99.11496350364963,241.4233576642336,1.7402234636871508,0.908036454018227,0.3727891156462585,0.15424,0.3543307086614173,2019-01-29,3.27,amc,5956754385.0,2025-04-24,2018-12-31,0.0458715596330275,195.0919047619048,3054602.8412698414
2018-09-30,AMGN,USD,318154,2018-10-31,2018-10-30 18:53:11,2018,Q3,5904000000.0,1037000000.0,4867000000.0,0.8243563686,926000000,1293000000.0,0.0,1293000000.0,325000000.0,2544000000.0,3581000000.0,126000000.0,355000000.0,501000000.0,3154000000.0,0.5342140921,2323000000.0,0.3934620596,-229000000.0,2094000000.0,0.3546747967,235000000.0,1859000000.0,0.3148712737,2.88,2.86,645000000,649000000,https://www.sec.gov/Archives/edgar/data/318154/000031815418000022/0000318154-18-000022-index.htm,https://www.sec.gov/Archives/edgar/data/318154/000031815418000022/amgn-2018930x10q.htm,9.153488372093022,2.882170542635659,5.074418604651163,4.809302325581395,46.3891472868217,22.246511627906976,-12.584496124031007,22.246511627906976,53.92558139534883,133456950000.0,155927950000.0,17.94741124260355,22.604496951219517,40.77511457378552,43.02287234042553,9.300784026761448,9.300784026761448,26.410560636856367,49.43815789473684,47.640681332111214,50.26690844616377,0.0139295855330127,0.023243450416033,2.399261272562548,0.5112946103693583,7.124603677869373,3.0823680823680824,6.543661971830986,1.7606239913932222,0.0063765881057524,0.4577729962345347,0.2190040650406504,0.1568428184281843,0.3336551171045401,0.0522456461961503,0.0289634146341463,0.3413173652694611,0.0130420054200542,37.982369739564575,0.0343842806036202,0.0414335703300867,-29.416666666666668,25888000000.0,-8117000000.0,-14664000000.0,53253000000.0,3472500000.0,1034000000.0,3040000000.0,52.454268292682926,90.43394406943104,261.84185149469624,1.7157802964254578,0.9952015355086372,0.3437189260855154,0.1295560666248519,0.2651162790697674,2018-10-30,3.45,amc,5520000000.0,2025-04-24,2018-09-30,0.0695652173913042,197.07650793650797,2417379.476190476
2018-06-30,AMGN,USD,318154,2018-07-27,2018-07-26 18:58:06,2018,Q2,6059000000.0,1024000000.0,5035000000.0,0.8309952137,869000000,1353000000.0,0.0,1353000000.0,-19000000.0,2203000000.0,3227000000.0,162000000.0,347000000.0,484000000.0,3316000000.0,0.5472850305,2832000000.0,0.467403862,-185000000.0,2647000000.0,0.4368707708,351000000.0,2296000000.0,0.3789404192,3.5,3.48,656000000,660000000,https://www.sec.gov/Archives/edgar/data/318154/000031815418000015/0000318154-18-000015-index.htm,https://www.sec.gov/Archives/edgar/data/318154/000031815418000015/amgn-2018630x10q.htm,9.236280487804878,3.5,3.2042682926829267,2.919207317073171,44.8094512195122,22.727134146341463,-12.58841463414634,22.727134146341463,53.11585365853659,121091040000.0,145457040000.0,13.185,19.985317709192937,57.60753568030447,63.23291906005222,8.12200952444832,8.12200952444832,24.00677339494966,43.86521109770808,69.19935299714558,75.95667885117493,0.0189609404626469,0.0158145474677564,2.3138372794956066,0.5096773240352225,7.348009650180941,3.3886657742079427,8.161383285302593,0.9155052264808362,0.0071433856708142,0.3767421602787456,0.2233041756065357,0.1434230070968806,0.3422817800366408,0.0889628924833492,0.0308631787423667,0.3863636363636363,0.0153490675028882,42.30557663032606,0.0404243825572194,0.0515758025024148,-29.29954268292683,26765000000.0,-8258000000.0,-14805000000.0,54854000000.0,3568500000.0,1057500000.0,3007500000.0,52.04819277108434,90.17578125,269.208984375,1.7291666666666667,0.9980506822612084,0.3343127652628142,0.154000939030116,0.2850609756097561,2018-07-26,3.54,amc,5600224543.0,2025-04-24,2018-06-30,0.0819209039548022,176.88578125,3229681.296875
2018-03-31,AMGN,USD,318154,2018-04-25,2018-04-24 19:28:44,2018,Q1,5554000000.0,944000000.0,4610000000.0,0.8300324091,760000000,1127000000.0,0.0,1127000000.0,-3000000.0,1884000000.0,2828000000.0,231000000.0,338000000.0,471000000.0,3197000000.0,0.5756211739,2726000000.0,0.4908174289,-107000000.0,2619000000.0,0.4715520346,308000000.0,2311000000.0,0.416096507,3.27,3.25,707000000,711000000,https://www.sec.gov/Archives/edgar/data/318154/000031815418000008/0000318154-18-000008-index.htm,https://www.sec.gov/Archives/edgar/data/318154/000031815418000008/amgn-2018331x10q.htm,7.855728429985856,3.268741159830269,3.857142857142857,3.637906647807638,45.50495049504951,22.093352192362097,-11.216407355021216,22.093352192362097,50.74823196605375,120529360000.0,146329360000.0,13.038658589355256,21.70136118113072,44.19851851851851,46.862115085536544,7.716348271446862,7.716348271446862,26.34666186532229,45.77083515796059,53.65946461312798,56.89321928460342,0.0191737515241099,0.0213391990134188,2.2753521126760563,0.4994238659996627,8.07006568658117,3.8829086744918406,8.065088757396449,1.180008654262224,0.0078901937254126,0.4115101687581133,0.2029168167086784,0.1368383147281238,0.3309257489742004,0.0568390172350568,0.0279078141879726,0.3290870488322717,0.0097227223622614,40.3099568043741,0.0382613821214351,0.0485361448313521,-27.11633663366337,30210000000.0,-7930000000.0,-14855000000.0,58703000000.0,3435000000.0,1220500000.0,2893000000.0,58.87108390349298,103.82415254237289,281.4406779661017,1.528764106798789,0.8668503213957759,0.3197831978319783,0.1479513444302176,0.2192362093352192,2018-04-24,3.23,amc,5185867435.0,2025-04-24,2018-03-31,0.0743034055727554,183.5654098360656,5228425.590163934
2017-12-31,AMGN,USD,318154,2018-02-13,2018-02-13 16:48:04,2017,Q4,5802000000.0,1059000000.0,4743000000.0,0.8174767322,1043000000,1427000000.0,620000000.0,1427000000.0,28000000.0,2498000000.0,3557000000.0,301000000.0,332000000.0,449000000.0,3104000000.0,0.5349879352,2245000000.0,0.3869355395,-31000000.0,2214000000.0,0.3815925543,6478000000.0,-4264000000.0,-0.7349189935,-5.89,-5.89,723604719,724000000,https://www.sec.gov/Archives/edgar/data/318154/000031815418000004/0000318154-18-000004-index.htm,https://www.sec.gov/Archives/edgar/data/318154/000031815418000004/amgn-12312017x10k.htm,8.0181898316227,-5.892720000351463,4.162493583737946,3.95105217659588,57.59774488148411,34.88230429851578,2.585665835051029,34.88230429851578,49.30039711363463,125834860634.1,157376860634.1,-7.377747457440197,21.688186941416756,41.77784217599602,44.01359238688353,4.98533578836417,4.98533578836417,27.12458818236815,50.70130819397552,52.24995372978088,55.04612124312697,-0.033885681428128,0.0227202540344788,1.400182243175785,0.4420291667708932,10.161726804123711,5.485144124168515,6.7620481927710845,-0.7063789868667918,0.0066277341254828,-0.1955909943714821,0.2459496725267149,0.1797655980696311,0.2922930685143958,0.0507968127490039,0.0263702171664943,0.3407572383073496,0.0146501206480523,,-0.0599797977929654,-0.0753569913756539,-12.70064962083256,40456000000.0,1871000000.0,-5237000000.0,68815000000.0,3320500000.0,1115500000.0,2880500000.0,50.21199586349535,114.90084985835696,240.84985835694053,1.7924003707136238,0.783284023668639,0.3736767819336626,-0.1689315003367537,0.211441407142067,2018-02-01,3.04,amc,6083065743.0,2025-04-24,2017-12-31,-0.0493421052631578,176.974126984127,2712217.111111111
2017-09-30,AMGN,USD,318154,2017-10-26,2017-10-25 20:00:14,2017,Q3,5773000000.0,990000000.0,4783000000.0,0.8285120388,877000000,1170000000.0,0.0,1170000000.0,297000000.0,2344000000.0,3334000000.0,267000000.0,325000000.0,464000000.0,2789000000.0,0.4831110341,2439000000.0,0.4224839771,-58000000.0,2381000000.0,0.4124372077,360000000.0,2021000000.0,0.3500779491,2.78,2.76,728000000,733000000,https://www.sec.gov/Archives/edgar/data/318154/000031815417000027/0000318154-17-000027-index.htm,https://www.sec.gov/Archives/edgar/data/318154/000031815417000027/amgn-2017930x10q.htm,7.929945054945055,2.776098901098901,4.744505494505495,4.527472527472527,56.800824175824175,44.2706043956044,11.785714285714286,44.2706043956044,49.58928571428572,135735599999.99998,168511600000.0,16.790648193963385,23.51214273341417,39.29808917197452,41.18191747572815,4.211598250023271,4.211598250023271,29.189606790230386,60.42007888131947,48.78737695425593,51.12609223300971,0.0148892405529573,0.0242825021586083,1.1100561606007011,0.445357334030449,11.7518823951237,6.072500915415599,7.504615384615384,1.7090549233052943,0.0061737672357141,0.4146462147451756,0.202667590507535,0.1519140827992378,0.2943944429921201,0.0457440648523451,0.0273687857266585,0.3405172413793103,0.0152433743287718,52.58555376533069,0.0279243909975921,0.0356550580431177,-3.756181318681319,41559000000.0,8580000000.0,1650000000.0,70122000000.0,3482000000.0,881000000.0,2944000000.0,53.06772908366533,79.9090909090909,266.09090909090907,1.695945945945946,1.1262798634812288,0.3382302699009224,0.0627074994570107,0.217032967032967,2017-10-25,3.11,amc,5490529051.0,2025-04-24,2017-09-30,0.0514469453376206,177.18492063492062,2490162.8412698414
2017-06-30,AMGN,USD,318154,2017-07-26,2017-07-26 16:37:28,2017,Q2,5810000000.0,1024000000.0,4786000000.0,0.8237521515,873000000,1209000000.0,0.0,1209000000.0,6000000.0,2088000000.0,3112000000.0,165000000.0,321000000.0,518000000.0,3214000000.0,0.5531841652,2698000000.0,0.4643717728,-156000000.0,2542000000.0,0.4375215146,391000000.0,2151000000.0,0.3702237522,2.93,2.91,734000000,738000000,https://www.sec.gov/Archives/edgar/data/318154/000031815417000021/0000318154-17-000021-index.htm,https://www.sec.gov/Archives/edgar/data/318154/000031815417000021/amgn-2017630x10q.htm,7.915531335149864,2.930517711171662,3.1689373297002725,2.9168937329700277,53.44277929155314,43.21798365122616,10.074931880108991,43.21798365122616,48.205722070844686,126416820000.0,158849820000.0,14.692796373779636,21.758488812392425,54.34944969905417,59.04568893040635,3.985146585965576,3.985146585965576,27.34076075731497,49.4243372744244,68.2931298366294,74.19421765530126,0.0170151408649576,0.0169360374671661,1.1052897043061598,0.4405493359468255,10.09116365899191,6.198592450415867,8.404984423676012,1.0813575081357507,0.0066921474531632,0.3933054393305439,0.2080895008605852,0.1502581755593803,0.3056654981341173,0.0795356835769561,0.03184165232358,0.3571428571428571,0.0165232358003442,53.38210371415242,0.0311753863895395,0.0389250814332247,-6.113760217983652,40627000000.0,7395000000.0,577000000.0,69934000000.0,3404000000.0,892500000.0,2916000000.0,55.14629948364888,77.607421875,260.244140625,1.6320224719101124,1.159682899207248,0.3458291117865586,0.0678078305277094,0.2520435967302452,2017-07-25,3.11,amc,5525718654.0,2025-04-24,2017-06-30,0.0514469453376206,162.6495238095238,3411492.238095238
2017-03-31,AMGN,USD,318154,2017-04-27,2017-04-26 20:16:03,2017,Q1,5464000000.0,996000000.0,4468000000.0,0.817715959,769000000,1064000000.0,0.0,1064000000.0,44000000.0,1877000000.0,2873000000.0,195000000.0,326000000.0,524000000.0,3120000000.0,0.5710102489,2591000000.0,0.4741947291,-131000000.0,2460000000.0,0.4502196193,389000000.0,2071000000.0,0.3790263543,2.81,2.79,737000000,741000000,https://www.sec.gov/Archives/edgar/data/318154/000031815417000009/0000318154-17-000009-index.htm,https://www.sec.gov/Archives/edgar/data/318154/000031815417000009/amgn-2017331x10q.htm,7.413839891451832,2.8100407055630936,3.236092265943012,3.0081411126187247,52.10040705563094,41.56987788331072,8.084124830393487,41.56987788331072,46.70013568521031,120919590000.0,151653590000.0,14.59676364075326,22.13023243045388,50.70003773584905,54.54198917456021,3.9468482553774846,3.9468482553774846,27.755049414348463,48.60691987179487,63.5864109014675,68.40486693730266,0.017127084205297,0.0183344981569983,1.1127721382641904,0.4378515835709332,9.850641025641025,4.414710633849663,7.947852760736196,1.1516175760502172,0.0070046549115821,0.4089811685176243,0.1947291361639824,0.1407393850658858,0.3169582081117875,0.070440251572327,0.0307467057101024,0.3206106870229007,0.0109809663250366,51.26688601808458,0.0306627253978126,0.0389410149859917,-6.723880597014926,35933000000.0,5958000000.0,-769000000.0,65572000000.0,3206500000.0,909500000.0,2808000000.0,53.49926793557833,81.50602409638554,259.4277108433735,1.6822660098522169,1.104212860310421,0.3469174503657262,0.0675980024153801,0.2279511533242876,2017-04-26,3.0,amc,5203809523.0,2025-04-24,2017-03-31,0.0499999999999999,166.16112903225806,4094147.532258065
2016-12-31,AMGN,USD,318154,2017-02-14,2017-02-14 16:21:05,2016,Q4,5965000000.0,1067000000.0,4898000000.0,0.8211232188,1078000000,1323000000.0,489000000.0,1323000000.0,12000000.0,2413000000.0,3480000000.0,126000000.0,328000000.0,559000000.0,2989000000.0,0.5010896899,2485000000.0,0.4165968148,-202000000.0,2283000000.0,0.3827326069,348000000.0,1935000000.0,0.3243922883,2.61,2.59,742000000,748000000,https://www.sec.gov/Archives/edgar/data/318154/000031815417000004/0000318154-17-000004-index.htm,https://www.sec.gov/Archives/edgar/data/318154/000031815417000004/amgn-12312016x10k.htm,8.039083557951482,2.6078167115902966,4.177897574123989,3.738544474393531,51.32749326145552,40.26280323450135,6.529649595687332,40.26280323450135,47.067385444743934,108487820000.0,139842820000.0,14.016514211886305,18.187396479463537,34.996070967741936,39.108803172314346,3.6313914644351466,3.6313914644351466,23.443892707460183,46.78582134493141,45.11058709677419,50.41197548666186,0.0178361036289603,0.0255696906804837,1.1580251046025103,0.4456754180300414,10.490130478420877,4.106569082470546,7.576219512195122,1.6020671834625324,0.006885565586994,0.386046511627907,0.2217937971500419,0.180720871751886,0.3224435111947028,0.1051612903225806,0.0546521374685666,0.5831842576028623,0.0149203688181056,48.60509490201722,0.0297382129983909,0.0367898699520876,-7.978099730458221,34806000000.0,4845000000.0,-1741000000.0,64797000000.0,3175500000.0,871000000.0,2713000000.0,47.75356244761107,77.3477038425492,231.5370196813496,1.8846761453396528,1.163576881134133,0.3887067395264116,0.0647698744769874,0.4393530997304582,2017-02-02,2.79,amc,5758598615.0,2025-04-24,2016-12-31,0.03584229390681,150.50031746031746,3865197.031746032
2016-09-30,AMGN,USD,318154,2016-10-28,2016-10-28 16:47:10,2016,Q3,5811000000.0,1027000000.0,4784000000.0,0.8232662192,990000000,1244000000.0,0.0,1244000000.0,23000000.0,2257000000.0,3284000000.0,216000000.0,325000000.0,503000000.0,3035000000.0,0.5222853209,2527000000.0,0.4348649114,-109000000.0,2418000000.0,0.4161073826,401000000.0,2017000000.0,0.347100327,2.7,2.68,747000000,753000000,https://www.sec.gov/Archives/edgar/data/318154/000031815416000053/0000318154-16-000053-index.htm,https://www.sec.gov/Archives/edgar/data/318154/000031815416000053/amgn-2016930x10q.htm,7.779116465863454,2.700133868808567,3.563587684069612,3.4725568942436413,50.8433734939759,41.1954484605087,7.069611780455154,41.1954484605087,47.72155287817938,124607070000.0,156445070000.0,15.444604610808131,21.443309241094475,46.80956799398948,48.0366499614495,4.049233743866377,4.049233743866377,26.922228532094305,51.54697528830313,58.7697483095417,60.31035851966075,0.0161868824939066,0.0208174383684649,1.1478568875312771,0.4519897632757517,10.490280065897858,4.348700436349839,7.775384615384615,1.3197818542389688,0.0059948444337869,0.3703520079325731,0.2140767509895026,0.1703665462054723,0.3261932181701855,0.0255447032306536,0.0117019445878506,0.1351888667992047,0.0142832558939941,50.02746822148797,0.029112954775057,0.0383037715067036,-7.586345381526105,35302000000.0,5281000000.0,-1533000000.0,65706000000.0,3132000000.0,847500000.0,2676000000.0,49.344346928239545,72.2979552093476,234.94644595910412,1.82391713747646,1.2448484848484849,0.3830660201417382,0.0655444708023267,0.0910307898259705,2016-10-27,2.79,amc,5368440397.0,2025-04-24,2016-09-30,0.082437275985663,169.1025,2850143.140625
2016-06-30,AMGN,USD,318154,2016-07-29,2016-07-29 16:47:26,2016,Q2,5688000000.0,1050000000.0,4638000000.0,0.8154008439,900000000,1292000000.0,0.0,1292000000.0,66000000.0,2258000000.0,3308000000.0,137000000.0,313000000.0,522000000.0,2957000000.0,0.5198663854,2380000000.0,0.4184247539,-176000000.0,2204000000.0,0.3874824191,334000000.0,1870000000.0,0.3287623066,2.49,2.47,751000000,756000000,https://www.sec.gov/Archives/edgar/data/318154/000031815416000046/0000318154-16-000046-index.htm,https://www.sec.gov/Archives/edgar/data/318154/000031815416000046/amgn-2016630x10q.htm,7.573901464713715,2.490013315579228,3.564580559254328,3.182423435419441,46.64980026631159,40.123834886817576,5.680426098535286,40.123834886817576,44.65379494007989,114264650000.0,144856650000.0,15.276022727272728,20.088721870604783,42.68384385506164,47.809476987447695,3.792010420469253,3.792010420469253,25.46706223628692,48.987707135610414,54.11156144938363,60.6094769874477,0.0163655163692358,0.0209163551457077,1.1025121959313708,0.4401955718090392,10.345620561379777,3.965558633425669,7.603833865814696,1.4315508021390375,0.006581212999821,0.4021390374331551,0.2271448663853727,0.1582278481012658,0.3427409203535133,0.1072095629435935,0.0504571026722925,0.5498084291187739,0.015295358649789,47.41254971688675,0.028874361816657,0.0376985726957503,-8.868175765645805,32117000000.0,4266000000.0,-2391000000.0,62868000000.0,3078000000.0,844000000.0,2621500000.0,48.70253164556962,74.57142857142857,228.94285714285715,1.847953216374269,1.206896551724138,0.3931111943092474,0.0620582086085023,0.3821571238348868,2016-07-27,2.74,amc,5487718309.0,2025-04-24,2016-06-30,0.0364963503649633,155.4728125,2869276.75
2016-03-31,AMGN,USD,318154,2016-05-02,2016-05-02 16:49:29,2016,Q1,5527000000.0,1018000000.0,4509000000.0,0.8158132803,872000000,1203000000.0,0.0,1203000000.0,32000000.0,2107000000.0,3125000000.0,150000000.0,294000000.0,521000000.0,2956000000.0,0.5348290212,2402000000.0,0.4345938122,-144000000.0,2258000000.0,0.4085398951,358000000.0,1900000000.0,0.3437669622,2.52,2.5,753000000,760000000,https://www.sec.gov/Archives/edgar/data/318154/000031815416000035/0000318154-16-000035-index.htm,https://www.sec.gov/Archives/edgar/data/318154/000031815416000035/amgn-2016331x10q.htm,7.339973439575033,2.523240371845949,2.543160690571049,2.335989375830013,46.13545816733068,38.09030544488712,3.2270916334661357,38.09030544488712,45.950863213811424,112897290000.0,144308290000.0,14.85490657894737,20.426504432784512,58.954198433420366,64.1826549175668,3.936172163726378,3.936172163726378,26.10969603763344,48.81877198917456,75.35680939947781,82.03996020466174,0.0168294562252114,0.0155805334211299,1.1961160309601842,0.4567202726449758,10.62618403247632,4.952012202276194,8.170068027210885,1.0078947368421052,0.0066609216217678,0.3957894736842105,0.2176587660575357,0.1577709426451963,0.3494861281218382,0.0814621409921671,0.0282250768952415,0.2994241842610364,0.0094083589650805,46.50266036127248,0.0293603889637155,0.0388834315651604,-10.756308100929616,33683000000.0,2430000000.0,-4228000000.0,64820000000.0,3036500000.0,891500000.0,2503500000.0,50.12122308666546,72.31827111984282,227.3870333988212,1.7956465237166992,1.2444987775061125,0.395800933125972,0.0662436371243288,0.2071713147410358,2016-04-28,2.6,amc,4955241379.0,2025-04-24,2016-03-31,0.1153846153846153,148.5672131147541,4153138.606557377
2015-12-31,AMGN,USD,318154,2016-02-16,2016-02-16 07:00:35,2015,Q4,5536000000.0,1071000000.0,4465000000.0,0.8065390173,1093000000,1416000000.0,0.0,1416000000.0,-77000000.0,2432000000.0,3503000000.0,164000000.0,284000000.0,542000000.0,2739000000.0,0.4947615607,2033000000.0,0.367232659,-120000000.0,1913000000.0,0.3455563584,113000000.0,1800000000.0,0.3251445087,2.39,2.37,754000000,761000000,https://www.sec.gov/Archives/edgar/data/318154/000031815416000031/0000318154-16-000031-index.htm,https://www.sec.gov/Archives/edgar/data/318154/000031815416000031/amgn-12312015x10k.htm,7.342175066312997,2.387267904509284,2.7320954907161803,2.460212201591512,41.62068965517241,37.24535809018568,2.194960212201591,37.24535809018568,42.22811671087533,122396820000.00002,149808820000.0,16.999558333333333,22.10925216763006,59.41593203883496,65.98211320754717,4.358395470569384,4.358395470569384,27.06084176300578,54.69471339905075,72.72272815533981,80.7594716981132,0.0147062644274581,0.015155622507186,1.1236691236691236,0.4408740359897172,10.008032128514056,4.444213684089074,7.158450704225352,1.1444444444444444,0.0048694075548694,0.3311111111111111,0.2557803468208092,0.1974349710982658,0.3692299094668604,0.0995145631067961,0.0370303468208092,0.3782287822878228,0.0144508670520231,44.72783897210716,0.0293575969103748,0.0398688756977053,-11.468501326259949,29851000000.0,1655000000.0,-4975000000.0,61186000000.0,2948000000.0,1016000000.0,2483000000.0,48.69039017341041,81.09243697478992,204.6218487394958,1.8484140233722872,1.1098445595854922,0.439835728952772,0.0640957162696293,0.2718832891246684,2016-01-28,2.29,amc,4857256704.0,2025-04-24,2015-12-31,0.1397379912663754,157.18703125,3495007.3125
2015-09-30,AMGN,USD,318154,2015-11-02,2015-11-02 06:09:19,2015,Q3,5723000000.0,1034000000.0,4689000000.0,0.8193255286,1119000000,1244000000.0,0.0,1244000000.0,-13000000.0,2350000000.0,3384000000.0,135000000.0,282000000.0,523000000.0,2840000000.0,0.4962432291,2339000000.0,0.4087017299,-147000000.0,2192000000.0,0.3830159008,329000000.0,1863000000.0,0.3255285689,2.46,2.44,757000000,764000000,https://www.sec.gov/Archives/edgar/data/318154/000031815415000025/0000318154-15-000025-index.htm,https://www.sec.gov/Archives/edgar/data/318154/000031815415000025/amgn-2015930x10q.htm,7.560105680317041,2.461030383091149,3.7965653896961697,3.5416116248348746,41.109643328929984,36.9445178335535,2.219286657859973,36.9445178335535,42.32892998678996,104708240000.0,133243240000.0,14.051025228126678,18.29604053817928,36.43292971468336,39.05566579634465,3.7439925626631374,3.7439925626631374,23.282061855670104,46.9166338028169,46.36160055671538,49.69908243192838,0.0177922960026832,0.025604479647447,1.1356598848643045,0.4419290653828494,10.047535211267606,5.421353803210049,8.294326241134751,1.5426731078904992,0.0057206577056399,0.3215244229736983,0.2173685130176481,0.1955268215970644,0.3657627071477271,0.0671537926235212,0.033723571553381,0.3690248565965583,0.0143281495719028,45.22980842025676,0.0301412588712017,0.0408713966039226,-12.339167767503303,31679000000.0,1680000000.0,-5058000000.0,62954000000.0,2840000000.0,1000500000.0,2549000000.0,45.6211777040014,92.87234042553192,220.29980657640235,1.9727680110306791,0.9690721649484536,0.4085341762149348,0.0666142239067472,0.2549537648612945,2015-10-28,2.38,amc,5007624999.0,2025-04-24,2015-09-30,0.142857142857143,157.6278125,3901722.9375
2015-06-30,AMGN,USD,318154,2015-08-05,2015-08-05 06:04:03,2015,Q2,5370000000.0,1089000000.0,4281000000.0,0.7972067039,964000000,1160000000.0,0.0,1160000000.0,81000000.0,2205000000.0,3294000000.0,198000000.0,277000000.0,519000000.0,2666000000.0,0.496461825,2076000000.0,0.3865921788,-79000000.0,1997000000.0,0.3718808194,344000000.0,1653000000.0,0.3078212291,2.18,2.15,760000000,768000000,https://www.sec.gov/Archives/edgar/data/318154/000031815415000022/0000318154-15-000022-index.htm,https://www.sec.gov/Archives/edgar/data/318154/000031815415000022/amgn-2015630x10q.htm,7.065789473684211,2.175,3.702631578947369,3.527631578947368,39.464473684210525,36.16315789473684,1.0171052631578947,36.16315789473684,42.40657894736842,116675200000.00002,144832200000.0,17.645977011494256,21.727225325884547,41.46240227434257,43.51928384930997,4.245204482608063,4.245204482608063,26.970614525139663,54.32565641410353,51.4684434968017,54.02170831779187,0.01416753517457,0.022978319300074,1.1625673118905544,0.4487073263211111,10.561515378844712,5.476128283268031,7.494584837545126,1.7023593466424682,0.0051596226104604,0.3641863278886872,0.2160148975791433,0.1795158286778398,0.3751070791613419,0.0472636815920398,0.0247672253258845,0.25626204238921,0.0167597765363128,42.0682129341583,0.0262077779920246,0.0371477369769427,-13.63717105263158,30845000000.0,773000000.0,-5989000000.0,62606000000.0,2663500000.0,911000000.0,2626500000.0,46.57541899441341,77.1900826446281,212.1487603305785,1.9323497661029148,1.1659528907922911,0.4242306194000779,0.0601440838305923,0.175,2015-07-30,2.43,amc,5077470817.0,2025-04-24,2015-06-30,0.0576131687242797,160.19095238095238,3245157.571428572
2015-03-31,AMGN,USD,318154,2015-04-27,2015-04-27 06:14:16,2015,Q1,5033000000.0,1033000000.0,4000000000.0,0.7947546195,894000000,1026000000.0,0.0,1026000000.0,58000000.0,1978000000.0,3011000000.0,106000000.0,252000000.0,524000000.0,2603000000.0,0.5171865686,2022000000.0,0.4017484602,-146000000.0,1876000000.0,0.3727399166,253000000.0,1623000000.0,0.3224716869,2.13,2.11,761000000,770000000,https://www.sec.gov/Archives/edgar/data/318154/000031815415000010/0000318154-15-000010-index.htm,https://www.sec.gov/Archives/edgar/data/318154/000031815415000010/amgn-2015331x10q.htm,6.613666228646518,2.132720105124836,1.7463863337713534,1.5913272010512485,35.63469119579501,34.83048620236531,-0.6307490144546649,34.83048620236531,40.20105124835742,121645850000.0,149122850000.0,18.73780807147258,24.169650307967416,91.53186606471031,100.4507431874484,4.589370331245756,4.589370331245756,29.629018478044905,57.288839800230505,112.20680963130172,123.14025598678778,0.0133420087902711,0.0099551279390131,1.1446842224402023,0.4400307460262211,10.55589704187476,5.534090909090909,8.023809523809524,0.8188539741219963,0.0049241301696687,0.3690696241528035,0.2038545599046294,0.1776276574607589,0.3913737092470124,0.0887885628291948,0.0234452612755811,0.2251908396946564,0.0139082058414464,40.8825483475382,0.0277157968588246,0.0386741648000762,-15.865965834428383,28728000000.0,-480000000.0,-7382000000.0,60837000000.0,2547000000.0,941500000.0,2666500000.0,45.56328233657858,77.36689254598258,234.01742497579863,1.9752747252747256,1.1632882882882882,0.3845867460908414,0.0612314193012902,0.1550591327201051,2015-04-21,2.1,amc,4261814516.0,2025-04-24,2015-03-31,0.1809523809523809,157.49344262295082,3534399.8032786883
2014-12-31,AMGN,USD,318154,2015-02-19,2015-02-19 17:06:08,2014,Q4,5331000000.0,1183000000.0,4148000000.0,0.7780904146,1234000000,1327000000.0,0.0,1327000000.0,128000000.0,2689000000.0,3872000000.0,88000000.0,261000000.0,525000000.0,2072000000.0,0.3886700431,1459000000.0,0.273682236,-173000000.0,1286000000.0,0.2412305384,-8000000.0,1294000000.0,0.2427311949,1.7,1.68,761000000,772000000,https://www.sec.gov/Archives/edgar/data/318154/000031815415000005/0000318154-15-000005-index.htm,https://www.sec.gov/Archives/edgar/data/318154/000031815415000005/amgn-12312014x10k.htm,7.005256241787122,1.700394218134034,3.2128777923784493,2.7687253613666227,35.513797634691194,33.873850197109064,-2.23784494086728,33.873850197109064,40.70433639947438,121219690000.0,148203690000.0,23.41956916537867,22.73864003001313,49.578605316973416,57.53188894162316,4.702447435797968,4.702447435797968,27.80035453010692,71.52687741312741,60.61500613496933,70.3387233032748,0.0106748334367131,0.0173816646454053,1.1915199006905113,0.4450868727267458,13.023166023166024,4.953339041095891,5.590038314176245,1.8894899536321483,0.0038277609850346,0.3585780525502318,0.2489214031138623,0.2314762708685049,0.3982234201336058,0.138241308793456,0.0634027386981804,0.6438095238095238,0.0198836991183642,35.999655942450474,0.023488843463108,0.031159699479869,-17.04599211563732,27705000000.0,-1703000000.0,-8518000000.0,60409000000.0,2450500000.0,975000000.0,2766000000.0,42.98255486775464,75.69737954353339,201.37785291631445,2.093872741555381,1.1889447236180906,0.4469210426898375,0.050197843122042,0.4441524310118265,2015-01-27,2.05,amc,5059513888.0,2025-04-24,2014-12-31,0.053658536585366,155.82140625,4134361.046875
2014-09-30,AMGN,USD,318154,2014-10-29,2014-10-29 16:46:52,2014,Q3,5031000000.0,1068000000.0,3963000000.0,0.7877161598,1018000000,1213000000.0,0.0,1213000000.0,266000000.0,2497000000.0,3565000000.0,140000000.0,269000000.0,543000000.0,2277000000.0,0.4525939177,1466000000.0,0.2913933612,-129000000.0,1337000000.0,0.2657523355,93000000.0,1244000000.0,0.2472669449,1.63,1.61,761000000,771000000,https://www.sec.gov/Archives/edgar/data/318154/000031815414000022/0000318154-14-000022-index.htm,https://www.sec.gov/Archives/edgar/data/318154/000031815414000022/amgn-2014930x10q.htm,6.6110381077529565,1.6346911957950063,3.6018396846254928,3.181340341655716,36.892247043364,33.27858081471748,-3.4034165571616293,33.27858081471748,43.69119579500657,106890060000.0,136193060000.0,21.48112138263666,21.24628503279666,38.99673841663627,44.1512019826518,4.220732872655479,4.220732872655479,27.070773206122045,59.81249890206412,49.68736227654141,56.25487814952499,0.0116381261269756,0.022649439994701,1.3022704837117474,0.4659837513246203,12.869126043039088,4.215647292714302,5.449814126394052,2.203376205787781,0.0043409087804796,0.3729903536977492,0.2411051480818922,0.2023454581594116,0.3944189332391381,0.1167457132433418,0.0636056450009938,0.5893186003683242,0.0204730669846948,34.98577666700218,0.0210745152641002,0.0290247316845543,-18.615308804204997,27497000000.0,-2590000000.0,-9402000000.0,60679000000.0,2526000000.0,968500000.0,2919500000.0,42.128801431127016,80.47752808988764,243.1179775280899,2.1363057324840766,1.118324607329843,0.3701906412478336,0.0491214215202369,0.4204993429697766,2014-10-27,2.11,amc,4615395652.0,2025-04-24,2014-09-30,0.0900473933649289,130.5609375,3126723.171875
2014-06-30,AMGN,USD,318154,2014-08-05,2014-08-05 16:06:09,2014,Q2,5180000000.0,1081000000.0,4099000000.0,0.7913127413,1018000000,1136000000.0,0.0,1136000000.0,43000000.0,2197000000.0,3278000000.0,138000000.0,282000000.0,506000000.0,2445000000.0,0.472007722,1902000000.0,0.3671814672,-144000000.0,1758000000.0,0.3393822394,211000000.0,1547000000.0,0.2986486486,2.04,2.01,759000000,768000000,https://www.sec.gov/Archives/edgar/data/318154/000031815414000017/0000318154-14-000017-index.htm,https://www.sec.gov/Archives/edgar/data/318154/000031815414000017/amgn-2014630x10q.htm,6.824769433465086,2.038208168642951,2.934123847167325,2.7061923583662715,34.50329380764163,32.12384716732543,-5.21870882740448,32.12384716732543,44.28194993412384,89842830000.0,118818830000.0,14.518880090497738,17.344175675675675,40.34253704535249,43.740423563778,3.684801492904602,3.684801492904602,22.937998069498068,48.59665848670757,53.35376290974405,57.84753164556962,0.0172189589308351,0.022862147151865,1.3669100155852678,0.479305088158311,11.851124744376278,4.364098652428172,6.74468085106383,1.4395604395604396,0.0051534440756151,0.2992889463477698,0.2193050193050193,0.1965250965250965,0.4076135415767826,0.0776829815895824,0.0333976833976834,0.341897233201581,0.0216216216216216,38.38215045246044,0.0260833549985894,0.0375567478332645,-20.37450592885375,26462000000.0,-3961000000.0,-10824000000.0,60176000000.0,2605500000.0,965500000.0,2960000000.0,46.85907335907336,81.75763182238667,245.93894542090652,1.9206525769373377,1.1008146639511205,0.3659444820582261,0.0634484455746042,0.227931488801054,2014-07-29,2.07,amc,4524303797.0,2025-04-24,2014-06-30,0.1449275362318842,115.75920634920637,3505141.095238095
2014-03-31,AMGN,USD,318154,2014-04-30,2014-04-30 16:18:43,2014,Q1,4521000000.0,1090000000.0,3431000000.0,0.7589028976,1027000000,1023000000.0,0.0,1023000000.0,17000000.0,2067000000.0,3157000000.0,99000000.0,259000000.0,518000000.0,1898000000.0,0.4198186242,1364000000.0,0.301703163,-160000000.0,1204000000.0,0.2663127627,131000000.0,1073000000.0,0.2373368724,1.42,1.4,757000000,768000000,https://www.sec.gov/Archives/edgar/data/318154/000031815414000008/0000318154-14-000008-index.htm,https://www.sec.gov/Archives/edgar/data/318154/000031815414000008/amgn-2014331x10q.htm,5.972258916776751,1.4174372523117569,1.5085865257595772,1.2813738441215323,26.158520475561428,30.040951122853368,-7.472919418758257,30.040951122853368,42.645970937912814,93368380000.0,121705380000.0,21.75404939422181,20.65215217872152,81.75865148861647,96.2560618556701,4.1057288597687,4.1057288597687,26.920013271400133,64.12296101159114,106.57213660245183,125.46946391752576,0.0114921132828908,0.0103889560898454,1.4082054439118772,0.4779416154259447,14.929926238145416,3.4502011459222235,5.2664092664092665,1.06430568499534,0.0049267214446689,0.4287045666356011,0.2262773722627737,0.2271621322716213,0.4238254432571189,0.1506129597197898,0.0380446803804468,0.332046332046332,0.0192435301924353,30.95280556539591,0.0198282608900637,0.0277936072113143,-27.86327608982827,20099000000.0,-5657000000.0,-15961000000.0,53862000000.0,2605500000.0,868000000.0,2992500000.0,50.046449900464495,78.35779816513761,244.89908256880733,1.798329355608592,1.148577449947313,0.3674983142279164,0.0471835011652961,0.2272126816380449,2014-04-22,1.89,amc,4690235294.0,2025-04-24,2014-03-31,-0.0105820105820104,121.28049180327868,3485099.344262295
2013-12-31,AMGN,USD,318154,2014-02-24,2014-02-24 16:07:20,2013,Q4,5011000000.0,1029000000.0,3982000000.0,0.7946517661,1249000000,1521000000.0,0.0,1521000000.0,25000000.0,2795000000.0,3824000000.0,88000000.0,261000000.0,444000000.0,1712000000.0,0.3416483736,1187000000.0,0.2368788665,-173000000.0,1014000000.0,0.2023548194,-7000000.0,1021000000.0,0.2037517462,1.35,1.33,754000000,766000000,https://www.sec.gov/Archives/edgar/data/318154/000031815414000004/0000318154-14-000004-index.htm,https://www.sec.gov/Archives/edgar/data/318154/000031815414000004/amgn-12312013x10k.htm,6.6458885941644565,1.3541114058355437,2.43368700265252,2.1671087533156497,25.73076923076923,29.305039787798407,-8.13527851458886,29.305039787798407,42.95623342175066,86016320000.0,114339320000.0,21.061782566111656,17.165499900219515,46.875378746594,52.64156670746634,3.8928457639391754,3.8928457639391754,22.81766513669926,66.7869859813084,62.310256130790194,69.97510403916769,0.0118698405139861,0.0189963951026967,1.4540188269370022,0.4858676748582231,16.543808411214954,3.4436894425569395,4.547892720306513,1.7972575905974535,0.0041154980822243,0.346718903036239,0.3035322290959888,0.2492516463779684,0.4269187145557656,0.1095367847411444,0.04011175414089,0.4527027027027027,0.0197565356216324,29.880620710842848,0.0196957019277045,0.0269428684523024,-27.978448275862068,19420000000.0,-6134000000.0,-16662000000.0,52999000000.0,2683500000.0,841000000.0,2928500000.0,48.43943324685692,68.83381924198251,264.0524781341108,1.8579903596588805,1.3074968233799238,0.3408413381914541,0.0462074583635047,0.26657824933687,2014-01-28,1.67,amc,4625538461.0,2025-04-24,2013-12-31,0.0898203592814372,113.75171875,2975661.796875
2013-09-30,AMGN,USD,318154,2013-10-29,2013-10-29 17:22:48,2013,Q3,4748000000.0,788000000.0,3960000000.0,0.8340353833,989000000,1249000000.0,0.0,1249000000.0,34000000.0,2272000000.0,3060000000.0,72000000.0,257000000.0,288000000.0,2011000000.0,0.4235467565,1688000000.0,0.3555181129,-185000000.0,1503000000.0,0.3165543387,135000000.0,1368000000.0,0.2881213142,1.81,1.79,754000000,766000000,https://www.sec.gov/Archives/edgar/data/318154/000031815413000012/0000318154-13-000012-index.htm,https://www.sec.gov/Archives/edgar/data/318154/000031815413000012/amgn-2013930x10q.htm,6.297082228116711,1.814323607427056,2.396551724137931,2.1644562334217508,29.917771883289124,28.81697612732096,7.259946949602122,28.81697612732096,36.40053050397878,84395220000.0,103303220000.0,15.42310307017544,17.774898904802022,46.70460431654677,51.712757352941175,3.88416881443299,3.88416881443299,21.757207245155858,51.3690800596718,57.16835639180963,63.298541666666665,0.0162094488289739,0.0193375880766706,1.2513346833578791,0.476389886636413,9.402287419194431,6.33388395622548,6.568093385214008,1.320906432748538,0.004194550354866,0.2587719298245614,0.2630581297388374,0.2082982308340354,0.284793159637657,0.0968456004427227,0.0368576242628475,0.6076388888888888,0.02106149957877,34.29831922784784,0.0294095295559605,0.0335138048457826,-12.421087533156498,25832000000.0,5474000000.0,-4670000000.0,47369000000.0,2672000000.0,950500000.0,2805500000.0,50.61078348778433,102.22081218274111,324.1370558375634,1.7782771535580524,0.8804469273743016,0.2776603241719521,0.062960235640648,0.2320954907161803,2013-10-22,1.77,amc,4331938144.0,2025-04-24,2013-09-30,0.0960451977401129,108.4315625,3204835.625
2013-06-30,AMGN,USD,318154,2013-08-06,2013-08-06 17:10:01,2013,Q2,4679000000.0,785000000.0,3894000000.0,0.8322291088,967000000,1256000000.0,0.0,1256000000.0,121000000.0,2344000000.0,3129000000.0,96000000.0,241000000.0,277000000.0,1646000000.0,0.3517845694,1550000000.0,0.3312673648,-145000000.0,1405000000.0,0.3002778371,147000000.0,1258000000.0,0.2688608677,1.67,1.65,752000000,764000000,https://www.sec.gov/Archives/edgar/data/318154/000031815413000008/0000318154-13-000008-index.htm,https://www.sec.gov/Archives/edgar/data/318154/000031815413000008/amgn-2013630x10q.htm,6.222074468085107,1.672872340425532,2.127659574468085,1.9162234042553192,29.279255319148938,27.38563829787234,5.638297872340425,27.38563829787234,32.12234042553192,73312480000.0,91421480000.0,14.569252782193958,15.66840777944005,45.8203,50.87611380985427,3.5598951150820626,3.5598951150820626,19.538679204958324,55.54160388821385,57.138425,63.44308119361555,0.0171594249710281,0.0196555893348581,1.1612605613285425,0.454571374263448,11.001822600243012,6.20255016722408,6.431535269709544,1.2718600953895072,0.0048286458185564,0.2813990461049284,0.2684334259457149,0.2066680914725368,0.3108534499144649,0.099375,0.0339816200042744,0.5740072202166066,0.0239367386193631,32.105844152610246,0.0290140526727293,0.0346977052074139,-8.784574468085106,24889000000.0,4240000000.0,-2343000000.0,46536000000.0,2601000000.0,973000000.0,2755000000.0,51.43406710835649,115.3375796178344,317.9235668789809,1.74981301421092,0.7803180914512923,0.283086909484313,0.0610857531319801,0.2114361702127659,2013-07-30,1.74,amc,4307650793.0,2025-04-24,2013-06-30,0.086206896551724,103.771875,3849120.015625
2013-03-31,AMGN,USD,318154,2013-05-03,2013-05-03 16:23:52,2013,Q1,4238000000.0,744000000.0,3494000000.0,0.8244454932,878000000,1158000000.0,0.0,1158000000.0,16000000.0,2052000000.0,2796000000.0,164000000.0,263000000.0,277000000.0,1606000000.0,0.378952336,1442000000.0,0.3402548372,-99000000.0,1343000000.0,0.3168947617,-91000000.0,1434000000.0,0.3383671543,1.91,1.88,751000000,764000000,https://www.sec.gov/Archives/edgar/data/318154/000144530513001107/0001445305-13-001107-index.htm,https://www.sec.gov/Archives/edgar/data/318154/000144530513001107/amgn-2013331x10q.htm,5.6431424766977365,1.9094540612516644,1.3968042609853528,1.1864181091877497,28.323568575233026,25.95339547270306,3.981358189081225,25.95339547270306,32.163781624500665,76834810000.0,98196810000.0,13.395190027894005,18.129969325153372,73.24576739752145,86.23435465768799,3.942066081781335,3.942066081781335,23.17055450684285,61.143717310087176,93.60992373689228,110.2096632996633,0.0186634157096243,0.0115963064137205,1.2257965214714484,0.4626646010844307,13.3013698630137,5.58051341890315,5.482889733840304,0.7315202231520224,0.0045942717890497,0.2461645746164574,0.2732420953279849,0.2071731949032562,0.3195391169635941,0.1506196377502383,0.0372817366682397,0.5703971119133574,0.0217083529966965,33.39204049985605,0.033108442450443,0.0408093571245624,-10.137816245006658,23553000000.0,2990000000.0,-3454000000.0,45350000000.0,2523000000.0,922500000.0,2740500000.0,53.68570080226522,113.70967741935485,331.08870967741933,1.6764240506329111,0.7914893617021277,0.2718304713189624,0.0735724180390949,0.2103861517976032,2013-04-23,1.84,amc,3978530612.0,2025-04-24,2013-03-31,0.0652173913043477,88.82233333333333,5739055.966666667
2012-12-31,AMGN,USD,318154,2013-02-27,2013-02-27 16:18:11,2012,Q4,4421000000.0,852000000.0,3569000000.0,0.80728342,938000000,1370000000.0,0.0,1370000000.0,173000000.0,2481000000.0,3333000000.0,126000000.0,291000000.0,73000000.0,1287000000.0,0.2911106085,1088000000.0,0.2460981678,-462000000.0,923000000.0,0.208776295,135000000.0,788000000.0,0.1782402171,1.03,1.01,763000000,778000000,https://www.sec.gov/Archives/edgar/data/318154/000144530513000364/0001445305-13-000364-index.htm,https://www.sec.gov/Archives/edgar/data/318154/000144530513000364/amgn-12312012x10k.htm,5.794233289646134,1.0327653997378767,1.0642201834862386,0.8020969855832241,31.53473132372215,24.980340760157272,3.184796854521625,24.980340760157272,35.15072083879424,65770600000.0,89042600000.0,20.86630710659899,14.876860438814749,80.99827586206897,107.46830065359477,3.45071353620147,3.45071353620147,20.140827866998418,69.18616938616938,109.65837438423644,145.49444444444444,0.0119810371199289,0.0093050694383204,1.3918677859391395,0.4885815315481233,18.08236208236208,3.851536467974824,3.738831615120275,1.0304568527918785,0.0041659951406859,0.3477157360406091,0.3098846414838271,0.2121691924903868,0.3062727908946922,0.2463054187192118,0.0452386337932594,0.7326007326007326,0.020583578375933,24.09302204460712,0.0190771562722306,0.02091961346501,-10.375491480996068,23106000000.0,2430000000.0,-4029000000.0,45062000000.0,2607000000.0,891500000.0,2756500000.0,51.25989595114227,95.59859154929578,289.85915492957747,1.755758538522637,0.9414364640883978,0.3104956268221574,0.0413431269674711,0.2621231979030144,2013-01-23,1.44,amc,4357842857.0,2025-04-24,2012-12-31,-0.0277777777777778,87.07290322580646,3967179.2258064514
2012-09-30,AMGN,USD,318154,2012-11-06,2012-11-06 16:47:49,2012,Q3,4319000000.0,705000000.0,3614000000.0,0.8367677703,880000000,1127000000.0,0.0,1127000000.0,184000000.0,2191000000.0,2896000000.0,111000000.0,271000000.0,74000000.0,1608000000.0,0.3723084047,1423000000.0,0.3294744154,-160000000.0,1263000000.0,0.292428803,156000000.0,1107000000.0,0.2563093309,1.44,1.41,771000000,783000000,https://www.sec.gov/Archives/edgar/data/318154/000144530512003469/0001445305-12-003469-index.htm,https://www.sec.gov/Archives/edgar/data/318154/000144530512003469/amgn-2012930x10q.htm,5.6018158236057065,1.4357976653696498,2.2347600518806745,2.010376134889753,32.91050583657587,25.81322957198444,4.712062256809339,25.81322957198444,34.69390402075227,65596680000.0,86251680000.0,14.814065040650409,15.187932391757352,38.07120139291933,42.32043870967742,3.2959843231836,3.2959843231836,19.97028941884696,53.63910447761194,50.05901334881022,55.64624516129032,0.016875854082859,0.0236292446507963,1.3304190533614713,0.4775284951666426,12.845149253731345,3.8968566989362974,5.250922509225092,1.5564588979223126,0.0042532640371433,0.2520325203252032,0.2609400324149108,0.2037508682565408,0.2934100418410041,0.1004062681369704,0.0400555684186154,0.6027874564459931,0.0210696920583468,28.87746408516313,0.0251768814407075,0.0282549324893437,-8.77496757457847,24238000000.0,3633000000.0,-2941000000.0,45888000000.0,2702000000.0,881000000.0,2680500000.0,56.17967122018986,112.08510638297872,353.48936170212767,1.6020029673590503,0.8029612756264237,0.2546045503791982,0.0556225504974374,0.2243839169909209,2012-10-23,1.47,amc,3801754491.0,2025-04-24,2012-09-30,0.1360544217687074,81.28746031746032,4407738.920634921
2012-06-30,AMGN,USD,318154,2012-08-08,2012-08-08 17:03:20,2012,Q2,4477000000.0,682000000.0,3795000000.0,0.8476658477,826000000,1228000000.0,0.0,1228000000.0,152000000.0,2206000000.0,2888000000.0,124000000.0,256000000.0,73000000.0,1786000000.0,0.3989278535,1589000000.0,0.3549251731,-132000000.0,1457000000.0,0.3254411436,191000000.0,1266000000.0,0.2827786464,1.63,1.61,776000000,785000000,https://www.sec.gov/Archives/edgar/data/318154/000119312512344279/0001193125-12-344279-index.htm,https://www.sec.gov/Archives/edgar/data/318154/000119312512344279/d351286d10q.htm,5.769329896907217,1.631443298969072,3.060567010309278,2.838917525773196,28.962628865979383,24.79252577319588,4.305412371134021,24.79252577319588,31.74484536082474,56578160000.0,75107160000.0,11.1726224328594,12.637516193879833,23.822383157894738,25.682324103495237,2.940805655179583,2.940805655179583,16.776225150770607,42.053281075028,31.62406736842105,34.09312755333636,0.0223761253458931,0.0389372860481853,1.2671136753469514,0.4667789989660322,10.37458006718925,3.680527888446215,6.20703125,1.8759873617693523,0.0049489060796604,0.2211690363349131,0.2742908197453652,0.1844985481349117,0.304407766246697,0.0724210526315789,0.0384185838731293,0.6394052044609665,0.023453205271387,30.167383062456125,0.0296223117481954,0.0348491521691257,-9.2590206185567,21530000000.0,3341000000.0,-3425000000.0,42865000000.0,2848000000.0,887500000.0,2545500000.0,54.43823989278535,116.65689149560116,342.0527859237537,1.6532496307237814,0.7714932126696833,0.2631172839506173,0.0658038359582098,0.2216494845360824,2012-07-26,1.54,amc,3767530054.0,2025-04-24,2012-06-30,0.1883116883116883,69.53460317460318,4461250.095238095
2012-03-31,AMGN,USD,318154,2012-05-08,2012-05-08 06:03:22,2012,Q1,4048000000.0,679000000.0,3369000000.0,0.8322628458,736000000,1076000000.0,0.0,1076000000.0,80000000.0,1892000000.0,2571000000.0,124000000.0,235000000.0,74000000.0,1675000000.0,0.413784585,1477000000.0,0.3648715415,-111000000.0,1366000000.0,0.3374505929,182000000.0,1184000000.0,0.2924901186,1.5,1.48,791000000,800000000,https://www.sec.gov/Archives/edgar/data/318154/000119312512216282/0001193125-12-216282-index.htm,https://www.sec.gov/Archives/edgar/data/318154/000119312512216282/d312223d10q.htm,5.117572692793932,1.4968394437420989,1.2288242730720609,1.0467762326169403,24.493046776232617,23.860935524652337,4.18204804045512,23.860935524652337,27.36283185840708,53764270000.0,70966270000.0,11.35225295608108,13.281687252964426,55.31303497942387,64.93269323671498,2.8485890643212888,2.8485890643212888,17.531193181818182,42.3679223880597,73.0105658436214,85.70805555555556,0.0220220603757848,0.0154005624925252,1.1343117516159795,0.4347005076142132,10.269850746268656,3.2363220053024824,6.285106382978723,0.8209459459459459,0.0053009182492387,0.2407094594594594,0.2658102766798419,0.1818181818181818,0.3160609137055837,0.1481481481481481,0.0355731225296442,0.555984555984556,0.0185276679841897,28.348011619908203,0.0295435542093425,0.035150219688873,-9.49620733249052,18557000000.0,3308000000.0,-3521000000.0,39515000000.0,2942000000.0,766500000.0,2491500000.0,66.43280632411067,118.100147275405,331.2371134020619,1.35475234270415,0.7620650953984287,0.2717086834733893,0.0627318003602839,0.1820480404551201,2012-04-24,1.45,amc,3645714285.0,2025-04-24,2012-03-31,0.1103448275862069,67.6017741935484,5566463.29032258
2011-12-31,AMGN,USD,318154,2012-02-29,2012-02-29 06:02:52,2011,Q4,3973000000.0,656000000.0,3317000000.0,0.834885477,851000000,1208000000.0,0.0,1208000000.0,-800000000.0,1259000000.0,1915000000.0,84000000.0,195000000.0,261000000.0,1507000000.0,0.3793103448,1162000000.0,0.2924742009,-1301000000.0,1051000000.0,0.2645356154,117000000.0,934000000.0,0.2350868361,1.18,1.17,791000000,800000000,https://www.sec.gov/Archives/edgar/data/318154/000119312512086670/0001193125-12-086670-index.htm,https://www.sec.gov/Archives/edgar/data/318154/000119312512086670/d241420d10k.htm,5.02275600505689,1.1807838179519596,2.002528445006321,1.7193426042983566,26.09481668773704,24.056890012642224,5.935524652338811,24.056890012642224,27.336283185840703,50790109999.99999,65272109999.99999,13.594783190578156,12.783818273345076,32.06446338383838,37.345669117647056,2.6690898102895577,2.6690898102895577,16.42892272841681,43.31261446582614,41.20714015151515,47.99419852941176,0.0183894069140626,0.026776866598635,1.1260707341426244,0.4384604366597778,9.609820836098208,4.79544664581161,5.958974358974359,1.69593147751606,0.0048237737622541,0.2623126338329764,0.3040523533853511,0.2141958217971306,0.2933027766978371,0.1414141414141414,0.0563805688396677,0.8582375478927203,0.0241631009312861,25.281113401836286,0.0239032243919187,0.0270434606364189,-7.316055625790139,21839000000.0,4695000000.0,-2249000000.0,41593000000.0,2810500000.0,688000000.0,2420500000.0,65.60281902844198,88.07926829268293,340.7926829268293,1.3718922651933705,1.0218068535825544,0.2640901771336554,0.0490829786115928,0.2831858407079646,2012-01-26,1.22,amc,4005834710.0,2025-04-24,2011-12-31,-0.0081967213114754,57.838253968253966,8177734.53968254
2011-09-30,AMGN,USD,318154,2011-11-04,2011-11-04 06:10:39,2011,Q3,3944000000.0,605000000.0,3339000000.0,0.8466024341,761000000,1125000000.0,0.0,1125000000.0,928000000.0,2814000000.0,3419000000.0,87000000.0,158000000.0,74000000.0,686000000.0,0.1739350913,525000000.0,0.1331135903,-71000000.0,454000000.0,0.1151115619,71000000.0,454000000.0,0.1151115619,0.5,0.5,907000000,914000000,https://www.sec.gov/Archives/edgar/data/318154/000119312511296147/0001193125-11-296147-index.htm,https://www.sec.gov/Archives/edgar/data/318154/000119312511296147/d241043d10q.htm,4.348401323042999,0.5005512679162073,1.0683572216097024,0.936052921719956,19.488423373759648,25.96802646085997,10.035281146637264,25.96802646085997,15.901874310915105,49848720000.0,60222720000.0,27.449735682819384,12.639127789046654,51.44346749226006,58.714628975265015,2.116448860017832,2.116448860017832,15.2694523326572,87.78822157434402,62.14934984520123,70.93371024734982,0.0091075558208916,0.0170315305989802,0.6056553305311425,0.311701081612586,15.122448979591836,4.596425211665099,3.3227848101265822,2.1343612334801763,0.0050946142649199,0.5593832599118943,0.2852434077079107,0.1929513184584178,0.3157653228449689,0.1238390092879257,0.0304259634888438,0.4528301886792453,0.0180020283975659,17.10153188550559,0.0108462672226802,0.0144983074663089,-1.4484564498346195,19115000000.0,9102000000.0,2218000000.0,38957000000.0,2719000000.0,802000000.0,2293500000.0,62.18306288032454,109.1900826446281,350.6280991735537,1.4473394495412844,0.8242506811989101,0.2566822231650403,0.0192756761346749,0.1323042998897464,2011-10-24,1.29,amc,3634114285.0,2025-04-24,2011-09-30,0.0852713178294572,54.45875,6869950.0625
2011-06-30,AMGN,USD,318154,2011-08-08,2011-08-08 14:54:26,2011,Q2,3959000000.0,602000000.0,3357000000.0,0.8479413993,819000000,1130000000.0,0.0,1130000000.0,76000000.0,2025000000.0,2627000000.0,129000000.0,122000000.0,73000000.0,1405000000.0,0.3548875979,1332000000.0,0.3364485981,7000000.0,1339000000.0,0.3382167214,169000000.0,1170000000.0,0.295529174,1.26,1.25,927000000,935000000,https://www.sec.gov/Archives/edgar/data/318154/000095012311074348/0000950123-11-074348-index.htm,https://www.sec.gov/Archives/edgar/data/318154/000095012311074348/v59427e10vq.htm,4.27076591154261,1.2621359223300972,1.656957928802589,1.5242718446601942,20.681769147788565,27.631067961165048,11.90722761596548,27.631067961165048,15.158576051779937,54090450000.0,62022450000.0,11.55778846153846,13.662654710785551,35.21513671875,38.28057324840764,2.111753338018272,2.111753338018272,15.666190957312452,44.14409252669039,40.37919921875,43.89416135881104,0.0216304356868911,0.0261229107910915,0.5438432107441243,0.2967871143685018,5.645551601423487,5.561108686163247,10.918032786885243,1.3128205128205128,0.0,0.0,0.2854256125284162,0.2068704218236928,0.3105505369013124,0.080078125,0.0310684516291992,0.4712643678160919,0.0245011366506693,28.01193812534112,0.0274261492364123,0.0361557478368356,1.0784789644012944,20899000000.0,11038000000.0,4159000000.0,40991000000.0,2615000000.0,851000000.0,2164000000.0,61.67466531952513,130.06644518272424,333.38870431893685,1.4592701806118689,0.6919540229885057,0.2699551569506726,0.0456781447645818,0.1326860841423948,2011-07-29,1.28,bmo,3698919708.0,2025-04-24,2011-06-30,0.0703125,57.61936507936508,6420929.285714285
2011-03-31,AMGN,USD,318154,2011-05-10,2011-05-10 13:12:16,2011,Q1,3706000000.0,564000000.0,3142000000.0,0.8478143551,736000000,1023000000.0,0.0,1023000000.0,90000000.0,1849000000.0,2413000000.0,148000000.0,135000000.0,74000000.0,1515000000.0,0.4087965461,1293000000.0,0.3488936859,13000000.0,1306000000.0,0.3524015111,181000000.0,1125000000.0,0.3035617917,1.21,1.2,933000000,941000000,https://www.sec.gov/Archives/edgar/data/318154/000095012311048073/0000950123-11-048073-index.htm,https://www.sec.gov/Archives/edgar/data/318154/000095012311048073/v58996e10vq.htm,3.972132904608789,1.2057877813504825,1.1039657020364415,0.9967845659163987,16.460878885316184,26.778135048231512,11.438370846730976,26.778135048231512,11.834941050375134,49868850000.0,59509850000.0,11.081966666666668,13.456246627091204,48.41635922330098,53.62241935483871,1.9960314601344864,1.9960314601344864,16.05770372369131,39.28042904290429,57.776553398058255,63.98908602150538,0.0225591727100183,0.0186489161069485,0.4365593980147294,0.2553495341105961,6.363696369636964,5.104495175335373,9.577777777777778,0.9155555555555556,0.0,0.0,0.2760388559093362,0.1985968699406368,0.33506578639322,0.0970873786407767,0.0269832703723691,0.3663003663003663,0.0207771181867242,26.953605159449264,0.0288938903323888,0.0396098866277022,0.6053054662379421,17440000000.0,10672000000.0,3959000000.0,37207000000.0,2426000000.0,774000000.0,2060000000.0,61.1252023745278,132.7659574468085,334.7872340425532,1.4723877632101707,0.6778846153846154,0.2688274547187798,0.045028818443804,0.1071811361200428,2011-04-20,1.29,amc,3567716417.0,2025-04-24,2011-03-31,0.0387596899224806,54.23306451612903,6251641.693548387
2010-12-31,AMGN,USD,318154,2011-02-25,2011-02-25 16:38:48,2010,Q4,3841000000.0,572000000.0,3269000000.0,0.8510804478,854000000,1156000000.0,0.0,1156000000.0,191000000.0,2201000000.0,2773000000.0,93000000.0,162000000.0,261000000.0,1422000000.0,0.3702160896,1068000000.0,0.2780525905,-69000000.0,999000000.0,0.2600885186,-23000000.0,1022000000.0,0.2660765426,1.1,1.09,933000000,941000000,https://www.sec.gov/Archives/edgar/data/318154/000095012311018800/0000950123-11-018800-index.htm,https://www.sec.gov/Archives/edgar/data/318154/000095012311018800/v57113e10vk.htm,4.116827438370847,1.0953912111468382,2.152197213290461,1.9571275455519828,18.673097534833868,25.663451232583064,5.351554126473741,25.663451232583064,14.495176848874598,51221700000.0,61296700000.0,12.529770058708412,13.335511585524603,25.508814741035856,28.0513143483023,2.139229034413632,2.139229034413632,15.95852642541005,43.105977496483824,30.52624501992032,33.56883899233297,0.0199524810773558,0.0356489534708922,0.5580521216171066,0.307271305707584,7.085091420534458,3.520395738203957,6.592592592592593,1.9647749510763208,0.0,0.0,0.300963290809685,0.2223379328299922,0.4357954284137423,0.0906374501992031,0.0473834938818016,0.6973180076628352,0.0273366310856547,25.149735105503737,0.0277278598261239,0.0416547788873038,0.6883708467309754,16559000000.0,4993000000.0,3587000000.0,41032000000.0,2389000000.0,737500000.0,2033000000.0,54.71231450143192,112.65734265734264,318.1468531468531,1.644967880085653,0.7988826815642458,0.2828882294757666,0.0426829268292682,0.195069667738478,2011-01-24,1.11,amc,3644025641.0,2025-04-24,2010-12-31,0.0540540540540539,55.57546875,6413653.625
2010-09-30,AMGN,USD,318154,2010-11-08,2010-11-08 15:23:00,2010,Q3,3816000000.0,587000000.0,3229000000.0,0.8461740042,719000000,957000000.0,0.0,957000000.0,74000000.0,1750000000.0,2337000000.0,105000000.0,150000000.0,74000000.0,1658000000.0,0.4344863732,1479000000.0,0.3875786164,-45000000.0,1434000000.0,0.3757861635,198000000.0,1236000000.0,0.3238993711,1.29,1.28,958000000,962000000,https://www.sec.gov/Archives/edgar/data/318154/000095012310102391/0000950123-10-102391-index.htm,https://www.sec.gov/Archives/edgar/data/318154/000095012310102391/v57086e10vq.htm,3.9832985386221296,1.290187891440501,1.3590814196242171,1.2265135699373697,17.796450939457202,25.126304801670145,10.878914405010438,25.126304801670145,14.031315240083508,52795380000.0,63136380000.0,10.67867718446602,13.835267295597484,40.5494470046083,44.93223829787234,2.1933189314943293,2.1933189314943293,16.54517295597484,38.079843184559714,48.491843317972354,53.73308936170213,0.0234111393837869,0.0222557352556227,0.5521997424286486,0.305324573896265,6.237032569360675,3.6629392971246006,9.86,1.0533980582524272,0.0,0.0,0.2507861635220126,0.1884171907756813,0.3135250608719621,0.097542242703533,0.0332809224318658,0.5019762845849802,0.0214884696016771,27.007354919809497,0.0320902859881349,0.0413585410741174,0.4595511482254697,16670000000.0,10422000000.0,3467000000.0,35962000000.0,2325500000.0,740500000.0,2078000000.0,57.61792452830189,116.37137989778536,313.3901192504259,1.562013917314777,0.7733860342555995,0.2871819960861057,0.0513480952183124,0.1325678496868476,2010-10-25,1.27,amc,3563470588.0,2025-04-24,2010-09-30,0.0708661417322835,53.69,5433354.890625
2010-06-30,AMGN,USD,318154,2010-08-09,2010-08-09 13:57:15,2010,Q2,3804000000.0,553000000.0,3251000000.0,0.8546267087,675000000,986000000.0,0.0,986000000.0,73000000.0,1734000000.0,2287000000.0,94000000.0,147000000.0,73000000.0,1684000000.0,0.4426919033,1517000000.0,0.3987907466,-53000000.0,1464000000.0,0.3848580442,262000000.0,1202000000.0,0.3159831756,1.25,1.25,959000000,964000000,https://www.sec.gov/Archives/edgar/data/318154/000095012310074870/0000950123-10-074870-index.htm,https://www.sec.gov/Archives/edgar/data/318154/000095012310074870/v56588e10vq.htm,3.966631908237748,1.2533889468196038,1.6308654848800834,1.446298227320125,15.143899895724712,24.16058394160584,9.817518248175183,24.16058394160584,12.386861313868613,50443400000.0,60463400000.0,10.491555740432611,13.26062039957939,32.252813299232734,36.36870944484499,2.1770996978851964,2.1770996978851964,15.894689800210305,35.90463182897862,38.65946291560103,43.59293439077145,0.0238286872018936,0.0274961640174928,0.5063444108761329,0.2875490196078431,5.950118764845605,3.3651535380507345,10.319727891156464,1.301164725457571,0.0,0.0,0.2592008412197686,0.1774447949526814,0.3371323529411765,0.1131713554987212,0.0465299684542586,0.7051792828685259,0.0257623554153522,26.102848491593967,0.0334617975208856,0.0444444444444444,-0.4118873826903024,14172000000.0,9415000000.0,2534000000.0,33557000000.0,2239500000.0,802000000.0,2157000000.0,52.2397476340694,117.50452079566004,343.72513562386985,1.7228260869565215,0.7659279778393352,0.2618371212121212,0.0518774277082434,0.1845672575599583,2010-07-29,1.3,amc,3583478260.0,2025-04-24,2010-06-30,0.0615384615384614,56.28317460317461,7674625.26984127
2010-03-31,AMGN,USD,318154,2010-05-07,2010-05-07 16:31:22,2010,Q1,3592000000.0,508000000.0,3084000000.0,0.8585746102,646000000,884000000.0,0.0,884000000.0,73000000.0,1603000000.0,2111000000.0,84000000.0,145000000.0,74000000.0,1481000000.0,0.4123051225,1481000000.0,0.4123051225,-61000000.0,1420000000.0,0.3953229399,253000000.0,1167000000.0,0.3248886414,1.19,1.18,982000000,988000000,https://www.sec.gov/Archives/edgar/data/318154/000119312510112950/0001193125-10-112950-index.htm,https://www.sec.gov/Archives/edgar/data/318154/000119312510112950/d10q.htm,3.657841140529531,1.1883910386965375,0.929735234215886,0.8340122199592668,14.375763747454176,22.748472505091648,8.698574338085539,22.748472505091648,9.603869653767822,58762880000.0,65782880000.0,12.588449014567267,16.35937639198218,64.36240963855421,71.74954822954822,2.630506289448946,2.630506289448946,18.313719376391983,44.41787981093856,72.05134720700985,80.3209768009768,0.0198594759140464,0.0139373699859503,0.4156855723174716,0.230045087449834,4.740040513166779,3.018744285278878,10.213793103448277,0.7823479005998286,0.0,0.0,0.2461024498886414,0.1798440979955456,0.3417975523955804,0.1029572836801752,0.0261692650334075,0.373015873015873,0.0189309576837416,24.66306589932451,0.0336391490282694,0.0439233693402085,-1.1260183299389002,13247000000.0,8542000000.0,1782000000.0,32663000000.0,2190000000.0,728000000.0,2211000000.0,56.90144766146993,156.25984251968504,390.1181102362205,1.5816820783795684,0.5759637188208617,0.2306993642143505,0.0522404762970589,0.0957230142566191,2010-04-21,1.23,amc,3398584615.0,2025-04-24,2010-03-31,0.0569105691056911,57.54918032786885,7269797.737704918
2009-12-31,AMGN,USD,318154,2010-03-01,2010-03-01 13:04:44,2009,Q4,3809000000.0,538000000.0,3271000000.0,0.8587555789,891000000,1180000000.0,0.0,1180000000.0,77000000.0,2148000000.0,2686000000.0,94000000.0,142000000.0,257000000.0,1474000000.0,0.3869782095,1123000000.0,0.2948280389,-48000000.0,1075000000.0,0.2822263061,144000000.0,931000000.0,0.2444211079,0.95,0.94,982000000,988000000,https://www.sec.gov/Archives/edgar/data/318154/000119312510044311/0001193125-10-044311-index.htm,https://www.sec.gov/Archives/edgar/data/318154/000119312510044311/d10k.htm,3.878818737270876,0.9480651731160896,1.8564154786150715,1.709775967413442,13.688391038696537,23.08248472505092,8.925661914460285,23.08248472505092,10.939918533604889,55551740000.0,63268740000.0,14.917223415682065,14.584337096350747,30.472704333516184,33.08620607504467,2.4507760179997358,2.4507760179997358,16.610328170123392,42.92316146540027,34.70583653318705,37.6823942823109,0.0167591510184919,0.0302240757895252,0.4676842987603123,0.2675061192561003,5.235413839891452,4.888200361476891,7.908450704225352,1.9581095596133191,0.0,0.0,0.3097925964820163,0.2339196639537936,0.3508037043579197,0.0789906747120131,0.0378051982147545,0.5603112840466926,0.0196902074035179,22.189710390812003,0.0272001966819034,0.0361876627667431,-0.8434317718940937,15059000000.0,8765000000.0,1970000000.0,34699000000.0,2220000000.0,593500000.0,2187500000.0,49.83197689682331,96.02230483271376,371.3754646840149,1.8060692271218588,0.9372822299651568,0.2423423423423423,0.0410729253981559,0.1466395112016293,2010-01-25,1.12,amc,4047062500.0,2025-04-24,2009-12-31,-0.0625,56.6178125,6574256.875
2009-09-30,AMGN,USD,318154,2009-11-06,2009-11-06 17:10:11,2009,Q3,3812000000.0,545000000.0,3267000000.0,0.8570304302,647000000,932000000.0,0.0,932000000.0,83000000.0,1662000000.0,2207000000.0,74000000.0,139000000.0,74000000.0,1753000000.0,0.4598635887,1605000000.0,0.4210388248,-65000000.0,1540000000.0,0.4039874082,154000000.0,1386000000.0,0.3635886674,1.36,1.36,1016000000,1022000000,https://www.sec.gov/Archives/edgar/data/318154/000119312509227739/0001193125-09-227739-index.htm,https://www.sec.gov/Archives/edgar/data/318154/000119312509227739/d10q.htm,3.751968503937008,1.3641732283464567,1.943897637795276,1.815944881889764,13.792322834645669,22.498031496062996,8.709645669291339,22.498031496062996,11.491141732283465,61193680000.0,69152680000.0,11.037821067821069,16.052906610703044,30.984141772151897,33.167306233062334,2.677123107883454,2.677123107883454,18.140786988457503,39.448191671420425,35.01401518987342,37.48112737127372,0.0226493977809473,0.0301501723707415,0.5046810744597078,0.2817782120175867,4.540216771249287,4.073832347542321,11.546762589928058,1.424963924963925,0.0,0.0,0.2444910807974816,0.1697271773347324,0.3421836834391792,0.0658227848101265,0.034102833158447,0.4779411764705882,0.0225603357817418,26.278361360481583,0.039001539001539,0.051464854628495,-1.2236712598425197,15071000000.0,8849000000.0,1892000000.0,34823000000.0,2256500000.0,624000000.0,2108000000.0,55.03410283315845,101.22935779816513,355.8715596330275,1.6353496353496353,0.8890701468189234,0.2529002320185615,0.0606352261790182,0.1279527559055118,2009-10-21,1.27,amc,3249154362.0,2025-04-24,2009-09-30,0.1732283464566928,59.688125,8808079.890625
2009-06-30,AMGN,USD,318154,2009-08-10,2009-08-07 19:09:42,2009,Q2,3713000000.0,531000000.0,3182000000.0,0.8569889577,693000000,910000000.0,0.0,910000000.0,122000000.0,1725000000.0,2256000000.0,50000000.0,150000000.0,73000000.0,1580000000.0,0.4255319149,1457000000.0,0.3924050633,-100000000.0,1357000000.0,0.3654726636,88000000.0,1269000000.0,0.3417721519,1.25,1.25,1013000000,1017000000,https://www.sec.gov/Archives/edgar/data/318154/000119312509169378/0001193125-09-169378-index.htm,https://www.sec.gov/Archives/edgar/data/318154/000119312509169378/d10q.htm,3.665350444225074,1.2527147087857848,1.6574531095755185,1.5202369200394867,11.811451135241857,21.08588351431392,7.148075024679171,21.08588351431392,11.471865745310955,53628220000.0,62131220000.0,10.565055161544525,14.4433665499596,31.940571768910065,34.82351948051948,2.5106844569288387,2.5106844569288387,16.733428494478858,39.323556962025314,37.00489577129244,40.34494805194805,0.0236629147862823,0.0287162244057326,0.5370318352059925,0.2953398558187435,5.381645569620253,3.89094107299912,9.713333333333331,1.3230890464933018,0.0,0.0,0.2450848370589819,0.1866415297603016,0.3635169927909372,0.0827873734365693,0.0374360355507675,0.549407114624506,0.0172367357931591,24.37885189232271,0.0386069111088448,0.0513328748837021,-2.811451135241856,13148000000.0,7241000000.0,216000000.0,33067000000.0,2095500000.0,661000000.0,2070500000.0,52.88984648532185,107.6271186440678,349.3220338983051,1.7016498625114571,0.8362204724409449,0.2576419213973799,0.0594101123595505,0.1372161895360316,2009-07-27,1.16,amc,3338821705.0,2025-04-24,2009-06-30,0.1120689655172414,49.36809523809524,8738710.80952381
2009-03-31,AMGN,USD,318154,2009-05-11,2009-05-11 17:09:37,2009,Q1,3308000000.0,477000000.0,2831000000.0,0.8558041112,633000000,798000000.0,0.0,798000000.0,74000000.0,1505000000.0,1982000000.0,58000000.0,99000000.0,267000000.0,1646000000.0,0.4975816203,1321000000.0,0.3993349456,-89000000.0,1232000000.0,0.3724304716,213000000.0,1019000000.0,0.3080411125,0.99,0.98,1032000000,1037000000,https://www.sec.gov/Archives/edgar/data/318154/000119312509107323/0001193125-09-107323-index.htm,https://www.sec.gov/Archives/edgar/data/318154/000119312509107323/d10q.htm,3.205426356589147,0.9874031007751938,0.8323643410852714,0.7189922480620154,10.056201550387597,19.347868217054263,5.570736434108527,19.347868217054263,11.150193798449612,51104640000.0,59735640000.0,12.53793915603533,15.448802902055622,59.49317811408615,68.87417789757413,2.5594551009165127,2.5594551009165127,18.057932285368803,36.29139732685298,69.54090803259604,80.50625336927224,0.0199394810334247,0.0145192295650649,0.5713427154805429,0.3051899411449973,5.2436208991494535,3.440188315857051,13.343434343434344,0.8429833169774289,0.0,0.0,0.2412333736396614,0.1913542926239419,0.3803638309256287,0.1362048894062864,0.0353688029020556,0.4382022471910112,0.0178355501813784,20.73266177063276,0.0324150124506875,0.0439944737069337,-4.349079457364341,11403000000.0,5749000000.0,-1337000000.0,31425000000.0,2041000000.0,595500000.0,2077500000.0,54.6584038694075,129.62264150943398,392.4528301886792,1.6465903434544549,0.6943231441048034,0.229326923076923,0.051034206440627,0.1133720930232558,2009-04-23,1.15,amc,3522407407.0,2025-04-24,2009-03-31,-0.0608695652173911,53.84918032786886,9208812.262295082
2008-12-31,AMGN,USD,318154,2009-02-27,2009-02-27 16:46:53,2008,Q4,3751000000.0,558000000.0,3193000000.0,0.8512396694,798000000,1111000000.0,0.0,1111000000.0,147000000.0,2056000000.0,2614000000.0,0.0,57000000.0,274000000.0,1411000000.0,0.3761663556,1137000000.0,0.3031191682,-1711000000.0,1154000000.0,0.307651293,193000000.0,961000000.0,0.2561983471,0.93,0.93,1032000000,1037000000,https://www.sec.gov/Archives/edgar/data/318154/000119312509041091/0001193125-09-041091-index.htm,https://www.sec.gov/Archives/edgar/data/318154/000119312509041091/d10k.htm,3.63468992248062,0.9312015503875968,1.3536821705426356,1.181201550387597,9.255813953488373,19.753875968992247,5.871124031007752,19.753875968992247,9.915697674418604,59598000000.0,68000000000.0,15.504162330905308,15.888563049853373,42.66141732283464,48.89089417555373,2.923476895908957,2.923476895908957,18.128499066915488,48.19277108433735,48.67573371510379,55.783429040196886,0.0161247021712137,0.0204537065002181,0.4991660943784951,0.2792305792607634,5.954642097802977,3.1152271796970936,19.94736842105263,1.4536940686784598,0.0,0.0,0.2961876832844575,0.2127432684617435,0.3931344839886946,0.1274158911954187,0.0474540122633964,0.6496350364963503,0.0,20.3441367079319,0.0290826290581472,0.0434527039247603,-3.791424418604651,10335000000.0,6059000000.0,-836000000.0,30541000000.0,2093500000.0,521000000.0,2039500000.0,49.73873633697681,81.29032258064517,334.6774193548387,1.8094548962855763,1.1071428571428572,0.2689156626506024,0.0471401942509565,0.1724806201550387,2009-01-26,1.07,amc,3786386792.0,2025-04-24,2008-12-31,-0.0093457943925233,56.1609375,11025464.6875
2008-09-30,AMGN,USD,318154,2008-11-07,2008-11-07 07:16:01,2008,Q3,3875000000.0,677000000.0,3198000000.0,0.8252903226,729000000,900000000.0,0.0,900000000.0,86000000.0,1715000000.0,2392000000.0,0.0,24000000.0,268000000.0,1483000000.0,0.3827096774,1483000000.0,0.3827096774,-12000000.0,1471000000.0,0.3796129032,313000000.0,1158000000.0,0.2988387097,1.09,1.09,1058000000,1064000000,https://www.sec.gov/Archives/edgar/data/318154/000119312508228861/0001193125-08-228861-index.htm,https://www.sec.gov/Archives/edgar/data/318154/000119312508228861/d10q.htm,3.6625708884688097,1.0945179584120983,1.3137996219281665,1.16351606805293,9.22211720226843,18.74480151228733,5.101134215500945,18.74480151228733,10.58601134215501,62707660000.0,71361660000.0,13.537923143350604,16.182621935483873,45.11342446043165,50.9404224207961,3.161943323920936,3.161943323920936,18.41591225806452,48.11979770734997,51.33932374100719,57.97047928513404,0.0184666434690753,0.019630775570321,0.5635336829366681,0.3020703821828207,5.835468644639245,3.154918198343769,61.79166666666666,1.2003454231433506,0.0,0.0,0.232258064516129,0.1881290322580645,0.3901562246607924,0.114388489208633,0.0410322580645161,0.5932835820895522,0.0,21.485384389080565,0.0353268567477294,0.0513229623720249,-4.55718336483932,10669000000.0,5397000000.0,-1546000000.0,31076000000.0,2222500000.0,651000000.0,2069000000.0,49.09935483870968,71.52141802067948,266.41063515509603,1.8330179754020817,1.258364312267658,0.3378243512974052,0.058390480032271,0.1502835538752363,2008-10-22,1.08,amc,3402439024.0,2025-04-24,2008-09-30,0.1388888888888887,59.27875,12826788.84375
2008-06-30,AMGN,USD,318154,2008-08-08,2008-08-08 16:15:00,2008,Q2,3764000000.0,515000000.0,3249000000.0,0.8631774708,809000000,904000000.0,0.0,904000000.0,357000000.0,2070000000.0,2585000000.0,0.0,275000000.0,265000000.0,1179000000.0,0.3132306057,1179000000.0,0.3132306057,9000000.0,1188000000.0,0.3156216791,247000000.0,941000000.0,0.25,0.87,0.87,1078000000,1081000000,https://www.sec.gov/Archives/edgar/data/318154/000119312508171935/0001193125-08-171935-index.htm,https://www.sec.gov/Archives/edgar/data/318154/000119312508171935/d10q.htm,3.49165120593692,0.87291280148423,1.5018552875695732,1.3487940630797774,7.869202226345084,17.192022263450834,3.728200371057514,17.192022263450834,10.62152133580705,50838480000.0,58621480000.0,13.506503719447396,13.506503719447396,31.40116121062384,34.9645667125172,2.7431327901580964,2.7431327901580964,15.574250797024442,49.72135708227312,36.20844966028413,40.31738651994498,0.0185096013885544,0.0286003830169588,0.6029784708358064,0.3098915726130723,6.601357082273113,2.675815067231534,4.287272727272727,1.7205100956429331,0.0,0.0,0.2401700318809776,0.2149309245483528,0.4024846787388036,0.1019147621988882,0.0438363443145589,0.6226415094339622,0.0,18.37554263515183,0.0295229897610398,0.0436719728964589,-5.778988868274583,9098000000.0,4019000000.0,-3001000000.0,29580000000.0,2277500000.0,643000000.0,2112500000.0,55.73591923485653,133.51456310679612,372.9320388349514,1.6147576147576148,0.6740837696335078,0.2413308341143392,0.0507742945016996,0.1530612244897959,2008-07-28,1.02,amc,3367789473.0,2025-04-24,2008-06-30,0.1176470588235293,43.2778125,7999706.078125
2008-03-31,AMGN,USD,318154,2008-05-12,2008-05-09 20:21:24,2008,Q1,3613000000.0,546000000.0,3067000000.0,0.8488790479,694000000,874000000.0,0.0,874000000.0,84000000.0,1652000000.0,2198000000.0,0.0,0.0,266000000.0,1415000000.0,0.3916412953,1415000000.0,0.3916412953,22000000.0,1437000000.0,0.3977304179,301000000.0,1136000000.0,0.3144201495,1.04,1.04,1089000000,1092000000,https://www.sec.gov/Archives/edgar/data/318154/000119312508110189/0001193125-08-110189-index.htm,https://www.sec.gov/Archives/edgar/data/318154/000119312508110189/d10q.htm,3.317722681359045,1.0431588613406797,1.4527089072543615,1.2966023875114785,7.940312213039486,17.527089072543617,4.10376492194674,17.527089072543617,10.263544536271809,45498420000.0,52351420000.0,10.012856514084508,12.592975366731247,28.76006321112516,32.22267705382436,2.3837386702991568,2.3837386702991568,14.489737060614448,36.99746996466431,33.09192161820481,37.07607648725213,0.0249678999842192,0.031034044698695,0.5855818096086342,0.3093722320637732,4.843109540636043,2.439872354719516,0.0,1.392605633802817,0.0,0.0,0.2419042347079989,0.1920841406033767,0.4046169176262179,0.1074589127686472,0.0470523110988098,0.6390977443609023,0.0,20.28249519387231,0.0347674585551017,0.0528126452812645,-5.2162534435261705,8573000000.0,4469000000.0,-2514000000.0,29140000000.0,2162500000.0,450000000.0,2091000000.0,55.39994464433988,86.04395604395604,344.67032967032964,1.6245503597122302,1.0459770114942528,0.2611190817790531,0.059516948708545,0.1561065197428834,2008-04-24,1.04,amc,3354928571.0,2025-04-24,2008-03-31,0.0769230769230769,45.5872131147541,12050414.44262295
2007-12-31,AMGN,USD,318154,2008-02-28,2008-02-27 20:55:52,2007,Q4,3745000000.0,606000000.0,3139000000.0,0.8381842457,822000000,1001000000.0,0.0,1001000000.0,50000000.0,1873000000.0,2479000000.0,0.0,393000000.0,302000000.0,1568000000.0,0.4186915888,1057000000.0,0.2822429907,-976000000.0,1058000000.0,0.2825100134,223000000.0,835000000.0,0.2229639519,0.77,0.76,1089000000,1092000000,https://www.sec.gov/Archives/edgar/data/318154/000119312508040431/0001193125-08-040431-index.htm,https://www.sec.gov/Archives/edgar/data/318154/000119312508040431/d10k.htm,3.438934802571166,0.7667584940312213,1.4049586776859504,1.1900826446280992,6.566574839302112,16.408631772268137,3.0275482093663912,16.408631772268137,10.624426078971531,50573160000.0,59726160000.0,15.14166467065868,13.504181575433911,33.05435294117647,39.0225,2.8302176954502207,2.8302176954502207,15.948240320427235,38.09066326530612,39.03670588235294,46.085,0.0165107341522657,0.0256262412710615,0.6254966702109799,0.32267097779959,5.837372448979592,2.110535685385985,2.6895674300254453,1.8323353293413176,0.0,0.0,0.2672897196261682,0.2194926568758344,0.4206818903548024,0.1529411764705882,0.0624833110814419,0.7748344370860927,0.0,16.825064641878388,0.0273870904480387,0.0416106044750087,-6.425849403122131,6862000000.0,3297000000.0,-3729000000.0,27375000000.0,2127500000.0,408000000.0,2083500000.0,50.4913217623498,56.13861386138614,310.5445544554456,1.7824845311756303,1.6031746031746033,0.2898134863701578,0.0467289719626168,0.2148760330578512,2008-01-24,0.97,amc,3632650000.0,2025-04-24,2007-12-31,0.0309278350515464,54.055625,9703105.875
2007-09-30,AMGN,USD,318154,2007-11-09,2007-11-09 16:48:49,2007,Q3,3611000000.0,792000000.0,2819000000.0,0.7806701745,776000000,730000000.0,0.0,730000000.0,330000000.0,1836000000.0,2628000000.0,0.0,1455000000.0,374000000.0,1357000000.0,0.3757961783,393000000.0,0.108834118,-21000000.0,372000000.0,0.1030185544,171000000.0,201000000.0,0.0556632512,0.19,0.18,1086000000,1090000000,https://www.sec.gov/Archives/edgar/data/318154/000119312507242573/0001193125-07-242573-index.htm,https://www.sec.gov/Archives/edgar/data/318154/000119312507242573/d10q.htm,3.325046040515654,0.1850828729281768,1.4622467771639045,1.1804788213627992,5.478821362799264,15.566298342541437,1.9760589318600368,15.566298342541437,11.756906077348066,61261260000.0,71185260000.0,76.19559701492537,16.965178620880643,38.57761964735517,47.78569422776911,3.623854480922803,3.623854480922803,19.7134477983938,52.45781871775976,44.82698992443325,55.52672386895476,0.0032810294793153,0.0209267651367275,0.6692102928127773,0.33818605763482,7.313190862196021,2.768684957426679,0.2701030927835051,7.900497512437811,0.0,0.0,0.2021600664635835,0.2148989199667682,0.4411993303838336,0.1926952141057934,0.0847410689559678,0.8181818181818182,0.0,8.051319296061386,0.0072325195570009,0.010752688172043,-7.314456721915286,7478000000.0,2146000000.0,-4841000000.0,28159000000.0,2158500000.0,490000000.0,2141000000.0,53.68595956798671,49.77272727272727,235.9090909090909,1.6764159702878365,1.808219178082192,0.3815028901734104,0.0118899733806566,0.281767955801105,2007-10-24,1.03,amc,3443824074.0,2025-04-24,2007-09-30,0.0485436893203883,53.45507936507936,11874287.777777778
2007-06-30,AMGN,USD,318154,2007-08-09,2007-08-08 21:46:11,2007,Q2,3728000000.0,558000000.0,3170000000.0,0.8503218884,817000000,860000000.0,0.0,860000000.0,363000000.0,2040000000.0,2598000000.0,0.0,282000000.0,282000000.0,1130000000.0,0.303111588,1130000000.0,0.303111588,7000000.0,1137000000.0,0.3049892704,118000000.0,1019000000.0,0.2733369099,0.9,0.9,1129000000,1134000000,https://www.sec.gov/Archives/edgar/data/318154/000119312507176142/0001193125-07-176142-index.htm,https://www.sec.gov/Archives/edgar/data/318154/000119312507176142/d10q.htm,3.302037201062888,0.9025686448184234,1.2311780336581044,0.87511071744907,4.699734278122232,14.58724534986714,1.474756421612046,14.58724534986714,10.269264836138175,62422410000.0,72007410000.0,15.31462463199215,16.744208690987126,44.90820863309353,63.18057692307692,3.7902975286902665,3.7902975286902665,19.31529238197425,63.72337168141593,51.80389208633093,72.8819939271255,0.0163242655962818,0.0158276490766697,0.6868662335296618,0.3430893815777501,8.482300884955752,2.6474343816505086,4.00709219858156,1.3640824337585868,0.0,0.0,0.2306866952789699,0.2191523605150214,0.4490006369233569,0.2892086330935252,0.107832618025751,1.425531914893617,0.0,17.21147236609719,0.0351129073287227,0.0560907139318544,-7.502878653675819,6967000000.0,1665000000.0,-5306000000.0,27741000000.0,2160000000.0,571500000.0,2160500000.0,52.218347639484975,87.41935483870968,355.80645161290323,1.7235321312991216,1.029520295202952,0.2529465095194922,0.0618738235472706,0.3560673162090345,2007-07-26,1.06,amc,3528285714.0,2025-04-24,2007-06-30,0.0566037735849057,58.12539682539683,16491007.476190476
2007-03-31,AMGN,USD,318154,2007-05-09,2007-05-09 06:32:36,2007,Q1,3687000000.0,592000000.0,3095000000.0,0.8394358557,851000000,770000000.0,0.0,770000000.0,74000000.0,1695000000.0,2287000000.0,0.0,6000000.0,244000000.0,1400000000.0,0.3797125034,1400000000.0,0.3797125034,-6000000.0,1394000000.0,0.3780851641,283000000.0,1111000000.0,0.3013289938,0.95,0.94,1167000000,1177000000,https://www.sec.gov/Archives/edgar/data/318154/000119312507107084/0001193125-07-107084-index.htm,https://www.sec.gov/Archives/edgar/data/318154/000119312507107084/d10q.htm,3.159383033419023,0.9520137103684662,0.7652099400171379,0.4867180805484147,4.144815766923736,16.89374464438732,4.115681233933162,16.89374464438732,6.272493573264781,65211960000.0,71458960000.0,14.674158415841584,17.68699755899105,73.02571108622621,114.80978873239437,3.3077331980725337,3.3077331980725337,19.381328993761866,51.04211428571429,80.02123180291153,125.80802816901408,0.0170367521540527,0.0087100587070224,0.3709865584580268,0.2245624808105618,4.462142857142857,2.2850010853049705,233.33333333333337,0.8037803780378038,0.0,0.0,0.2088418768646596,0.230810957417955,0.4578446423088732,0.3639417693169093,0.0881475454298888,1.3319672131147542,0.0,19.022860503108173,0.0397598946130174,0.0629176577188809,-4.578191945158526,5920000000.0,4803000000.0,-2328000000.0,26859000000.0,2140500000.0,578000000.0,2009000000.0,52.652563059397885,91.36824324324324,321.53716216216213,1.7093184979137692,0.9850249584026622,0.2799054373522459,0.0563530306872939,0.2784918594687232,2007-04-23,1.08,amc,3687000000.0,2025-04-24,2007-03-31,0.0,66.39196721311475,14094536.68852459
2006-12-31,AMGN,USD,318154,2007-02-28,2007-02-28 16:07:05,2006,Q4,3835000000.0,561000000.0,3274000000.0,0.8537157757,1051000000,1030000000.0,0.0,1030000000.0,-1027000000.0,1054000000.0,1615000000.0,0.0,1321000000.0,200000000.0,2420000000.0,0.631029987,989000000.0,0.2578878748,-1030000000.0,1029000000.0,0.2683181226,196000000.0,833000000.0,0.2172099087,0.71,0.71,1167000000,1177000000,https://www.sec.gov/Archives/edgar/data/318154/000119312507042586/0001193125-07-042586-index.htm,https://www.sec.gov/Archives/edgar/data/318154/000119312507042586/d10k.htm,3.286203941730934,0.713796058269066,1.06426735218509,0.7352185089974294,5.378748928877464,16.250214224507285,3.354755784061697,16.250214224507285,8.85432733504713,79717770000.0,87446770000.0,23.924900960384157,20.78690221642764,64.185,92.91115384615384,4.203636890951276,4.203636890951276,22.802286831812257,36.13502892561984,70.40802737520129,101.91931235431235,0.0104493640501985,0.0107629704142501,0.4752161991141109,0.2667219131052444,3.193801652892562,1.6679008829393336,0.7486752460257381,1.4909963985594237,0.0,0.0,0.2685788787483703,0.2740547588005215,0.445394814727122,0.3091787439613526,0.1001303780964797,1.92,0.0,16.15503402467253,0.0279506719598885,0.0444527456107583,-5.143530419880034,4690000000.0,3915000000.0,-3112000000.0,25660000000.0,2124000000.0,562000000.0,1807000000.0,49.84615384615385,89.03743315508022,305.29411764705884,1.805555555555556,1.0108108108108107,0.2947976878612717,0.0439253322083948,0.3290488431876606,2007-01-25,0.95,amc,4048055555.0,2025-04-24,2006-12-31,-0.0526315789473683,72.23920634920634,7834553.777777778
2006-09-30,AMGN,USD,318154,2006-11-09,2006-11-09 15:55:16,2006,Q3,3612000000.0,489000000.0,3123000000.0,0.8646179402,872000000,807000000.0,0.0,807000000.0,122000000.0,1801000000.0,2290000000.0,0.0,0.0,287000000.0,1322000000.0,0.3660022148,1322000000.0,0.3660022148,39000000.0,1361000000.0,0.376799557,259000000.0,1102000000.0,0.3050941307,0.94,0.94,1167000000,1178000000,https://www.sec.gov/Archives/edgar/data/318154/000110465906073573/0001104659-06-073573-index.htm,https://www.sec.gov/Archives/edgar/data/318154/000110465906073573/a06-22059_110q.htm,3.095115681233933,0.9443016281062554,1.3479005998286204,1.025706940874036,4.953727506426735,15.185089974293058,2.310197086546701,15.185089974293058,7.717223650385604,83475510000.0,91190510000.0,18.93727540834845,23.11060631229236,53.06771137952956,69.73726817042606,4.710541730150669,4.710541730150669,25.24654208194906,68.97920574886535,57.97235219326129,76.18254803675856,0.0132014766965784,0.0143395350324903,0.5082105975960725,0.2763763579451298,5.835854765506808,1.6946564885496185,0.0,1.427404718693285,0.0,0.0,0.223421926910299,0.2414174972314507,0.4610875836248695,0.2390336935791481,0.1040974529346622,1.3101045296167246,0.0,17.96202568413319,0.0381326546512123,0.062752690621263,-5.6859468723221935,4368000000.0,2696000000.0,-4209000000.0,25066000000.0,2071000000.0,618500000.0,1615500000.0,52.92358803986711,104.7239263803681,314.9079754601227,1.7005649717514124,0.859402460456942,0.2857977790765634,0.0621861068788443,0.3221936589545844,2006-10-23,0.98,amc,3403615384.0,2025-04-24,2006-09-30,0.0612244897959184,68.00809523809524,7771356.444444444
2006-06-30,AMGN,USD,318154,2006-08-09,2006-08-08 21:09:28,2006,Q2,3604000000.0,493000000.0,3111000000.0,0.8632075472,788000000,840000000.0,0.0,840000000.0,87000000.0,1715000000.0,2208000000.0,0.0,2068000000.0,257000000.0,1653000000.0,0.4586570477,295000000.0,0.0818534961,21000000.0,316000000.0,0.0876803552,302000000.0,14000000.0,0.0038845727,0.01,0.01,1173000000,1185000000,https://www.sec.gov/Archives/edgar/data/318154/000110465906052672/0001104659-06-052672-index.htm,https://www.sec.gov/Archives/edgar/data/318154/000110465906052672/a06-15779_110q.htm,3.072463768115942,0.0119352088661551,1.185848252344416,0.9872122762148338,4.236999147485081,14.35549872122762,1.4185848252344415,14.35549872122762,9.435635123614665,76514790000.0,83567790000.0,1366.335535714286,21.230518867924527,55.007038102084834,66.0749481865285,4.543903438446464,4.543903438446464,23.187511098779133,50.55522686025408,60.07749101365924,72.16562176165803,0.0001829711615231,0.0151343289317006,0.5344735435595938,0.2876502173357197,4.266787658802178,1.6071368171824794,0.1426499032882011,99.35714285714286,0.0,0.0,0.2330743618201997,0.2186459489456159,0.485010227563283,0.1675053918044572,0.0646503884572697,0.906614785992218,0.0,1.9634299583516304,0.0004815097908545,0.0008688636504685,-6.142796248934356,3590000000.0,1664000000.0,-4946000000.0,24203000000.0,1906000000.0,555000000.0,1396500000.0,50.39400665926748,121.947261663286,277.4847870182556,1.7859266600594648,0.7380239520958084,0.3243421052631579,0.0008314032899815,0.1986359761295822,2006-07-20,0.94,amc,3226438095.0,2025-04-24,2006-06-30,0.1170212765957448,67.76825396825396,9323703.92063492
2006-03-31,AMGN,USD,318154,2006-05-10,2006-05-09 20:46:50,2006,Q1,3217000000.0,552000000.0,2665000000.0,0.8284115636,655000000,689000000.0,0.0,689000000.0,87000000.0,1431000000.0,1983000000.0,0.0,0.0,219000000.0,1234000000.0,0.383587193,1234000000.0,0.383587193,80000000.0,1314000000.0,0.4084550824,313000000.0,1001000000.0,0.3111594653,0.83,0.82,1202000000,1218000000,https://www.sec.gov/Archives/edgar/data/318154/000110465906032813/0001104659-06-032813-index.htm,https://www.sec.gov/Archives/edgar/data/318154/000110465906032813/a06-11194_110q.htm,2.6763727121464225,0.8327787021630616,0.9841930116472546,0.7970049916805324,4.1988352745424296,14.468386023294508,2.706322795341098,14.468386023294508,7.455074875207987,87445500000.0,94659500000.0,21.839535464535462,27.182312713708424,73.91842772612003,91.27922755741128,5.028204243574263,5.028204243574263,29.424774634752875,76.70948136142626,80.01648351648352,98.80949895615866,0.01144712992664,0.0109553950746464,0.5152665171640504,0.286156793868753,5.846029173419773,2.072636076537247,0.0,1.181818181818182,0.0,0.0,0.2141746969225987,0.2036058439539944,0.4514769279897812,0.1901944209636517,0.0699409387628225,1.0273972602739727,0.0310848616723655,16.465165776105962,0.0339431780679026,0.0582756010944868,-5.7362728785357735,5774000000.0,3253000000.0,-2767000000.0,25034000000.0,1781500000.0,519000000.0,1265500000.0,50.18961765620143,72.06521739130436,207.55434782608697,1.7931995540691192,1.248868778280543,0.4336213668499607,0.0575585072738772,0.1871880199667221,2006-04-18,0.89,amc,3146296703.0,2025-04-24,2006-03-31,0.0224719101123595,74.61999999999999,10686984.112903226
2005-12-31,AMGN,USD,318154,2006-03-10,2006-03-10 16:58:49,2005,Q4,3271000000.0,511000000.0,2760000000.0,0.843778661,661000000,911000000.0,0.0,911000000.0,87000000.0,1659000000.0,2170000000.0,0.0,0.0,218000000.0,1319000000.0,0.4032405992,1101000000.0,0.3365943137,-1580000000.0,1111000000.0,0.3396514827,287000000.0,824000000.0,0.2519107307,0.69,0.68,1202000000,1218000000,https://www.sec.gov/Archives/edgar/data/318154/000110465906015851/0001104659-06-015851-index.htm,https://www.sec.gov/Archives/edgar/data/318154/000110465906015851/a06-5805_110k.htm,2.721297836938436,0.6855241264559068,0.9392678868552412,0.718801996672213,4.371880199667221,17.01414309484193,5.169717138103161,17.01414309484193,3.2920133111480867,94789720000.0,96906720000.0,28.759016990291265,28.97881993274228,83.95900797165633,109.71032407407408,4.634967483252653,4.634967483252653,29.626022623051053,73.46984078847612,85.83411868910541,112.16055555555556,0.0086929257729635,0.0091149124609715,0.19348687105765,0.1350650237225654,1.6050037907505683,2.56884561891516,0.0,1.3701456310679612,0.0,0.0,0.2785081014980128,0.2020788749617854,0.4859541932621087,0.2347209920283436,0.0810149801284011,1.2155963302752293,0.0,16.199726096634,0.031771195172587,0.0547144754316069,-1.360440931780366,5640000000.0,6214000000.0,389000000.0,24915000000.0,1716500000.0,546500000.0,1158500000.0,48.673188627331086,104.9706457925636,221.56555772994128,1.8490672696438664,0.8573825503355704,0.4062003179650238,0.040291428292015,0.2204658901830282,2006-01-26,0.76,bmo,3314039473.0,2025-04-24,2005-12-31,-0.0131578947368421,78.75,7741094.396825396
2005-09-30,AMGN,USD,318154,2005-11-09,2005-11-09 16:06:25,2005,Q3,3154000000.0,552000000.0,2602000000.0,0.8249841471,562000000,656000000.0,0.0,656000000.0,86000000.0,1304000000.0,1856000000.0,0.0,0.0,204000000.0,1298000000.0,0.4115409004,1298000000.0,0.4115409004,14000000.0,1312000000.0,0.4159797083,345000000.0,967000000.0,0.3065948003,0.78,0.77,1233000000,1249000000,https://www.sec.gov/Archives/edgar/data/318154/000095012905010807/0000950129-05-010807-index.htm,https://www.sec.gov/Archives/edgar/data/318154/000095012905010807/v13945e10vq.htm,2.5579886455798864,0.7842660178426601,1.1695052716950527,1.008110300081103,4.502027575020276,16.65044606650446,5.072992700729927,16.65044606650446,3.2051905920519057,98233110000.0,100034110000.0,25.396357290589453,31.145564362714016,68.12282246879334,79.02905068382944,4.784856794934242,4.784856794934242,31.716585288522516,77.0678813559322,69.37178224687933,80.47796460176991,0.0098439314402241,0.0126535747468445,0.192498782269849,0.1356583825346697,1.3875192604006163,1.800430865648257,0.0,1.4912099276111686,0.0,0.0,0.2079898541534559,0.1781864299302473,0.4900109844844157,0.138002773925104,0.0630944831959416,0.9754901960784312,0.0,17.140989709387622,0.0371094415220723,0.0650871642996567,-1.032846715328467,4087000000.0,6255000000.0,591000000.0,23256000000.0,1685500000.0,500000000.0,1021500000.0,47.48256182625237,81.03260869565217,172.66304347826087,1.8954326923076923,1.1106639839034205,0.5212464589235127,0.0471018022406234,0.1613949716139497,2005-10-19,0.82,amc,3042682352.0,2025-04-24,2005-09-30,0.0365853658536585,78.7825,10397847.34375
2005-06-30,AMGN,USD,318154,2005-08-08,2005-08-05 21:36:29,2005,Q2,3172000000.0,530000000.0,2642000000.0,0.8329129887,567000000,646000000.0,0.0,646000000.0,136000000.0,1349000000.0,1879000000.0,0.0,43000000.0,217000000.0,1293000000.0,0.407629256,1293000000.0,0.407629256,6000000.0,1299000000.0,0.4095208071,270000000.0,1029000000.0,0.3244010088,0.83,0.82,1233000000,1250000000,https://www.sec.gov/Archives/edgar/data/318154/000095012905007789/0000950129-05-007789-index.htm,https://www.sec.gov/Archives/edgar/data/318154/000095012905007789/v11163e10vq.htm,2.572587185725872,0.8345498783454988,0.9870235198702352,0.8207623682076237,3.6009732360097324,15.880778588807786,4.209245742092458,15.880778588807786,3.236009732360097,74547180000.0,76873180000.0,18.11155976676385,23.501633039092056,61.254872637633525,73.66322134387352,3.807118124712732,3.807118124712732,24.234924337957125,59.45334880123743,63.166129827444536,75.96164031620553,0.0138033390397866,0.0135752955376715,0.2015729533731678,0.1407732363221342,1.7989172467130703,1.6287801907854678,30.069767441860463,1.1827016520894071,0.0,0.0,0.2036569987389659,0.1787515762925599,0.5132677081104215,0.1684470008216927,0.0646279949558638,0.9447004608294932,0.0,17.2684478568495,0.0412006079309723,0.0754011870740822,-1.820559610705596,3098000000.0,5190000000.0,-432000000.0,22352000000.0,1645500000.0,526000000.0,958000000.0,48.43316519546027,85.41509433962264,167.0943396226415,1.858230814294083,1.0536779324055665,0.5386178861788617,0.0525509422399264,0.1662611516626115,2005-07-19,0.72,amc,2595272727.0,2025-04-24,2005-06-30,0.2222222222222222,60.2753125,7232297.984375
2005-03-31,AMGN,USD,318154,2005-05-04,2005-05-04 15:59:21,2005,Q1,2833000000.0,489000000.0,2344000000.0,0.8273914578,524000000,577000000.0,0.0,577000000.0,87000000.0,1188000000.0,1677000000.0,0.0,10000000.0,202000000.0,1156000000.0,0.4080480056,1156000000.0,0.4080480056,-10000000.0,1146000000.0,0.4045181786,292000000.0,854000000.0,0.3014472291,0.68,0.67,1249000000,1290000000,https://www.sec.gov/Archives/edgar/data/318154/000095012905004666/0000950129-05-004666-index.htm,https://www.sec.gov/Archives/edgar/data/318154/000095012905004666/v08553e10vq.htm,2.268214571657326,0.6837469975980784,0.899119295436349,0.7405924739791834,3.23058446757406,15.244195356285028,3.647718174539632,15.244195356285028,3.164131305044035,72704290000.0,75463290000.0,21.283457259953163,25.663356865513588,64.74113089937667,78.59923243243243,3.818502626050421,3.818502626050421,26.63723614542888,65.27966262975778,67.1979430097952,81.58193513513514,0.0117462119498037,0.0127227705545298,0.2070378151260504,0.1437636761487965,2.386678200692041,1.5537881958978652,115.6,1.3149882903981265,0.0,0.0,0.2036710201200141,0.184962936816096,0.5282275711159737,0.176313446126447,0.0698905753618072,0.9801980198019802,0.0,15.314091162302622,0.0353256789543509,0.066017316017316,-2.154523618895116,2646000000.0,4556000000.0,-956000000.0,21920000000.0,1522500000.0,528000000.0,910000000.0,50.32121426050123,101.04294478527608,171.53374233128835,1.788510101010101,0.8907103825136612,0.5246781115879828,0.0448529411764705,0.1585268214571657,2005-04-21,0.67,amc,2636263888.0,2025-04-24,2005-03-31,0.0746268656716416,61.74065573770491,7452602.950819672
2004-12-31,AMGN,USD,318154,2005-03-09,2005-03-09 17:21:43,2004,Q4,2909000000.0,476000000.0,2433000000.0,0.8363698866,617000000,816000000.0,0.0,816000000.0,-473000000.0,960000000.0,1436000000.0,0.0,553000000.0,193000000.0,1666000000.0,0.572705397,919000000.0,0.3159161224,-332200000.0,920000000.0,0.3162598831,231000000.0,689000000.0,0.2368511516,0.55,0.53,1249000000,1290000000,https://www.sec.gov/Archives/edgar/data/318154/000095012905002159/0000950129-05-002159-index.htm,https://www.sec.gov/Archives/edgar/data/318154/000095012905002159/v06403e10vk.htm,2.3290632506004805,0.5516413130504404,0.88871096877502,0.6517213771016813,4.650120096076861,15.77662129703763,4.120896717373899,15.77662129703763,4.534027221777422,80123350000.0,83707350000.0,29.072333091436864,27.543262289446545,72.18319819819821,98.4316339066339,4.066143110885562,4.066143110885562,28.77530079064971,50.24450780312125,75.41202702702702,102.83458230958232,0.0085992410452134,0.0101593355744611,0.2593250444049733,0.1748742342835632,2.1512605042016806,2.205917729131585,1.6618444846292948,1.6110304789550072,0.0,0.0,0.2805087658989343,0.2121003781368168,0.4982033469080456,0.2666666666666666,0.1017531797868683,1.5336787564766838,0.0,13.993509637522711,0.0262320801523238,0.0469890199822682,-1.7359887910328262,5013000000.0,5147000000.0,-346000000.0,24283000000.0,1437000000.0,422000000.0,802000000.0,45.20110003437607,95.86134453781511,167.89915966386553,1.9911019849418208,0.9388560157790928,0.536036036036036,0.0349657447348388,0.2369895916733386,2005-01-27,0.61,bmo,3052065573.0,2025-04-24,2004-12-31,-0.0491803278688525,59.65578125,7366202.6875
2004-09-30,AMGN,USD,318154,2004-11-09,2004-11-09 14:46:53,2004,Q3,2713000000.0,447000000.0,2266000000.0,0.8352377442,502000000,632000000.0,0.0,632000000.0,638000000.0,1772000000.0,2219000000.0,0.0,539000000.0,185900000.0,494000000.0,0.1820862514,494000000.0,0.1820862514,15000000.0,509000000.0,0.1876151861,273000000.0,236000000.0,0.0869885735,0.19,0.18,1272000000,1320000000,https://www.sec.gov/Archives/edgar/data/318154/000095012904008750/0000950129-04-008750-index.htm,https://www.sec.gov/Archives/edgar/data/318154/000095012904008750/v03018e10vq.htm,2.132861635220126,0.1855345911949685,0.8437106918238994,0.6092767295597484,3.017295597484277,15.572327044025156,4.003930817610063,15.572327044025156,2.863993710691824,72262320000.0,74380320000.0,76.54906779661017,26.635576852193143,67.3335072679836,93.24170322580645,3.648138126009693,3.648138126009693,27.416262440103207,150.56744939271255,69.30704435333581,95.9746064516129,0.0032658790916206,0.0107248148135847,0.1567043618739903,0.115773376599157,4.287449392712551,1.3051435176266617,0.9165120593692022,4.553245651251591,0.0,0.0,0.2329524511610763,0.1850350165868042,0.5488418932527693,0.2778606038017145,0.1099152230003686,1.6040882194728348,0.0,8.062699298096147,0.0093396340988611,0.019510582010582,-1.373624213836478,1584000000.0,5093000000.0,-228000000.0,20848000000.0,1347100000.0,324450000.0,720550000.0,46.87430888315518,67.85234899328859,144.16107382550334,1.9200283085633405,1.3264094955489614,0.6243016759776536,0.0119143780290791,0.2344339622641509,2004-10-20,0.62,amc,2628218750.0,2025-04-24,2004-09-30,0.032258064516129,56.77421875,7764725.453125
2004-06-30,AMGN,USD,318154,2004-08-06,2004-08-06 16:07:11,2004,Q2,2584900000.0,435400000.0,2149500000.0,0.8315602151,467800000,591000000.0,0.0,591000000.0,84000000.0,1142800000.0,1578200000.0,0.0,0.0,178800000.0,1185500000.0,0.4586250919,1006700000.0,0.3894541375,10100000.0,1016800000.0,0.3933614453,268700000.0,748100000.0,0.2894115827,0.59,0.57,1268000000,1318000000,https://www.sec.gov/Archives/edgar/data/318154/000095012904005694/0000950129-04-005694-index.htm,https://www.sec.gov/Archives/edgar/data/318154/000095012904005694/v00588e10vq.htm,2.038564668769716,0.5899842271293375,0.8794952681388013,0.5987381703470032,3.3610410094637224,15.30820189274448,4.23627760252366,15.30820189274448,2.441403785488959,69194760000.0,70573560000.0,23.12349953214811,26.76883438430887,62.0469512195122,91.14167544783984,3.564755703010695,3.564755703010695,27.30223993191226,59.53062842682412,63.28332137733142,92.95779768177027,0.0108115123168286,0.010971929088272,0.1594833803861767,0.1187912509593246,1.1630535638970898,1.3687530033637674,0.0,1.4907097981553268,0.0,0.0,0.2286355371581105,0.1809741189214282,0.5387260168841136,0.3192252510760401,0.1377229293202831,1.9910514541387023,0.0,14.25520772927182,0.0309110536695049,0.0622337947557566,-0.8390772870662461,1841700000.0,5371600000.0,186900000.0,20232100000.0,1238200000.0,311450000.0,730900000.0,44.60830206197531,64.47175011483692,149.88286632981166,2.017561660942866,1.3959602436678422,0.6004689008412633,0.0385404001895851,0.2807570977917981,2004-07-22,0.6,amc,2501516129.0,2025-04-24,2004-06-30,0.0333333333333333,56.45306451612903,9113962.161290323
2004-03-31,AMGN,USD,318154,2004-05-03,2004-05-03 16:39:45,2004,Q1,2343000000.0,373200000.0,1969800000.0,0.8407170294,441300000,516500000.0,0.0,516500000.0,83900000.0,1041700000.0,1414900000.0,0.0,0.0,176300000.0,1104400000.0,0.4713615023,928100000.0,0.3961160905,21100000.0,949200000.0,0.4051216389,259000000.0,690200000.0,0.2945795988,0.54,0.52,1279000000,1332000000,https://www.sec.gov/Archives/edgar/data/318154/000095012904002691/0000950129-04-002691-index.htm,https://www.sec.gov/Archives/edgar/data/318154/000095012904002691/v98517e10vq.htm,1.8318999218139167,0.5396403440187647,0.3116497263487099,0.0100078186082877,3.525488663017983,15.302032838154808,4.2660672400312745,15.302032838154808,2.414073494917905,74373850000.0,76699950000.0,26.939238626485075,31.74300042680324,186.58768188660312,5810.45703125,3.8001486871081633,3.8001486871081633,32.735787451984635,69.44942955450924,192.42335674862017,5992.18359375,0.0092801434912943,0.0001721035014322,0.1577616203318124,0.1188480103466592,2.1062115175661,1.4521052741776763,0.0,0.5775137641263401,0.0,0.0,0.2204438753734528,0.188348271446863,0.5433150881082704,0.9678876066231812,0.1646606914212548,2.188315371525808,0.0,13.630695908932406,0.0280129581971312,0.0581740332423047,-0.4958952306489445,2159300000.0,5456300000.0,527300000.0,20360600000.0,1101550000.0,319000000.0,724650000.0,45.91037131882202,75.0,177.66077170418006,1.9603413654618471,1.2,0.5065834125152708,0.0352659251046174,0.3016419077404222,2004-04-22,0.55,amc,2260789473.0,2025-04-24,2004-03-31,0.0363636363636361,62.76290322580645,9264176.370967742
2003-12-31,AMGN,USD,318154,2004-03-11,2004-03-11 17:16:48,2003,Q4,2346300000.0,388300000.0,1958000000.0,0.8345053915,502900000,626000000.0,0.0,626000000.0,74000000.0,1202900000.0,1591200000.0,0.0,273100000.0,176900000.0,932000000.0,0.3972211567,755100000.0,0.3218258535,-1214700000.0,770100000.0,0.3282188978,223200000.0,546900000.0,0.2330903976,0.43,0.41,1279400000,1332500000,https://www.sec.gov/Archives/edgar/data/318154/000095014804000549/0000950148-04-000549-index.htm,https://www.sec.gov/Archives/edgar/data/318154/000095014804000549/v96430e10vk.htm,1.833906518680632,0.4274659996873534,0.9359856182585587,0.603564170705018,4.004142566828201,15.154838205408783,4.078239799906206,15.154838205408783,2.6204470845708925,79054126000.0,81297026000.0,36.13737703419272,33.69310233133018,66.01597160751565,102.37519554519554,4.077245772109071,4.077245772109071,34.64903294548864,87.2285686695279,67.88895699373695,105.27975394975395,0.006918044986039,0.0097679911102932,0.1588263508878699,0.1176436880407999,2.4065450643776822,3.2952855807327603,2.7649212742585134,2.189614189065643,0.0,0.0,0.2668030516131782,0.2143374675020244,0.5413787175520027,0.3551565762004175,0.1812641179729787,2.404183154324477,0.0,12.07306947012404,0.0224088176170406,0.0455556388534872,-0.4316671877442551,5155900000.0,5217700000.0,614800000.0,23126700000.0,1004650000.0,290200000.0,698700000.0,38.66129650939777,75.7919134689673,165.16610867885657,2.327909514832821,1.1874617737003057,0.5449059781083356,0.0282065696705881,0.3324214475535407,2004-01-22,0.48,amc,2444062499.0,2025-04-24,2003-12-31,-0.0416666666666665,61.3134375,9916983.71875
2003-09-30,AMGN,USD,318154,2003-10-30,2003-10-29 19:15:12,2003,Q3,2207400000.0,340000000.0,1867400000.0,0.8459726375,407500000,483000000.0,0.0,483000000.0,120100000.0,1010600000.0,1350600000.0,0.0,0.0,168400000.0,1025800000.0,0.4647096131,856800000.0,0.3881489535,9400000.0,866200000.0,0.3924073571,254100000.0,612100000.0,0.2772945547,0.47,0.46,1289000000,1348000000,https://www.sec.gov/Archives/edgar/data/318154/000119312503069500/0001193125-03-069500-index.htm,https://www.sec.gov/Archives/edgar/data/318154/000119312503069500/d10q.htm,1.712490302560124,0.4748642358417377,0.5031807602792863,0.2025601241272304,3.8983708301008537,15.09487975174554,3.9134988363072143,15.09487975174554,2.383087664856478,83166280000.0,85188380000.0,33.96760333278876,37.67612575881128,128.22429848905333,318.52271160474913,4.27429705046435,4.27429705046435,38.59218084624445,83.04579840124781,131.34193647856924,326.267253925699,0.0073599540583034,0.0031394935543588,0.1578739085073468,0.1187453612073231,1.971241957496588,4.710973325582898,0.0,1.0596307792844306,0.0,0.0,0.2188094590921446,0.1846063241822959,0.5571499257793172,0.5974406413814369,0.1755458910935942,2.301068883610452,0.0,12.699622715451047,0.0248949442855187,0.0534305167597765,-0.2273467804499612,5745700000.0,5044500000.0,882500000.0,23615200000.0,981050000.0,261700000.0,661750000.0,40.8290296276162,67.0764705882353,181.2705882352941,2.2043139604553623,1.3417521704814523,0.4964953271028037,0.0314586299229595,0.3006206361520558,2003-10-21,0.51,amc,2124101886.0,2025-04-24,2003-09-30,0.0392156862745098,68.11328125,8003262.171875
2003-06-30,AMGN,USD,318154,2003-07-30,2003-07-30 14:06:15,2003,Q2,2041100000.0,329100000.0,1712000000.0,0.8387634119,393700000,453500000.0,0.0,453500000.0,47700000.0,894900000.0,1224000000.0,0.0,0.0,171400000.0,817100000.0,0.4003233551,817100000.0,0.4003233551,31600000.0,848700000.0,0.4158052031,241500000.0,607200000.0,0.2974866494,0.47,0.45,1287900000,1347000000,https://www.sec.gov/Archives/edgar/data/318154/000119312503026265/0001193125-03-026265-index.htm,https://www.sec.gov/Archives/edgar/data/318154/000119312503026265/d10q.htm,1.5848280145974063,0.4714651758676916,0.7296373942076249,0.515490333100396,3.8709527137200097,14.709760074539949,3.450656106840593,14.709760074539949,2.396692289774051,84924126000.0,86940326000.0,34.9654668972332,41.607038361667726,90.373657550282,127.91704473565296,4.482737968930624,4.482737968930624,42.59483905737103,106.40108432260432,92.51923592635949,130.95394788371743,0.0071499116752758,0.0078175664710402,0.1629321129392389,0.1216121978606465,2.4675070370823646,4.130445089788419,0.0,1.5475955204216074,0.0,0.0,0.2221841164078193,0.192886188819754,0.5713058723873687,0.2934979248696392,0.1351232178727157,1.6091015169194869,0.0,12.491622851398324,0.0246484353093408,0.0558042073725519,-0.3195317959468903,5282000000.0,4444100000.0,532500000.0,22935300000.0,902950000.0,280900000.0,610700000.0,42.36098182352653,73.83773928896993,174.66727438468553,2.124596648277298,1.218888888888889,0.5152653828088304,0.0320511805412595,0.2141470611072288,2003-07-22,0.46,amc,1916134693.0,2025-04-24,2003-06-30,0.0652173913043477,62.37349206349207,10572308.73015873
2003-03-31,AMGN,USD,318154,2003-05-02,2003-05-02 14:42:53,2003,Q1,1761200000.0,283300000.0,1477900000.0,0.8391437656,351300000,390100000.0,0.0,390100000.0,74300000.0,815700000.0,1099000000.0,0.0,0.0,169800000.0,662200000.0,0.3759936407,662200000.0,0.3759936407,25900000.0,688100000.0,0.3906995231,194800000.0,493300000.0,0.2800931183,0.38,0.37,1290500000,1349900000,https://www.sec.gov/Archives/edgar/data/318154/000089843003002755/0000898430-03-002755-index.htm,https://www.sec.gov/Archives/edgar/data/318154/000089843003002755/d10q.htm,1.36474234792716,0.3822549399457574,0.6050368074389771,0.3972103835722588,3.6861681518791167,14.338163502518404,3.033242929097249,14.338163502518404,2.385664471135219,74268275000.0,75006775000.0,37.63849331035881,42.16913184192596,95.11818007172133,144.8854369879048,4.0137636866738005,4.0137636866738005,42.588448217124686,113.2690652370885,96.06400486680327,146.32613148653925,0.0066421362284232,0.0069020049274067,0.166385637234238,0.1244950362926868,1.1152219873150109,4.199835941443715,0.0,1.5828096493006285,0.0,0.0,0.2214967067908244,0.1994662729956847,0.5899431852645626,0.3434938524590163,0.1522825346354758,1.5795053003533568,0.0,11.104898069915883,0.0204911254988512,0.0486465164439623,-0.4214258039519566,5071100000.0,3914400000.0,429800000.0,22614300000.0,798800000.0,273400000.0,563800000.0,43.19100613218261,92.70031768443346,185.11471937875044,2.0837671557027924,0.9708704592186428,0.4861850008580745,0.0266599651955856,0.2078264238667183,2003-04-22,0.39,amc,1635400000.0,2025-04-24,2003-03-31,0.0769230769230768,53.62967213114754,12004169.770491805
2002-12-31,AMGN,USD,318154,2003-03-10,2003-03-10 17:08:48,2002,Q4,1766100000.0,273800000.0,1492300000.0,0.844969141,367000000,500900000.0,0.0,500900000.0,-7119000000.0,-6251100000.0,-5977300000.0,0.0,7326600000.0,164200000.0,7907600000.0,4.4774361588,7743400000.0,4.3844629409,-7073600000.0,669800000.0,0.3792537229,213400000.0,456400000.0,0.2584225129,0.35,0.34,1290500000,1349900000,https://www.sec.gov/Archives/edgar/data/318154/000089843003001854/0000898430-03-001854-index.htm,https://www.sec.gov/Archives/edgar/data/318154/000089843003001854/d10k.htm,1.3685393258426966,0.3536613715614103,0.635490120108485,0.4366524602867105,3.614025571483921,14.169701666020922,2.79969004261914,14.169701666020922,8.134211545912438,62382770000.00001,63701670000.00001,34.17110539000877,35.322331691297215,76.06727228386784,110.70589174800357,3.4115044296182875,3.4115044296182875,36.0691183964668,8.055752693611211,77.67549079380564,113.04644188110028,0.0073161227050353,0.0090329429103581,0.1733894782894017,0.1296434865453891,0.1667889119328241,4.187483651582527,1.0568885977124451,1.796888694127958,0.0,0.0,0.2836192741067889,0.2078025026895419,0.5999681063774979,0.3128886721131569,0.1452918860766661,1.5627283800243603,0.0,10.618555119740709,0.2289081507802698,0.0466509255568162,-0.5189074002324681,4874300000.0,3613000000.0,233200000.0,22360800000.0,687300000.0,226350000.0,535700000.0,38.342109733310686,83.82030679327977,179.11249086924764,2.3472886762360448,1.0737254901960784,0.502477518810791,0.0249589850158591,0.1988376598217745,2003-01-23,0.35,amc,1766100000.0,2025-04-24,2002-12-31,0.0,48.0678125,15792032.375
2002-09-30,AMGN,USD,318154,2002-11-05,2002-11-05 16:37:07,2002,Q3,1499300000.0,226400000.0,1272900000.0,0.8489961982,312600000,394900000.0,0.0,394900000.0,31700000.0,739200000.0,965600000.0,0.0,5818200000.0,155700000.0,689400000.0,0.4598145801,-2458100000.0,-1.6394984326,12100000.0,-2466000000.0,-1.6447675582,155600000.0,-2601600000.0,-1.7352097646,-2.1,-2.1,1241700000,1241700000,https://www.sec.gov/Archives/edgar/data/318154/000089843002003918/0000898430-02-003918-index.htm,https://www.sec.gov/Archives/edgar/data/318154/000089843002003918/d10q.htm,1.207457517918982,-2.0951920753805267,0.2449061770153821,0.0763469437062092,3.255375694612225,14.2263026495933,2.370137714423774,14.2263026495933,7.232745429652895,51778890000.0,53782890000.0,-4.975677467712178,34.53537650903755,170.26928641894114,546.1908227848102,2.9311902767084828,2.9311902767084828,35.87200026679117,78.01405570060922,176.85922393949355,567.3300632911393,-0.0502444142777104,0.0018308619593815,0.1790396721162991,0.1332162368213773,2.906875543951262,3.9594833446634943,-0.4224846172355711,-0.1168896063960639,0.0,0.0,0.2633895818048422,0.2084972987394117,0.6200976365880266,0.6882604406445249,0.1395984792903355,1.344251766217084,0.0,,-0.1166967291146118,-0.2884481057288259,-1.0503342192155916,4353400000.0,2943000000.0,-251900000.0,21741400000.0,587850000.0,165050000.0,456850000.0,37.34942973387581,78.59098939929329,209.297703180212,2.409675345548055,1.1451694486595851,0.4300094966761633,-0.1472759385897377,0.1685592333091729,2002-10-23,0.32,amc,1411105882.0,2025-04-24,2002-09-30,0.0625,42.3784375,16995455.609375
2002-06-30,AMGN,USD,318154,2002-08-13,2002-08-13 16:08:37,2002,Q2,1169100000.0,131900000.0,1037200000.0,0.8871781712,233600000,320500000.0,0.0,320500000.0,-81700000.0,472400000.0,604300000.0,0.0,0.0,66700000.0,564800000.0,0.4831066632,564800000.0,0.4831066632,32800000.0,597600000.0,0.5111624326,185200000.0,412400000.0,0.3527499786,0.4,0.38,1038600000,1098800000,https://www.sec.gov/Archives/edgar/data/318154/000089843002003028/0000898430-02-003028-index.htm,https://www.sec.gov/Archives/edgar/data/318154/000089843002003028/d10q.htm,1.1256499133448874,0.3970729828615444,0.6139996148661659,0.5075101097631427,4.869824764105527,4.699210475640285,4.699210475640285,4.699210475640285,2.941267090313884,39840696000.0,39990496000.0,24.15173132880698,34.078090839107006,62.47560922063667,75.58470119521913,8.163073392615662,8.163073392615662,34.20622359079634,70.80470254957507,62.71051591657519,75.86889774236388,0.01035122478784,0.0132301905569119,0.6259066508216203,0.3343109788128173,0.2652266288951841,5.268424554982532,0.0,1.5463142580019398,0.0,0.0,0.2741425027799162,0.1998118210589342,0.0,0.1734357848518112,0.0946026858267043,1.6581709145427286,0.0,6.47946095094151,0.049117237489245,0.0451322010155839,1.3571394184479106,5131500000.0,4880600000.0,2076700000.0,7145100000.0,539300000.0,119250000.0,379400000.0,42.60969976905312,90.34116755117512,264.2001516300228,2.11219512195122,0.9962235649546828,0.340650826446281,0.0844978076466008,0.1064895051030233,2002-07-24,0.35,amc,1150486842.0,2025-04-24,2002-06-30,0.0857142857142858,49.62046875,13756333.0
2002-03-31,AMGN,USD,318154,2002-04-29,2002-04-26 18:11:05,2002,Q1,1008500000.0,103600000.0,904900000.0,0.897273178,203400000,245800000.0,0.0,245800000.0,-1700000.0,447500000.0,551100000.0,0.0,0.0,60700000.0,518100000.0,0.5137332672,457400000.0,0.4535448686,36700000.0,494100000.0,0.4899355478,153200000.0,340900000.0,0.3380267724,0.32,0.32,1043600000,1085600000,https://www.sec.gov/Archives/edgar/data/318154/000089843002001629/0000898430-02-001629-index.htm,https://www.sec.gov/Archives/edgar/data/318154/000089843002001629/d10q.txt,0.9663664239172096,0.326657723265619,0.4665580682253737,0.3879839018781142,4.95831736297432,4.743004982752012,4.743004982752012,4.743004982752012,3.015331544653124,64066604000.0,64232204000.0,46.98342915811088,63.52662766484879,131.5806202505648,158.22821437391949,12.943271243282558,12.943271243282558,63.69083192860684,123.97646014282957,131.92073115629492,158.63720424796247,0.0053210249758204,0.006319985370225,0.6357428582973049,0.347141170889916,0.3196294151708164,5.997004306309679,0.0,1.4282780874156644,0.0,0.0,0.243728309370352,0.2016856717897868,0.0,0.1684124050112959,0.0813088745661874,1.3509060955518946,0.0,5.904246963400441,0.0389767499959742,0.037606592461031,1.57054906094289,5337800000.0,4949800000.0,2290900000.0,7305700000.0,511150000.0,121400000.0,363600000.0,46.86068418443232,92.17181467181469,322.81853281853284,1.920586554941916,0.9764373232799246,0.278794402583423,0.0688714695543254,0.0785741663472594,2002-04-25,0.32,amc,1008500000.0,2025-04-24,2002-03-31,0.0,58.042,10595613.533333331
2001-12-31,AMGN,USD,318154,2002-02-26,2002-02-26 00:00:00,2001,Q4,1124300000.0,152500000.0,971800000.0,0.8643600463,232600000,326200000.0,0.0,326200000.0,203900000.0,762700000.0,915200000.0,0.0,91600000.0,71000000.0,280100000.0,0.2491327937,209100000.0,0.185982389,32100000.0,241200000.0,0.2145334875,78200000.0,163000000.0,0.1449790981,0.16,0.15,1043600000,1085600000,https://www.sec.gov/Archives/edgar/data/318154/000089843002000744/0000898430-02-000744-index.htm,https://www.sec.gov/Archives/edgar/data/318154/000089843002000744/d10k.txt,1.0773284783441932,0.1561901111536987,0.5035454197010348,0.3777309313913377,2.5509773859716365,4.999233422767344,4.999233422767344,4.999233422767344,0.3971828286699885,58900784000.0,58534584000.0,90.33862576687116,52.38884995108067,112.08522169362512,149.41852866565196,11.289730890132637,11.289730890132637,52.06313617361914,208.9774509103891,111.38836156041864,148.48955859969558,0.0027673655413483,0.0066926104073589,0.0618914360193207,0.0501156275705793,-1.3073902177793646,3.847442416990727,2.282751091703057,3.223926380368098,0.0,0.0,0.2901360846749088,0.2068842835542115,0.0,0.2498572787821122,0.1167837765720893,1.8492957746478875,0.0,4.191502539623427,0.0255062569141979,0.0252983812140118,1.903986201609812,2855700000.0,5217200000.0,2632700000.0,4801800000.0,489350000.0,103500000.0,370000000.0,39.80076492039491,80.67540983606557,209.8622950819672,2.261263073209976,1.1155815654718362,0.4288526434195726,0.0312428122364486,0.1258144883096972,2002-01-23,0.31,amc,1161776666.0,2025-04-24,2001-12-31,-0.032258064516129,60.14390625,10767371.875
2001-09-30,AMGN,USD,318154,2001-10-26,2001-10-26 00:00:00,2001,Q3,1003100000.0,102700000.0,900400000.0,0.8976173861,216900000,221800000.0,0.0,221800000.0,5500000.0,444200000.0,546900000.0,0.0,0.0,66700000.0,522900000.0,0.5212840195,456200000.0,0.4547901505,42100000.0,498300000.0,0.4967600439,168400000.0,329900000.0,0.3288804705,0.31,0.3,1048300000,1084600000,https://www.sec.gov/Archives/edgar/data/318154/000102140801508839/0001021408-01-508839-index.htm,https://www.sec.gov/Archives/edgar/data/318154/000102140801508839/d10q.txt,0.9568825717828866,0.314699990460746,0.2737765906706095,0.1695125441190499,2.3172755890489363,4.872841743775637,4.872841743775637,4.872841743775637,0.3081179051798149,61336033000.0,61375033000.0,46.48077675053046,61.14647891536238,213.7144006968641,345.1661958356781,12.007367174347127,12.007367174347127,61.18535838899412,117.37432205010518,213.85028919860628,345.3856668542487,0.0053785676031575,0.0028971550866356,0.0632316667319212,0.053355798932884,0.0745840504876649,4.819792387543252,0.0,0.8699605941194302,0.0,0.0,0.2211145449107766,0.2162296879673013,0.0,0.3808362369337979,0.1089622171269066,1.6386806596701649,0.0,5.873957195227562,0.0556097462851083,0.0544955977336174,1.9431698941142803,2759800000.0,5108200000.0,2536800000.0,4669000000.0,429500000.0,83900000.0,387250000.0,43.20107666234672,61.6066212268744,336.8646543330088,2.083281412253375,1.460881934566145,0.2671696149843912,0.0645824360831604,0.1042640465515596,2001-10-25,0.29,bmo,969663333.0,2025-04-24,2001-09-30,0.0344827586206896,60.30542372881356,8545276.745762711
2001-06-30,AMGN,USD,318154,2001-07-27,2001-07-27 00:00:00,2001,Q2,986700000.0,98400000.0,888300000.0,0.9002736394,208800000,226500000.0,0.0,226500000.0,3600000.0,438900000.0,537300000.0,0.0,0.0,68300000.0,517700000.0,0.5246782203,449400000.0,0.4554575859,36100000.0,485500000.0,0.4920441877,163600000.0,321900000.0,0.3262389784,0.31,0.3,1044800000,1085100000,https://www.sec.gov/Archives/edgar/data/318154/000089843001501477/0000898430-01-501477-index.htm,https://www.sec.gov/Archives/edgar/data/318154/000089843001501477/d10q.txt,0.9443912710566617,0.3080972434915773,0.3371937212863706,0.2277947932618683,2.363897396630934,4.802450229709035,4.802450229709035,4.802450229709035,0.3090543644716692,63398464000.0,63438864000.0,49.23770114942528,64.25302928955102,179.95590122055066,266.3801008403361,12.635216836734694,12.635216836734694,64.29397385223473,122.5398184276608,180.07057621345444,266.5498487394958,0.0050774100773167,0.0037540341671369,0.0643534757653061,0.0540282774198945,0.0780374734402163,4.663541242016579,0.0,1.09443926685306,0.0,0.0,0.2295530556400121,0.2116144724840377,0.0,0.3244393982401362,0.1158406810580723,1.6734992679355782,0.0,5.769877620021419,0.0557934081433377,0.053860955408684,1.9037854134762635,2696000000.0,5017600000.0,2473000000.0,4557900000.0,404600000.0,97200000.0,371150000.0,34.432958346001826,89.17682926829269,356.7987804878049,2.613774834437086,1.0092307692307692,0.252243014611638,0.0641541772959183,0.1093989280245023,2001-07-26,0.28,bmo,920920000.0,2025-04-24,2001-06-30,0.0714285714285712,62.41460317460317,9013551.015873017
2001-03-31,AMGN,USD,318154,2001-05-14,2001-05-14 00:00:00,2001,Q1,901600000.0,89400000.0,812200000.0,0.9008429459,206700000,196200000.0,0.0,196200000.0,-7200000.0,395700000.0,485100000.0,0.0,0.0,59900000.0,476400000.0,0.5283939663,416500000.0,0.4619565217,44800000.0,461300000.0,0.5116459627,156400000.0,304900000.0,0.338176575,0.29,0.28,1041100000,1086200000,https://www.sec.gov/Archives/edgar/data/318154/000089843001500500/0000898430-01-500500-index.htm,https://www.sec.gov/Archives/edgar/data/318154/000089843001500500/d10q.txt,0.8660071078666794,0.2928633176447988,0.3029488041494573,0.2194793967918547,2.201901834598021,4.466429737777351,4.466429737777351,4.466429737777351,0.309480357314379,62663809000.0,62507109000.0,51.38062397507379,69.5028937444543,198.6804343690552,274.239864332604,13.476087956989248,13.476087956989248,69.32909161490683,131.20719773299749,198.1836049461002,273.5540875273523,0.004865647410613,0.003646442877419,0.0692903225806451,0.0566047680118058,-0.3289252728799328,3.984739348064949,0.0,1.034437520498524,0.0,0.0,0.2176131322094055,0.2292590949423247,0.0,0.2755231452124286,0.0963842058562555,1.450751252086811,0.0,5.425053197733589,0.0553656478731916,0.0535654679292352,1.6810825088848331,2444800000.0,4650000000.0,2221800000.0,4255700000.0,410450000.0,120050000.0,328700000.0,43.09338952972493,97.5503355704698,354.5637583892617,2.08848737549224,0.9226006191950464,0.2538330494037478,0.0655698924731182,0.0834694073576025,2001-04-26,0.27,bmo,869400000.0,2025-04-24,2001-03-31,0.037037037037037,66.365,10974523.0
2000-12-31,AMGN,USD,318154,2001-03-07,2001-03-07 00:00:00,2000,Q4,905800000.0,56000000.0,849800000.0,0.9381761978,249500000,249200000.0,0.0,249200000.0,55500000.0,554200000.0,610200000.0,0.0,0.0,55500000.0,351100000.0,0.3876131596,295600000.0,0.3263413557,24400000.0,320000000.0,0.3532788695,109200000.0,210800000.0,0.2327224553,0.2,0.19,1041100000,1086200000,https://www.sec.gov/Archives/edgar/data/318154/000089843001000873/0000898430-01-000873-index.htm,https://www.sec.gov/Archives/edgar/data/318154/000089843001000873/0000898430-01-000873-0001.txt,0.8700413024685428,0.2024781481125732,0.3570262222649121,0.2420516761118048,1.9480357314379024,4.144174430890405,4.144174430890405,4.144174430890405,0.3099606185765056,66567934000.0,66664134000.0,78.94679079696394,73.49076396555532,179.09048695184288,264.15846825396824,15.428887240699964,15.428887240699964,73.59696842570104,189.8722130447166,179.34929782082324,264.5402142857143,0.0031666898359801,0.0037856064452894,0.0747942982964422,0.0597636861989777,0.2739960125320421,3.40691335111936,0.0,1.7632827324478175,0.0,0.0,0.2751159196290572,0.2754471185692206,0.0,0.3220338983050847,0.1321483771251932,2.156756756756757,0.0,4.34509576361658,0.0419922582592943,0.039039928883621,1.3327250024013062,2075000000.0,4314500000.0,1852000000.0,3856500000.0,346250000.0,132400000.0,299400000.0,38.67078825347759,230.1428571428571,490.5,2.327338129496403,0.3910614525139664,0.1834862385321101,0.0488585004056089,0.1149745461531072,2001-01-24,0.25,bmo,942032000.0,2025-04-24,2000-12-31,-0.04,64.78968253968254,8003812.968253968
2000-09-30,AMGN,USD,318154,2000-11-14,2000-11-14 00:00:00,2000,Q3,902900000.0,57000000.0,845900000.0,0.9368700853,202900000,202900000.0,0.0,202900000.0,52500000.0,458300000.0,515300000.0,0.0,0.0,52500000.0,440100000.0,0.4874293942,387600000.0,0.4292834201,142300000.0,529900000.0,0.5868866984,171000000.0,358900000.0,0.3974969543,0.35,0.33,1032100000,1085600000,https://www.sec.gov/Archives/edgar/data/318154/000089843000003404/0000898430-00-003404-index.htm,https://www.sec.gov/Archives/edgar/data/318154/000089843000003404/0000898430-00-003404-0001.txt,0.8748183315570197,0.3477376223234182,0.587733746729968,0.4624551884507315,1.808642573394051,3.828795659335336,3.828795659335336,3.828795659335336,0.3121790524174014,72071543000.0,72233943000.0,50.20308094176651,79.82228707498062,118.8123030003297,150.9984139953907,18.23811093959561,18.23811093959561,80.00215195481228,164.13074982958418,119.08002472799208,151.3386612193589,0.0049797740558988,0.0066225861155768,0.0815345294430245,0.065784638000735,0.3690070438536696,3.626054487622736,0.0,1.690164391195319,0.0,0.0,0.2247203455532174,0.2247203455532174,0.0,0.2131552917903066,0.1432052275999557,2.462857142857143,0.0,5.473286647539905,0.0614241210714727,0.073277798195108,1.2546022672221684,1898900000.0,3951700000.0,1675900000.0,3614200000.0,307800000.0,120850000.0,283100000.0,30.232583896334035,192.0,463.578947368421,2.97692054071876,0.46875,0.194141689373297,0.0908216716856036,0.1252785582792365,2000-10-26,0.27,bmo,884017241.0,2025-04-24,2000-09-30,0.0740740740740739,70.84380952380953,7058553.095238095
2000-06-30,AMGN,USD,318154,2000-08-01,2000-08-01 00:00:00,2000,Q2,867900000.0,48700000.0,819200000.0,0.9438875446,202800000,205100000.0,0.0,205100000.0,53000000.0,460900000.0,509600000.0,0.0,0.0,53000000.0,411300000.0,0.4739025233,358300000.0,0.4128355801,81400000.0,439700000.0,0.5066251872,137100000.0,302600000.0,0.3486576795,0.29,0.28,1027500000,1083300000,https://www.sec.gov/Archives/edgar/data/318154/000089843000002201/0000898430-00-002201-index.htm,https://www.sec.gov/Archives/edgar/data/318154/000089843000002201/0000898430-00-002201-0001.txt,0.8446715328467154,0.2945012165450121,0.3523114355231143,0.2586861313868613,1.5777128953771289,3.3910462287104624,3.3910462287104624,3.3910462287104624,0.3140632603406326,72181875000.0,72368375000.0,59.63472818902842,83.16842378154165,199.3974447513812,271.5646162528217,20.716320351290072,20.716320351290072,83.38331028920382,175.95034038414784,199.91263812154696,272.26627163280665,0.004192188135872,0.0036823648595994,0.0926154464311339,0.0710292304983271,0.4534403112083637,2.850340949874387,0.0,1.1962987442167878,0.0,0.0,0.2363175481046203,0.2336674732111994,0.0,0.2657458563535911,0.1108422629335176,1.8150943396226416,0.0,4.740254517808211,0.0647703717085323,0.0666050360979045,0.9077615571776156,1546700000.0,3484300000.0,1323700000.0,3185200000.0,285700000.0,114400000.0,255100000.0,32.38506740407881,221.9507186858316,503.7782340862423,2.779058597502402,0.4054954204829309,0.1786500366837857,0.0868467123956031,0.093625304136253,2000-07-26,0.27,bmo,881742857.0,2025-04-24,2000-06-30,0.037037037037037,61.495714285714286,8019882.825396826
2000-03-31,AMGN,USD,318154,2000-04-27,2000-04-27 00:00:00,2000,Q1,771800000.0,34900000.0,736900000.0,0.9547810314,189800000,169700000.0,0.0,169700000.0,50800000.0,410300000.0,445200000.0,0.0,0.0,50800000.0,419700000.0,0.5437937289,326600000.0,0.4231666235,58100000.0,384700000.0,0.4984451931,118500000.0,266200000.0,0.3449080073,0.26,0.25,1023100000,1085700000,https://www.sec.gov/Archives/edgar/data/318154/000089843000001375/0000898430-00-001375-index.html,https://www.sec.gov/Archives/edgar/data/318154/000089843000001375/,0.7543739614895905,0.2601896197830124,0.2876551656729547,0.1972436711953865,1.446192943016323,3.236242791515981,3.236242791515981,3.236242791515981,0.3155116801876649,62797878000.0,62994878000.0,58.97621900826447,81.36548069448044,213.3804892966361,311.1886917740337,18.96643853820598,18.96643853820598,81.62072816791915,150.0950154872528,214.04987427794768,312.16490584737363,0.0042389967380744,0.0032134843792014,0.0974932044699486,0.0756911388843294,0.4693828925422921,2.947310797865061,0.0,1.1055597295266717,0.0,0.0,0.2198756154444156,0.2459186317698885,0.0,0.3143051308188923,0.1198497019953355,1.820866141732284,0.0,4.352680505461698,0.0621929310176671,0.0624193964405468,0.8200811259896393,1422900000.0,3311000000.0,1199900000.0,3018200000.0,335650000.0,96050000.0,210950000.0,30.2137859549106,280.3151862464184,612.7220630372493,2.978772674642995,0.3210671573137074,0.1468855218855219,0.0803986710963455,0.0904114944775681,2000-04-25,0.25,bmo,814100000.0,2025-04-24,2000-03-31,0.0,64.75190476190475,12705137.031746032
1999-12-31,AMGN,USD,318154,2000-03-07,2000-03-07 00:00:00,1999,Q4,889200000.0,63800000.0,825400000.0,0.9282501125,242300000,204300000.0,0.0,204300000.0,48200000.0,494800000.0,558600000.0,0.0,0.0,48200000.0,378800000.0,0.4260008997,330600000.0,0.3717948718,54700000.0,385300000.0,0.4333108412,103700000.0,281600000.0,0.3166891588,0.28,0.26,1023100000,1085700000,https://www.sec.gov/Archives/edgar/data/318154/000089843000000676/0000898430-00-000676-index.html,https://www.sec.gov/Archives/edgar/data/318154/000089843000000676/,0.8691232528589581,0.2752419118365751,0.1869807447952302,0.0961782816928941,1.3029029420389011,2.95523409246408,2.95523409246408,2.95523409246408,0.315218453719089,61447386000.0,61638986000.0,54.55201171875001,69.10412280701755,321.2095452169368,624.4653048780488,20.323263105672236,20.323263105672236,69.31959739091317,162.72171594508976,322.2111134343962,626.4124593495935,0.0045827824148613,0.0016013699915566,0.1066644617165536,0.0790906415538552,0.5058078141499472,2.4850198532065937,0.0,0.6793323863636364,0.0,0.0,0.2297570850202429,0.2724921277552856,0.0,0.4856246732880293,0.1044759334233018,1.9273858921161824,0.0,4.2780365045806805,0.0722121963013427,0.0690602315087306,0.66484214641775,1234200000.0,3023500000.0,1011200000.0,2787800000.0,356300000.0,92100000.0,165600000.0,41.72064777327935,117.6489028213166,259.9843260188088,2.1572052401746724,0.7649880095923262,0.3461747151383613,0.093137092773276,0.090802463102336,2000-01-25,0.25,bmo,853632000.0,2025-04-24,1999-12-31,0.04,45.483125,9074949.28125
1999-09-30,AMGN,USD,318154,1999-11-10,1999-11-10 00:00:00,1999,Q3,812800000.0,59500000.0,753300000.0,0.9267962598,198400000,159900000.0,0.0,159900000.0,39400000.0,397700000.0,457200000.0,0.0,0.0,39400000.0,395000000.0,0.4859744094,355600000.0,0.4375,97200000.0,452800000.0,0.5570866142,152800000.0,300000000.0,0.3690944882,0.29,0.28,1021500000,1078800000,https://www.sec.gov/Archives/edgar/data/318154/000089843099004154/0000898430-99-004154-index.html,https://www.sec.gov/Archives/edgar/data/318154/000089843099004154/,0.7956926089084679,0.2936857562408223,0.3121879588839941,0.2492413117963778,1.4919236417033774,2.932452276064611,2.932452276064611,2.932452276064611,0.3159079784630445,41626125000.0,41760525000.0,34.6884375,51.21324434055118,130.53033866415802,163.4961704634721,13.89621932899349,13.89621932899349,51.37859867125984,105.72284810126582,130.95178739416744,164.02405734485467,0.0072070124230876,0.006116351209727,0.1077282590552495,0.0799395560840269,0.340253164556962,2.598557986068679,0.0,1.063,0.0,0.0,0.1967273622047244,0.2440944881889764,0.0,0.2016306052053935,0.0791092519685039,1.631979695431472,0.0,4.401981138937729,0.0710025636531194,0.0743162901307966,0.765002447381302,1308100000.0,2995500000.0,1085100000.0,2817000000.0,332000000.0,122400000.0,134350000.0,33.26279527559055,152.47058823529412,222.2016806722689,2.705725699067909,0.5902777777777778,0.4050374404356705,0.100150225338007,0.0629466470876162,1999-10-20,0.24,bmo,726171428.0,2025-04-24,1999-09-30,0.1666666666666668,39.1003125,9558984.90625
1999-06-30,AMGN,USD,318154,1999-08-03,1999-08-03 00:00:00,1999,Q2,786900000.0,54000000.0,732900000.0,0.9313762867,194100000,157200000.0,0.0,157200000.0,44800000.0,396100000.0,450100000.0,0.0,0.0,44800000.0,381600000.0,0.4849409074,336800000.0,0.4280086415,45600000.0,382400000.0,0.485957555,114800000.0,267600000.0,0.3400686237,0.26,0.25,1021100000,1073800000,https://www.sec.gov/Archives/edgar/data/318154/000089843099003073/0000898430-99-003073-index.html,https://www.sec.gov/Archives/edgar/data/318154/000089843099003073/,0.7706395064146508,0.2620703163255313,0.3568700421114484,0.2876309861913622,0.1954754676329448,2.727842522769562,2.727842522769562,2.727842522769562,0.218391930271276,31082284000.0,31105684000.0,29.03800822122571,39.499661964671496,85.29715697036224,105.83004426285324,11.159001938680262,11.159001938680262,39.52939890710383,81.51384696016771,85.36137211855105,105.90971739870616,0.0086094059239662,0.0094491125555638,0.0800603144970201,0.0573323735088441,0.0613207547169811,2.281888334089877,0.0,1.3617339312406578,0.0,0.0,0.199771254288982,0.2466641250476553,0.0,0.1940175631174533,0.0898462320498157,1.578125,0.0,4.010604373238556,0.0783438172280793,0.0687988482106129,-0.559200861815689,1129600000.0,2785400000.0,906600000.0,2613600000.0,366600000.0,119550000.0,119500000.0,41.58597026305756,240.0,203.0,2.1641914191419143,0.375,0.4433497536945813,0.0960723773964242,0.0692390559200861,1999-07-12,0.23,bmo,754860000.0,2025-04-24,1999-06-30,0.0869565217391303,31.52031746031746,10702734.095238095
1999-03-31,AMGN,USD,318154,1999-05-05,1999-05-05 00:00:00,1999,Q1,715300000.0,48000000.0,667300000.0,0.9328952887,188000000,132900000.0,0.0,132900000.0,44400000.0,365300000.0,413300000.0,0.0,0.0,44400000.0,346400000.0,0.4842723333,302000000.0,0.4222004753,43700000.0,345700000.0,0.4832937229,98500000.0,247200000.0,0.3455892632,0.24,0.23,1030000000,1074782609,https://www.sec.gov/Archives/edgar/data/318154/000089843099001869/0000898430-99-001869-index.html,https://www.sec.gov/Archives/edgar/data/318154/,0.6944660194174758,0.24,0.1948543689320388,0.1207766990291262,0.1107766990291262,2.663495145631068,2.663495145631068,2.663495145631068,0.3134951456310679,38563200000.0,38772000000.0,39.0,53.9119250664057,192.1434977578475,309.9935691318328,14.056717941240796,14.056717941240796,54.20383056060394,111.9284064665127,193.18385650224212,311.67202572347264,0.0064102564102564,0.0032258733715044,0.1177006634103667,0.0845664300866878,0.6027713625866051,2.3159995304613217,0.0,0.8118932038834952,0.0,0.0,0.185796169439396,0.2628267859639312,0.0,0.3801694070752366,0.1066685306864252,1.7184684684684686,0.0,3.792475944077664,0.0704273564069188,0.0647408532593038,-0.6067961165048543,1121100000.0,2743400000.0,898100000.0,2603200000.0,344750000.0,108350000.0,114000000.0,46.50356493778834,178.3125,219.75,1.9353354978354973,0.5047318611987381,0.409556313993174,0.0901071662900051,0.0740776699029126,1999-04-20,0.22,bmo,713086956.0,2025-04-24,1999-03-31,0.0454545454545455,31.992459016393443,9300570.721311476
1998-12-31,AMGN,USD,318154,1999-03-16,1999-03-16 00:00:00,1998,Q4,731600000.0,59500000.0,672100000.0,0.9186714051,192400000,146100000.0,0.0,146100000.0,35600000.0,374100000.0,433600000.0,0.0,0.0,35600000.0,333600000.0,0.4559868781,298000000.0,0.4073264079,27700000.0,325700000.0,0.4451886277,87100000.0,238600000.0,0.3261344997,0.23,0.22,1030000000,1074782609,https://www.sec.gov/Archives/edgar/data/318154/000089843099000950/0000898430-99-000950-index.html,https://www.sec.gov/Archives/edgar/data/318154/,0.7102912621359223,0.2316504854368932,0.2718446601941747,0.1866019417475728,0.1952427184466019,2.4875728155339805,2.4875728155339805,2.4875728155339805,0.319126213592233,26924200000.0,27051800000.0,28.210603520536463,36.80180426462548,96.15785714285715,140.08428720083248,10.508235110451956,10.508235110451956,36.976216511755055,81.09052757793765,96.61357142857145,140.74817898022891,0.0088619160457878,0.0071385593629522,0.1282881898368589,0.0895103752518926,0.3824940047961631,2.100676437429538,0.0,1.173512154233026,0.0,0.0,0.1996992892290869,0.2629852378348824,0.0,0.3135714285714285,0.1200109349371241,2.466292134831461,0.0,3.6007731990860625,0.0755154606081678,0.0649746745819944,-0.5957038834951456,976300000.0,2562200000.0,753300000.0,2426500000.0,308100000.0,104450000.0,109950000.0,39.353471842536905,183.9327731092437,167.5966386554622,2.2869646764613942,0.4893092105263157,0.5370036101083032,0.0931230973382249,0.0852427184466019,1999-01-28,0.21,bmo,661923809.0,2025-04-24,1998-12-31,0.0952380952380953,20.28109375,14927418.875
1998-09-30,AMGN,USD,318154,1998-11-16,1998-11-16 00:00:00,1998,Q3,680200000.0,51700000.0,628500000.0,0.9239929433,166000000,134200000.0,0.0,134200000.0,35500000.0,335700000.0,387400000.0,0.0,0.0,35500000.0,328300000.0,0.4826521611,292800000.0,0.4304616289,29300000.0,322100000.0,0.4735371949,101100000.0,221000000.0,0.3249044399,0.22,0.21,1004545455,1052380952,https://www.sec.gov/Archives/edgar/data/318154/000089843098004039/0000898430-98-004039-index.html,https://www.sec.gov/Archives/edgar/data/318154/,0.6771221716393112,0.2199999999004525,0.2453846152735816,0.1617647058091562,0.1036289592291271,2.3353846143278805,2.3353846143278805,2.3353846143278805,0.3271131220239307,18975863644.95,19200363644.95,21.465909100622177,27.897476690605707,76.98119125740365,116.77454550738462,8.088603429219948,8.088603429219948,28.227526675904148,58.4842023909534,77.89194176450304,118.15608396892308,0.0116463737374511,0.008563510101067,0.1400682011935209,0.0954123112659698,0.6838257691136156,1.938742857142857,0.0,1.1153846153846154,0.0,0.0,0.1972949132608056,0.2440458688620994,0.0,0.3407707910750507,0.1234930902675683,2.3661971830985915,0.0,3.400022622820644,0.0751127704919528,0.0641695702671312,-0.7138800901747149,821400000.0,2346000000.0,598400000.0,2219400000.0,293750000.0,86150000.0,111200000.0,39.2046456924434,151.97292069632493,189.9226305609284,2.2956463044211946,0.5922107674684994,0.4738771769019248,0.0942028985507246,0.0836199094644253,1998-10-27,0.2,bmo,667523809.0,2025-04-24,1998-09-30,0.0499999999999999,17.67515625,11880100.375
1998-06-30,AMGN,USD,318154,1998-08-14,1998-08-14 00:00:00,1998,Q2,641100000.0,47300000.0,593800000.0,0.9262205584,152400000,122000000.0,0.0,122000000.0,36600000.0,311000000.0,358300000.0,0.0,0.0,36600000.0,319400000.0,0.4982062081,282800000.0,0.4411168304,26200000.0,309000000.0,0.4819840898,92700000.0,216300000.0,0.3373888629,0.22,0.21,983181818,1030000000,https://www.sec.gov/Archives/edgar/data/318154/000089843098002980/0000898430-98-002980-index.html,https://www.sec.gov/Archives/edgar/data/318154/,0.6520665743230821,0.2200000000406842,0.2260009246834953,0.1155432270209049,0.1607027277227374,2.2340730471075494,2.2340730471075494,2.2340730471075494,0.3392048081995755,16065190906.12,16240690906.12,18.568181814748037,25.05879099379192,72.30058913645365,141.41893403274648,7.313995404561803,7.313995404561803,25.33253923899548,50.84749814063869,73.09041811935192,142.96382839894366,0.0134638922913515,0.0070711889241679,0.1518324607329843,0.1014664719483996,0.5494677520350657,1.8073331027326185,0.0,1.0272769301895517,0.0,0.0,0.1902979254406488,0.2377164248947122,0.0,0.4887488748874887,0.1693963500233972,2.9672131147540983,0.0,3.32545659800687,0.0782450592885375,0.0658086893026652,-0.6684928341504379,700200000.0,2196500000.0,477200000.0,2049700000.0,290200000.0,99900000.0,115700000.0,40.87973795039776,161.73361522198732,215.5813953488372,2.20157967032967,0.5564705882352942,0.4174757281553398,0.0984748463464602,0.1104576976625904,1998-07-22,0.18,bmo,563057142.0,2025-04-24,1998-06-30,0.1666666666666666,15.124603174603177,10081130.15873016
1998-03-31,AMGN,USD,318154,1998-05-13,1998-05-13 00:00:00,1998,Q1,589400000.0,42900000.0,546500000.0,0.9272141161,152500000,113100000.0,0.0,113100000.0,36100000.0,301700000.0,344600000.0,0.0,0.0,36100000.0,280900000.0,0.476586359,244800000.0,0.4153376315,22800000.0,267600000.0,0.4540210383,80300000.0,187300000.0,0.317780794,0.19,0.18,985789474,1040555556,https://www.sec.gov/Archives/edgar/data/318154/000031815498000005/0000318154-98-000005-index.html,https://www.sec.gov/Archives/edgar/data/318154/,0.5978964226595099,0.189999999939135,0.2970208221152096,0.1677843032030589,0.1061078483376056,2.059161771897759,2.059161771897759,2.059161771897759,0.2627335824038226,15003715794.28,15158115794.28,20.026315795888948,25.45591414027825,51.24219875095629,90.71170371390568,7.391357108369872,7.391357108369872,25.7178754568714,53.96267637693129,51.76952115532787,91.6451982725514,0.0124835742404162,0.0110239358214887,0.127592492240997,0.0840499756612039,0.5496618013527946,1.7113589526003152,0.0,1.5632674853176722,0.0,0.0,0.1918900576857821,0.2587376993552766,0.0,0.4351092896174863,0.2161520190023753,3.5290858725761773,0.0,2.9669709422309785,0.0747368507528022,0.0607820866461139,-0.6807234381161591,586800000.0,2029900000.0,360100000.0,1864300000.0,279100000.0,109350000.0,113650000.0,44.16016287750254,240.83916083916083,247.76223776223776,2.038035961272476,0.3736933797909407,0.3632514817950889,0.0922705551997635,0.1292365189121506,1998-04-22,0.17,bmo,571766666.0,2025-04-24,1998-03-31,0.0588235294117645,13.574262295081969,11448957.704918033
1997-12-31,AMGN,USD,318154,1998-03-24,1998-03-24 00:00:00,1997,Q4,592000000.0,56300000.0,535700000.0,0.9048986486,165100000,126400000.0,0.0,126400000.0,21400000.0,312900000.0,369200000.0,0.0,0.0,21400000.0,244200000.0,0.4125,222800000.0,0.3763513514,21600000.0,244400000.0,0.4128378378,64700000.0,179700000.0,0.3035472973,0.18,0.17,985789474,1040555556,https://www.sec.gov/Archives/edgar/data/318154/000031815498000003/0000318154-98-000003-index.html,https://www.sec.gov/Archives/edgar/data/318154/,0.600533902637309,0.1822904430809534,0.2407207687429618,0.1435397757148297,0.2425467164198996,2.170138814040532,2.170138814040532,2.170138814040532,0.2627335824038226,13337731583.22,13357631583.22,18.55555312078464,22.52995199868243,56.20620136207332,94.25958716056536,6.234624215032955,6.234624215032955,22.563566863547297,54.69955603284193,56.29006145478297,94.4002232029682,0.0134730556600852,0.010609000422382,0.1210676389473192,0.0832743874991961,0.0814905814905814,2.080469065911848,0.0,1.320534223706177,0.0,0.0,0.2135135135135135,0.2788851351351351,0.0,0.4037083860092709,0.1618243243243243,4.476635514018692,0.0,2.9834376537928566,0.0683059529414349,0.0577776348787859,-0.4823037905555887,801600000.0,2139300000.0,572600000.0,1987800000.0,252250000.0,87700000.0,109850000.0,40.89527027027027,166.0923623445826,174.56483126110126,2.200743494423792,0.5418671799807507,0.5155677655677655,0.0839994390688542,0.097180993028132,1998-01-22,0.17,bmo,592000000.0,2025-04-24,1997-12-31,0.0,12.66921875,12076819.125
1997-09-30,AMGN,USD,318154,1997-11-12,1997-11-12 00:00:00,1997,Q3,583600000.0,43700000.0,539900000.0,0.9251199452,172600000,119400000.0,0.0,119400000.0,30600000.0,322600000.0,366300000.0,0.0,257900000.0,30600000.0,247900000.0,0.4247772447,217300000.0,0.3723440713,-129000000.0,88300000.0,0.1513022618,4500000.0,83800000.0,0.143591501,0.08,0.08,1047500000,1047500000,https://www.sec.gov/Archives/edgar/data/318154/000031815497000019/0000318154-97-000019-index.html,https://www.sec.gov/Archives/edgar/data/318154/,0.5571360381861575,0.08,0.1868257756563245,0.0942243436754176,0.2290214797136038,2.1378520286396183,2.1378520286396183,2.1378520286396183,0.3979952267303102,12549050000.0,12468150000.0,37.4375,21.50282727895819,64.12391415431783,127.1433637284701,5.603755470215236,5.603755470215236,21.36420493488691,50.2950786607503,63.71052631578947,126.32370820668692,0.006677796327212,0.0078651372016208,0.0710011610252746,0.0529576338928856,-0.3263412666397741,2.406940063091483,0.8425746413338503,2.335322195704057,0.0,0.0,0.204592186429061,0.2957505140507196,0.0,0.4956566172713337,0.1662097326936257,3.169934640522876,0.0,1.9616660397609256,0.0859847486093031,0.0279110045297095,-0.2780190930787589,892000000.0,2239400000.0,763000000.0,2003800000.0,232150000.0,77050000.0,108050000.0,36.31768334475669,147.25400457665904,227.57437070938212,2.478131634819533,0.6111888111888112,0.3954751131221719,0.0374207376975975,0.0926014319809069,1997-10-22,0.17,bmo,598300000.0,2025-04-24,1997-09-30,0.0,13.35109375,17685638.125
1997-06-30,AMGN,USD,318154,1997-08-12,1997-08-12 00:00:00,1997,Q2,606700000.0,48100000.0,558600000.0,0.9207186418,145400000,125500000.0,0.0,125500000.0,28700000.0,299600000.0,347700000.0,0.0,0.0,28700000.0,287700000.0,0.474204714,259000000.0,0.4268996209,19300000.0,278300000.0,0.4587110598,77800000.0,200500000.0,0.3304763475,0.19,0.18,1055263158,1113888889,https://www.sec.gov/Archives/edgar/data/318154/000031815497000016/0000318154-97-000016-index.html,https://www.sec.gov/Archives/edgar/data/318154/,0.5749276807406556,0.1899999999810473,0.2253466333939804,0.1376907730535969,0.3136658353801829,2.1507431419301004,2.1507431419301004,2.1507431419301004,0.1885785535971492,15332973685.74,15200973685.74,19.11842105453865,25.27274383672325,64.4784427491169,105.5263158,6.755804408591822,6.755804408591822,25.05517337356189,52.83619633555787,63.92335443961312,104.6178505556779,0.0130763936669681,0.0094763092259874,0.0876806485724356,0.0653895442447343,-0.4588112617309697,2.7981635776228533,0.0,1.1860349127182044,0.0,0.0,0.2068567661117521,0.2396571616944124,0.0,0.388982338099243,0.1524641503214109,3.2229965156794425,0.0,3.0322313452034018,0.0740399177235076,0.0658824302566293,-0.2068678304033049,1057500000.0,2269600000.0,871900000.0,2102900000.0,217650000.0,79600000.0,103000000.0,33.9409922531729,154.55301455301455,197.5883575883576,2.651660839160839,0.5823244552058111,0.4554924242424242,0.0883415579837856,0.0876558603403834,1997-07-15,0.18,bmo,620500000.0,2025-04-24,1997-06-30,0.0,15.18671875,10484925.0
1997-03-31,AMGN,USD,318154,1997-05-14,1997-05-14 00:00:00,1997,Q1,563400000.0,35600000.0,527800000.0,0.9368122116,147700000,112500000.0,0.0,112500000.0,36400000.0,296600000.0,332200000.0,0.0,0.0,36400000.0,267600000.0,0.4749733759,231200000.0,0.4103656372,19200000.0,250400000.0,0.4444444444,70100000.0,180300000.0,0.3200212993,0.17,0.17,1060588235,1060588235,https://www.sec.gov/Archives/edgar/data/318154/000031815497000008/0000318154-97-000008-index.html,https://www.sec.gov/Archives/edgar/data/318154/,0.5312146424102093,0.1700000000471436,0.2188408209148199,0.1221963394681631,0.2496727676787778,1.9025291186640405,1.9025291186640405,1.9025291186640405,0.0933444259826246,14816417642.95,14650617642.95,20.54411764136162,26.298220878505504,63.83635348104266,114.32421020794752,7.34285739069779,7.34285739069779,26.003936178470006,54.74819746991779,63.12200621693236,113.0448892202932,0.0121689334321505,0.008747053648401,0.0490633363068688,0.0357001190003966,-0.6195814648729447,2.6669140842456858,0.0,1.2872989462007765,0.0,0.0,0.1996805111821086,0.2621583244586439,0.0,0.4416199913830245,0.1819311324103656,2.815934065934066,0.0,2.6976237470981808,0.0732016005066416,0.0650174894522375,-0.2691195230918246,898300000.0,2017800000.0,681900000.0,1879900000.0,215950000.0,75800000.0,98900000.0,32.98722044728434,193.6516853932584,253.8202247191011,2.728329297820823,0.464751958224543,0.3545816733067729,0.0893547427891763,0.0966444814466568,1997-04-17,0.16,bmo,575500000.0,2025-04-24,1997-03-31,0.0,14.550491803278687,10175259.147540985
1996-12-31,AMGN,USD,318154,1997-03-24,1997-03-24 00:00:00,1996,Q4,582100000.0,54500000.0,527600000.0,0.9063734753,143700000,129000000.0,0.0,129000000.0,20400000.0,293100000.0,347600000.0,0.0,0.0,20400000.0,254900000.0,0.4378972685,234500000.0,0.4028517437,12700000.0,247200000.0,0.4246693008,69200000.0,178000000.0,0.3057893833,0.17,0.17,1060588235,1060588235,https://www.sec.gov/Archives/edgar/data/318154/000031815497000005/0000318154-97-000005-index.html,https://www.sec.gov/Archives/edgar/data/318154/,0.5488463673180384,0.1678313921707796,0.2609872435554596,0.1673599556759179,0.1596283971601853,1.797398780309872,1.797398780309872,1.797398780309872,0.1670770937790008,14413394113.65,14421294113.65,20.24353105849719,24.761027510135715,52.07151052619219,81.20222035859155,7.56092646154855,7.56092646154855,24.774599061415564,56.57628134032954,52.10005098861994,81.24672740084507,0.0123496241479602,0.0123149341924884,0.0929549388868488,0.0640728955741972,0.0309925460965084,2.3372219629802458,0.0,1.5550561797752809,0.0,0.0,0.2216114069747466,0.2468647998625665,0.0,0.3587427745664739,0.1705892458340491,4.867647058823529,0.0,2.6052540453232216,0.0753515007334229,0.0643621637257737,-0.445271769396914,859700000.0,1906300000.0,643300000.0,1770200000.0,216300000.0,58350000.0,94200000.0,34.84968218519155,123.85321100917432,160.84403669724773,2.5825199645075423,0.7266666666666667,0.5595482546201233,0.0933746000104915,0.0936272878795416,1997-01-23,0.16,bmo,582100000.0,2025-04-24,1996-12-31,0.0,14.944375,8856143.75
1996-09-30,AMGN,USD,318154,1996-11-05,1996-11-05 00:00:00,1996,Q3,556400000.0,48100000.0,508300000.0,0.9135514019,130400000,118500000.0,0.0,118500000.0,25000000.0,273900000.0,322000000.0,0.0,0.0,25000000.0,259400000.0,0.4662113587,234400000.0,0.4212796549,14900000.0,249300000.0,0.4480589504,69800000.0,179500000.0,0.3226096334,0.17,0.16,1055882353,1121875000,https://www.sec.gov/Archives/edgar/data/318154/000031815496000013/0000318154-96-000013-index.html,https://www.sec.gov/Archives/edgar/data/318154/,0.5269526462101977,0.1699999999905292,0.1425348189335635,0.071598885789883,0.2149860724114214,1.6742395542242765,1.6742395542242765,1.6742395542242765,0.1678217270101492,16661823530.34,16612023530.34,23.20588235423398,29.945764792127967,110.70979089926912,220.3944911420635,9.42517452785383,9.42517452785383,29.85626083813803,64.04018323184272,110.37889388930232,219.73576098333336,0.0107731305443934,0.0045373184911206,0.1002375834370404,0.0695120037658873,-0.1919814957594448,2.488495575221239,0.0,0.8384401114206128,0.0,0.0,0.2129762760603882,0.2343637670740474,0.0,0.4976744186046511,0.1346153846153846,2.996,0.0,2.530605914509624,0.0802757614776473,0.0704142476070924,-0.3347910863323236,841000000.0,1767800000.0,624600000.0,1672600000.0,203000000.0,47350000.0,91400000.0,33.51545650611072,78.02494802494802,170.27027027027026,2.6853281853281854,1.1534772182254196,0.5285714285714286,0.1015386355922615,0.0709359331436804,1996-10-15,0.15,amc,,2025-04-24,1996-09-30,0.0666666666666667,14.304375,9354656.375
1996-06-30,AMGN,USD,318154,1996-08-12,1996-08-12 00:00:00,1996,Q2,560900000.0,41300000.0,519600000.0,0.9263683366,123600000,116300000.0,0.0,116300000.0,27000000.0,266900000.0,308200000.0,0.0,0.0,27000000.0,264800000.0,0.4720984133,252700000.0,0.4505259405,6100000.0,258800000.0,0.4614013193,80100000.0,178700000.0,0.318595115,0.16,0.16,1116875000,1116875000,https://www.sec.gov/Archives/edgar/data/318154/000031815496000010/0000318154-96-000010-index.html,https://www.sec.gov/Archives/edgar/data/318154/,0.5022048125349748,0.16,0.2703973139339675,0.2254504756575265,0.1917851147174034,1.6302630106323448,1.6302630106323448,1.6302630106323448,0.1586569669837716,15569237500.0,15532237500.0,21.78125,27.75759939383134,51.553766556291386,61.83176131850675,8.550767519771528,8.550767519771528,27.6916339811018,58.65648602719033,51.43125,61.68481930103257,0.0114777618364418,0.0161729179094351,0.0973198594024604,0.0709850578856707,-0.1397280966767371,2.445967042497832,0.0,1.689983212087297,0.0,0.0,0.2073453378498841,0.2203601354965234,0.0,0.1662251655629139,0.089499019433054,1.8592592592592592,0.0,2.4225909349860206,0.0873313228220492,0.0715859472018587,-0.2384331281477336,833600000.0,1820800000.0,734600000.0,1615200000.0,205900000.0,42500000.0,91000000.0,31.89873417721519,115.49636803874093,200.04842615012103,2.821428571428572,0.779245283018868,0.4498910675381263,0.0981436731107205,0.0449468382764409,1996-07-18,0.15,amc,,2025-04-24,1996-06-30,0.0666666666666667,14.336349206349206,9376247.873015871
1996-03-31,AMGN,USD,318154,1996-05-15,1996-05-15 00:00:00,1996,Q1,498700000.0,39000000.0,459700000.0,0.9217966713,130600000,106800000.0,0.0,106800000.0,27900000.0,265300000.0,304300000.0,0.0,0.0,27900000.0,222300000.0,0.4457589733,194400000.0,0.3898135151,12600000.0,207000000.0,0.4150792059,63400000.0,143600000.0,0.2879486665,0.14,0.13,1025714286,1104615385,https://www.sec.gov/Archives/edgar/data/318154/000031815496000007/0000318154-96-000007-index.html,https://www.sec.gov/Archives/edgar/data/318154/,0.4861977714523126,0.1399999999610028,0.0909610027601779,0.0495264623817475,0.0608356545791544,1.7089554312788424,1.7089554312788424,1.7089554312788424,0.172757660119009,14780542861.26,14895342861.26,25.732142864310585,29.638144899258076,158.4195376340836,290.95556813503936,8.432051378435736,8.432051378435736,29.86834341540004,67.0055909188484,159.6499770767417,293.2154106547244,0.009715475361624,0.003436950893945,0.1010896229106052,0.0748690214635795,0.5164192532613585,2.6288599728102544,0.0,0.6497214484679665,0.0,0.0,0.21415680770002,0.2618808903148185,0.0,0.4555198285101822,0.0852215760978544,1.5232974910394266,0.0,2.3201744777125817,0.0698715768275128,0.0606726381612303,-0.337959609933716,838700000.0,1752900000.0,739700000.0,1597100000.0,206150000.0,43200000.0,89500000.0,38.439943854020456,73.84615384615385,208.15384615384616,2.3413145539906104,1.21875,0.4323725055432372,0.0819213874151406,0.0414345403784304,1996-04-17,0.13,amc,,2025-04-24,1996-03-31,0.0,14.928412698412698,9590190.666666666
1995-12-31,AMGN,USD,318154,1996-03-29,1996-03-29 00:00:00,1995,Q4,504300000.0,45900000.0,458400000.0,0.9089827484,124000000,113800000.0,0.0,113800000.0,19900000.0,257700000.0,303600000.0,0.0,0.0,19900000.0,220600000.0,0.4374380329,200700000.0,0.3979773944,12400000.0,213100000.0,0.422565933,67500000.0,145600000.0,0.2887170335,0.14,0.13,1025714286,1104615385,https://www.sec.gov/Archives/edgar/data/318154/000031815496000002/0000318154-96-000002-index.html,https://www.sec.gov/Archives/edgar/data/318154/,0.4916573814786469,0.1419498606846936,0.2193593314152202,0.164860724188061,0.0650278551350897,1.6298885789331787,1.6298885789331787,1.6298885789331787,0.240710306339635,15221600004.24,15401800004.24,26.135989018269232,30.183620869006543,67.6515555744,90.01537554251922,9.104916858619452,9.104916858619452,30.54094785691057,69.81776973816864,68.45244446328888,91.08101717468952,0.0095653544935777,0.0111092132202197,0.1476851298002153,0.1014879973692864,0.8168631006346329,2.4907502569373072,0.0,1.5453296703296704,0.0,0.0,0.2256593297640293,0.2458853856831251,0.0,0.2484444444444444,0.1108467182232798,2.809045226130653,0.0,2.2815905145316075,0.0714690850359463,0.0598487339690891,-0.4878795263264959,870300000.0,1671800000.0,693100000.0,1614100000.0,202300000.0,50800000.0,87300000.0,35.56811421772755,106.66666666666669,174.11764705882354,2.530356246864024,0.84375,0.5168918918918919,0.0870917573872472,0.0544986072271591,1996-01-31,0.13,amc,,2025-04-24,1995-12-31,0.0769230769230769,12.405555555555557,9413904.76190476
1995-09-30,AMGN,USD,318154,1995-11-13,1995-11-13 00:00:00,1995,Q3,484400000.0,42200000.0,442200000.0,0.9128819158,105500000,106700000.0,0.0,106700000.0,21900000.0,234100000.0,276300000.0,0.0,0.0,21900000.0,230000000.0,0.4748142031,208100000.0,0.4296036334,5500000.0,213600000.0,0.440957886,67800000.0,145800000.0,0.3009909166,0.13,0.13,1121538462,1121538462,https://www.sec.gov/Archives/edgar/data/318154/000031815495000030/0000318154-95-000030-index.html,https://www.sec.gov/Archives/edgar/data/318154/,0.4319067213586118,0.129999999946502,0.1690534978728174,0.1228669409645266,0.1292866940483045,1.4041426606018617,1.4041426606018617,1.4041426606018617,0.2467146775390749,13985584621.14,14117284621.14,23.980769240637866,28.87197485784476,73.76363196803798,101.49190581378812,8.880863996151893,8.880863996151893,29.14385759938068,61.37949835278261,74.45825222120254,102.44763876008707,0.0104250200438253,0.0098530024831216,0.1757048514097028,0.1178349373988587,0.5726086956521739,2.381751090238175,0.0,1.300411522633745,0.0,0.0,0.2202725020644095,0.217795210569777,0.0,0.2732067510548523,0.1069364161849711,2.365296803652968,0.0,2.0266023982444787,0.0767193013863645,0.0620901115748232,-0.3847616596496179,823800000.0,1574800000.0,646600000.0,1531700000.0,211800000.0,42650000.0,83050000.0,38.14409578860446,100.66350710900474,182.98578199052133,2.3594739405747687,0.8940677966101694,0.4918414918414918,0.0925831851663703,0.0461865569082908,1995-10-19,0.13,amc,,2025-04-24,1995-09-30,0.0,11.336825396825397,12298095.365079366
1995-06-30,AMGN,USD,318154,1995-08-11,1995-08-11 00:00:00,1995,Q2,484100000.0,53700000.0,430400000.0,0.8890725057,108400000,104400000.0,0.0,104400000.0,22700000.0,235500000.0,289200000.0,0.0,0.0,22700000.0,217600000.0,0.4494939062,194900000.0,0.402602768,10900000.0,205800000.0,0.4251187771,68100000.0,137700000.0,0.2844453625,0.13,0.13,1059230769,1059230769,https://www.sec.gov/Archives/edgar/data/318154/000031815495000022/0000318154-95-000022-index.html,https://www.sec.gov/Archives/edgar/data/318154/,0.4570297749724828,0.1300000000283224,0.1909876543625971,0.1626652142692807,0.1840014524729124,1.3186928107448133,1.3186928107448133,1.3186928107448133,0.2646259986052199,10645269228.45,10730669228.45,19.32692307271242,21.98981455990498,52.62120231562037,61.783338528438776,7.621183582796392,7.621183582796392,22.16622439258418,49.31373726309743,53.043347644340095,62.27898565554266,0.0129353233859027,0.0161855934596299,0.2006729667812142,0.1297625109948613,0.3924632352941176,2.185191547844013,0.0,1.469135802469136,0.0,0.0,0.2156579219169593,0.2239206775459615,0.0,0.148294611962432,0.061970667217517,1.3215859030837005,0.0,1.9639695700974904,0.0777573497775644,0.0637470487477431,-0.3441412491672058,689900000.0,1396800000.0,508700000.0,1367900000.0,203700000.0,35800000.0,86400000.0,40.58458996075191,63.85474860335196,134.5810055865922,2.21759047182776,1.4094488188976375,0.6687422166874222,0.0985824742268041,0.0283224400933164,1995-07-20,0.12,amc,,2025-04-24,1995-06-30,0.0,9.013650793650791,10237079.365079366
1995-03-31,AMGN,USD,318154,1995-05-15,1995-05-15 00:00:00,1995,Q1,431000000.0,46900000.0,384100000.0,0.8911832947,113900000,93400000.0,0.0,93400000.0,19700000.0,227000000.0,273900000.0,0.0,0.0,19700000.0,176800000.0,0.4102088167,157100000.0,0.3645011601,4800000.0,161900000.0,0.375638051,53300000.0,108600000.0,0.2519721578,0.1,0.1,1086000000,1086000000,https://www.sec.gov/Archives/edgar/data/318154/000031815495000013/0000318154-95-000013-index.html,https://www.sec.gov/Archives/edgar/data/318154/,0.3968692449355432,0.1,0.1439226519337016,0.120902394106814,0.1832412523020258,1.2313996316758749,1.2313996316758749,1.2313996316758749,0.2582872928176795,9144120000.0,9225620000.0,21.05,21.216055684454755,58.50364683301344,69.64295506473724,6.837747700590742,6.837747700590742,21.405150812064964,52.18110859728507,59.025079974408186,70.26367098248286,0.01187648456057,0.0143589541694553,0.2097509908023629,0.1366692652504385,0.460972850678733,2.189361303614909,0.0,1.4392265193370166,0.0,0.0,0.2167053364269141,0.2642691415313225,0.0,0.1599488163787588,0.0580046403712296,1.269035532994924,0.0,1.6645267108913326,0.0651379865946258,0.0529136620541804,-0.302048802946593,635000000.0,1337300000.0,453800000.0,1305600000.0,191900000.0,32000000.0,95250000.0,39.48723897911833,64.28571428571428,177.5053304904051,2.2792173453199367,1.4,0.5070270270270271,0.0812084049951394,0.0230202578268876,1995-04-18,0.1,amc,,2025-04-24,1995-03-31,0.0,8.009365079365079,13982234.92063492
1994-12-31,AMGN,USD,318154,1995-03-30,1995-03-30 00:00:00,1994,Q4,434300000.0,41900000.0,392400000.0,0.9035229104,88000000,94700000.0,0.0,94700000.0,19400000.0,202100000.0,244000000.0,0.0,219000000.0,19400000.0,209700000.0,0.482845959,190300000.0,0.4381763758,-111200000.0,79100000.0,0.1821321667,74300000.0,4800000.0,0.011052268,0.0044,0.0044,1086000000,1086000000,https://www.sec.gov/Archives/edgar/data/318154/000031815495000008/0000318154-95-000008-index.html,https://www.sec.gov/Archives/edgar/data/318154/,0.3999079189686924,0.0044198895027624,0.1695211786372007,0.1353591160220994,0.1945672191528545,1.173388581952118,1.173388581952118,1.173388581952118,0.4623388581952118,8014680000.0,8086480000.0,417.43125,18.454248215519225,43.5343834872352,54.521632653061225,6.289476575374716,6.289476575374716,18.61957172461432,38.56213638531235,43.92438891906573,55.010068027210885,0.0005989010166344,0.0183413436344308,0.2221611865337832,0.1419688079835514,0.3423938960419647,2.0797912005965697,0.8689497716894977,38.35416666666666,0.0,0.0,0.2180520377619157,0.2026249136541561,0.0,0.2015209125475285,0.0854248215519226,1.9123711340206184,0.0,0.3416000251913162,0.0074148671072748,0.0024071009477959,-0.2886510128913443,579200000.0,1274300000.0,395800000.0,1244500000.0,190450000.0,26200000.0,92600000.0,40.34768593138384,65.51312649164677,210.50119331742243,2.230611196712891,1.3737704918032787,0.4275510204081633,0.0037667739150906,0.0341620626151012,1995-02-01,0.11,amc,,2025-04-24,1994-12-31,0.0,6.966507936507936,11160419.047619049
1994-09-30,AMGN,USD,318154,1994-11-10,1994-11-10 00:00:00,1994,Q3,418600000.0,40700000.0,377900000.0,0.9027711419,81600000,93800000.0,0.0,93800000.0,18400000.0,193800000.0,234500000.0,0.0,0.0,18200000.0,202500000.0,0.4837553751,184100000.0,0.4397993311,1400000.0,185500000.0,0.4431438127,71500000.0,114000000.0,0.2723363593,0.11,0.11,1036363636,1036363636,https://www.sec.gov/Archives/edgar/data/318154/000031815494000031/0000318154-94-000031-index.html,https://www.sec.gov/Archives/edgar/data/318154/,0.4039122808434779,0.1100000000385964,0.1258245614476577,0.0987105263504247,0.2909210527336565,1.2752280706228871,1.2752280706228871,1.2752280706228871,0.2754824562370114,6902181815.76,6886181815.76,15.136363631052632,16.48872865685619,52.93084214539877,67.47000797419355,5.222595199576271,5.222595199576271,16.45050600993789,34.005836127209875,52.808142758895706,67.31360523714565,0.0165165165223117,0.0148214003529166,0.21602602905569,0.1508586525759577,-0.0790123456790123,2.9088311688311688,0.0,1.143859649122807,0.0,0.0,0.2240802675585284,0.1949354992833253,0.0,0.2154907975460122,0.0671285236502627,1.543956043956044,0.0,1.7765667665188043,0.0703998647511103,0.0602377807133421,-0.0831271930116235,734900000.0,1321600000.0,549000000.0,1360400000.0,183250000.0,19450000.0,83450000.0,40.03344481605351,48.42751842751842,192.8255528255528,2.2481203007518795,1.8584474885844748,0.466743119266055,0.0862590799031477,0.0271140350972329,1994-10-18,0.1,amc,,2025-04-24,1994-09-30,0.0,6.4125,11483137.5
1994-06-30,AMGN,USD,318154,1994-08-10,1994-08-10 00:00:00,1994,Q2,407400000.0,45300000.0,362100000.0,0.8888070692,80200000,89800000.0,0.0,89800000.0,19100000.0,189100000.0,234400000.0,0.0,0.0,19100000.0,192100000.0,0.471526755,173000000.0,0.4246440844,-300000.0,172700000.0,0.4239077074,65200000.0,107500000.0,0.263868434,0.1,0.1,1075000000,1075000000,https://www.sec.gov/Archives/edgar/data/318154/000031815494000020/0000318154-94-000020-index.html,https://www.sec.gov/Archives/edgar/data/318154/,0.3789767441860465,0.1,0.0936744186046511,0.0670697674418604,0.234046511627907,1.1693953488372093,1.1693953488372093,1.1693953488372093,0.2656744186046512,5762000000.0,5796000000.0,13.4,14.143348060873834,57.219463753723936,79.91678224687934,4.58356534881871,4.58356534881871,14.22680412371134,30.17178552837064,57.557100297914594,80.3883495145631,0.0186567164179104,0.0125130163137799,0.2271895632805664,0.1565274580730023,0.1769911504424778,2.7811844863731654,0.0,0.9376163873370578,0.0,0.0,0.2204221894943544,0.1968581246931762,0.0,0.2840119165839126,0.0702012763868434,1.4973821989528795,0.0,1.6220787696297985,0.0698040707924941,0.0589170229091307,-0.131,679700000.0,1257100000.0,493800000.0,1295400000.0,175700000.0,18850000.0,80800000.0,39.83063328424153,33.77483443708609,158.34437086092717,2.259567387687188,2.664705882352941,0.5683814303638645,0.0855142788958714,0.0266046511627906,1994-07-18,0.09,amc,,2025-04-24,1994-06-30,0.1111111111111112,5.342903225806452,9250374.193548389
1994-03-31,AMGN,USD,318154,1994-05-12,1994-05-12 00:00:00,1994,Q1,359700000.0,35500000.0,324200000.0,0.9013066444,73700000,81500000.0,0.0,81500000.0,17800000.0,173000000.0,208500000.0,0.0,0.0,17800000.0,169000000.0,0.4698359744,151200000.0,0.4203502919,0.0,151200000.0,0.4203502919,57700000.0,93500000.0,0.2599388379,0.09,0.09,1130968000,1130968000,https://www.sec.gov/Archives/edgar/data/318154/000031815494000007/0000318154-94-000007-index.html,https://www.sec.gov/Archives/edgar/data/318154/,0.3180461339312871,0.0826725424592031,0.1031859433688663,0.0704706057112137,0.1305960911360887,1.0618337565695934,1.0618337565695934,1.0618337565695934,0.2504049628283028,5406027040.0,5541527040.0,14.454617754010696,15.029266166249652,46.32413916023994,67.82969937264743,4.501646298609376,4.501646298609376,15.405968974145122,32.790100828402366,47.485235989717225,69.52982484316186,0.0172955109747286,0.0147428045420949,0.2358231326505121,0.1570889727091191,0.8017751479289941,2.5384799235181643,0.0,1.2481283422459892,0.0,0.0,0.2265777036419238,0.2048929663608562,0.0,0.3170522707797772,0.1028634973589102,2.0786516853932584,0.0,1.4054007141395062,0.0629969006872389,0.05186376747282,-0.2519302049218015,643700000.0,1200900000.0,460200000.0,1249800000.0,167700000.0,21900000.0,78300000.0,42.810675562969145,52.47887323943662,207.6338028169014,2.1022793687901813,1.714975845410628,0.4334554334554334,0.0778582729619452,0.0327153376576525,1994-04-21,0.08,amc,,2025-04-24,1994-03-31,0.0,5.471428571428572,12547326.984126983
1993-12-31,AMGN,USD,318154,1993-12-31,1993-12-31 00:00:00,1993,Q4,359800000.0,45000000.0,314800000.0,0.874930517,0,0.0,0.0,164700000.0,12200000.0,176900000.0,221900000.0,0.0,0.0,12200000.0,150100000.0,0.417176209,137900000.0,0.3832684825,9600000.0,147500000.0,0.4099499722,56400000.0,91100000.0,0.2531962201,0.081,0.081,1130968000,1130968000,,,0.3181345537627943,0.080550466503031,0.1662292832334778,0.1270592978758019,0.1136194834867122,1.0362804252640216,1.0362804252640216,1.0362804252640216,0.257301709685862,7000691920.0,7163191920.0,19.211558507135017,19.45717598665925,37.23772297872341,48.71741071677105,5.97328662116041,5.97328662116041,19.90881578654808,47.72279760159893,38.10208468085106,49.84823883089771,0.0130129994350615,0.0205265424678193,0.2482935153583617,0.1648258283772302,1.0826115922718187,2.557603686635945,0.0,2.063666300768386,0.0,0.0,0.0,0.0,0.0,0.2356382978723404,0.1231239577543079,3.6311475409836063,0.0,1.3704523387797796,0.0582165274511394,0.0516001132823562,-0.2691720720656995,642200000.0,1172000000.0,461000000.0,1229100000.0,185100000.0,22100000.0,74250000.0,41.09783212896053,46.2,149.4,2.189896530736457,1.948051948051948,0.6024096385542169,0.0777303754266211,0.0391699853576759,1994-02-01,0.08,amc,,2025-04-24,1993-12-31,0.0,5.61140625,11809362.5
1993-09-30,AMGN,USD,318154,1993-09-30,1993-09-30 00:00:00,1993,Q3,349600000.0,44500000.0,305100000.0,0.8727116705,0,142500000.0,0.0,142500000.0,13800000.0,156300000.0,200800000.0,0.0,0.0,13800000.0,162600000.0,0.4651029748,148800000.0,0.4256292906,1600000.0,150400000.0,0.4302059497,47700000.0,102700000.0,0.2937643021,0.09,0.09,1141111111,1141111111,,,0.3063680623472608,0.0900000000087633,0.1268938656403986,0.0927166504471973,0.1428432327305592,0.9598539436182916,0.9598539436182916,0.9598539436182916,0.230740019496664,5511566666.13,5611866666.13,13.416666665360273,15.765350875657894,38.06330570531768,52.09420289347826,5.032015581238017,5.032015581238017,16.05225018915904,34.5133251299508,38.75598526332873,53.042218016351605,0.0186335403744851,0.0191959938814073,0.2403907605222313,0.1628122681177343,0.6168511685116851,2.7748091603053435,0.0,1.4099318403115872,0.0,0.0,0.4076086956521739,0.0,0.0,0.2693370165745856,0.1115560640732265,2.8260869565217392,0.0,1.394167936805427,0.0747938511656316,0.0635048231511254,-0.146852482974377,604500000.0,1095300000.0,423200000.0,1157600000.0,226300000.0,23950000.0,72900000.0,53.00629290617849,42.674157303370784,149.25842696629215,1.6979116075764935,2.109004739336493,0.6029810298102981,0.093764265498037,0.0341772151932012,1993-10-22,0.08,amc,,2025-04-24,1993-09-30,0.0,4.50125,10667725.125
1993-06-30,AMGN,USD,318154,1993-06-30,1993-06-30 00:00:00,1993,Q2,339200000.0,40900000.0,298300000.0,0.8794221698,0,145900000.0,0.0,145900000.0,12700000.0,158600000.0,199500000.0,0.0,0.0,12700000.0,152400000.0,0.4492924528,139700000.0,0.4118514151,22300000.0,162000000.0,0.4775943396,61800000.0,100200000.0,0.2954009434,0.09,0.09,1113333333,1113333333,,,0.3046706587738534,0.0900000000269461,0.0951197605075208,0.0418562874376815,0.122425149737253,0.9261377248281848,0.9261377248281848,0.9261377248281848,0.1764970060408673,5076799998.48,5136999998.48,12.66666666287425,14.966981127594336,47.93956561359773,108.94420597596566,4.923673745010183,4.923673745010183,15.144457542688675,33.70734907139107,48.508026425684605,110.2360514695279,0.0197368421111723,0.0091790104030003,0.1905731742798952,0.1315701372614663,0.39501312335958,2.764991896272285,0.0,1.0568862275449102,0.0,0.0,0.430129716981132,0.0,0.0,0.5599622285174694,0.1748231132075471,4.669291338582677,0.0,1.3694629945122945,0.0703869640249568,0.0670907264814194,-0.0943787425432271,544500000.0,1031100000.0,390600000.0,1072400000.0,220450000.0,24950000.0,68350000.0,65.45695754716981,58.97310513447433,158.4352078239609,1.3749493311714631,1.5261194029850746,0.5680555555555555,0.0971777713121908,0.0532634730698393,1993-07-26,0.07,amc,,2025-04-24,1993-06-30,0.1428571428571427,4.69015873015873,14350984.126984129
1993-03-31,AMGN,USD,318154,1993-03-31,1993-03-31 00:00:00,1993,Q1,306400000.0,38900000.0,267500000.0,0.8730417755,0,130600000.0,0.0,130600000.0,12000000.0,142600000.0,181500000.0,0.0,0.0,12000000.0,136900000.0,0.4468015666,124900000.0,0.4076370757,7600000.0,132500000.0,0.4324412533,51900000.0,89300000.0,0.2914490862,0.08,0.08,1116250000,1116250000,,,0.2744904815229563,0.08,-0.0051063829787234,-0.0653975363941769,0.0197088465845464,0.8735498320268757,0.8735498320268757,0.8735498320268757,0.1177155655095184,5268700000.0,5378100000.0,14.749999999999998,17.195496083550914,-924.3333333333334,-72.17397260273972,5.403240693262229,5.403240693262229,17.552545691906005,39.28487947406866,-943.5263157894736,-73.67260273972603,0.0169491525423728,-0.0138554102530035,0.134755409701569,0.0971749741162549,0.7991234477720964,3.0864297253634896,0.0,-0.0707196029776675,0.0,0.0,0.4262402088772846,0.0,0.0,-11.807017543859647,0.2196475195822454,5.608333333333333,0.0,1.2539496391994285,0.0686579664380782,0.066040526549327,-0.1586562150055991,516600000.0,975100000.0,387100000.0,997800000.0,175100000.0,30550000.0,60750000.0,57.04308093994778,53.444730077120816,149.69151670951155,1.5777548918640576,1.683982683982684,0.6012364760432767,0.0915803507332581,0.0602911534154535,1993-04-22,0.07,amc,,2025-04-24,1993-03-31,0.0,6.248064516129032,26749549.80645161
1992-12-31,AMGN,USD,318154,1992-12-31,1992-12-31 00:00:00,1992,Q4,304000000.0,47600000.0,256400000.0,0.8434210526,0,0.0,0.0,52000000.0,6300000.0,58300000.0,105900000.0,0.0,0.0,6300000.0,204400000.0,0.6723684211,198100000.0,0.6516447368,10600000.0,208700000.0,0.6865131579,74900000.0,133800000.0,0.4401315789,0.12,0.12,1080509338,1116250000,,,0.2813487947847795,0.1238304892835641,0.0803324848267068,0.0196203764784122,0.0851450300006569,0.8641295055610153,0.8641295055610153,0.8641295055610153,0.1220720593161592,9540897454.54,9580797454.54,17.826788965881914,31.384531100460528,109.91817343940092,450.0423327613208,10.218375767955449,10.218375767955449,31.51578110046053,46.87278598111546,110.37785085875576,451.9244082330189,0.0140238379709585,0.0022220131912131,0.141265931241298,0.0959761333042276,0.1952054794520548,2.810106211779852,0.0,0.648729446935725,0.0,0.0,0.0,0.0,0.0,0.7557603686635944,0.2157894736842105,10.412698412698411,0.0,1.551652518528121,0.1191856386813262,0.0973586553154333,-0.1880594575666684,562400000.0,933700000.0,432500000.0,988400000.0,154200000.0,30950000.0,54050000.0,46.18421052631579,71.84873949579833,107.39495798319328,1.948717948717949,1.2526315789473683,0.8380281690140845,0.1433008460961765,0.0607121083482945,1992-12-31,,amc,,2025-04-24,1992-12-31,,8.63828125,10025700.0
1992-09-30,AMGN,USD,318154,1992-09-30,1992-09-30 00:00:00,1992,Q3,299900000.0,41400000.0,258500000.0,0.8619539847,0,130400000.0,0.0,130400000.0,9400000.0,139800000.0,181200000.0,0.0,0.0,9500000.0,128200000.0,0.4274758253,118700000.0,0.3957985995,26100000.0,144800000.0,0.4828276092,55900000.0,88900000.0,0.296432144,0.08,0.08,1111250000,1111250000,,,0.2698762654668166,0.08,0.0557030371203599,0.009808773903262,0.0575928008998875,0.7032620922384701,0.7032620922384701,0.7032620922384701,0.1170753655793025,8712200000.0,8778300000.0,24.5,29.05035011670557,140.74636510500807,799.2844036697247,11.14804862444018,11.14804862444018,29.270756918972992,68.47347893915757,141.81421647819062,805.348623853211,0.010204081632653,0.001251119120314,0.1664747280870121,0.1038556717490221,0.515600624024961,2.397667638483965,0.0,0.6962879640044994,0.0,0.0,0.434811603867956,0.0,0.0,0.8239095315024233,0.1700566855618539,5.368421052631579,0.0,1.125109668445368,0.0799428453159886,0.070966711902291,-0.2404949381327334,479400000.0,781500000.0,351200000.0,852000000.0,135050000.0,24200000.0,49400000.0,45.735245081693904,51.95652173913044,111.52173913043478,1.9678477690288712,1.7322175732217573,0.8070175438596491,0.1137555982085732,0.0458942632170978,1993-02-05,0.07,amc,,2025-04-24,1992-09-30,0.0,8.07265625,8062237.5
1992-06-30,AMGN,USD,318154,1992-06-30,1992-06-30 00:00:00,1992,Q2,257600000.0,32600000.0,225000000.0,0.873447205,0,116600000.0,0.0,116600000.0,11500000.0,128100000.0,160700000.0,0.0,0.0,11400000.0,108400000.0,0.4208074534,96900000.0,0.3761645963,16600000.0,113500000.0,0.4406055901,41900000.0,71600000.0,0.2779503106,0.07,0.07,1022857143,1022857143,,,0.2518435753838207,0.0699999999902234,0.0787011173074439,0.0265921787672357,0.0711731843476015,0.6759497205759847,0.6759497205759847,0.6759497205759847,0.0971787709361482,7783942858.23,7810542858.23,27.17857143236732,30.217169480706524,96.69494233826089,286.17436978786765,11.258233812886896,11.258233812886896,30.320430350271742,72.05297839695572,97.02537712086958,287.15231096433826,0.0091984231261791,0.0034943730311742,0.1437662713335261,0.0885050307185468,0.2453874538745387,2.2196289646918013,0.0,1.122733612273361,0.0,0.0,0.452639751552795,0.0,0.0,0.662111801242236,0.2069099378881987,4.675438596491228,0.0,1.0318046373991958,0.0772892979224582,0.063752114682575,-0.2413582401897544,407600000.0,691400000.0,310100000.0,738700000.0,107150000.0,24600000.0,46250000.0,41.12189440993789,67.63803680981594,131.13496932515338,2.1886151231945625,1.3306122448979592,0.6863157894736842,0.103557998264391,0.0521089385402082,1992-06-30,,amc,,2025-04-24,1992-06-30,,7.128095238095238,11310869.84126984
1992-03-31,AMGN,USD,318154,1992-03-31,1992-03-31 00:00:00,1992,Q1,218800000.0,29600000.0,189200000.0,0.8647166362,0,98400000.0,0.0,98400000.0,6400000.0,104800000.0,134400000.0,0.0,0.0,6400000.0,90800000.0,0.4149908592,84400000.0,0.3857404022,11600000.0,96000000.0,0.4387568556,32800000.0,63200000.0,0.2888482633,0.06,0.06,1053333333,1053333333,,,0.2077215190530764,0.0600000000189873,0.0603797468545505,0.0130063291180399,0.1330063291560146,0.5831962027162013,0.5831962027162013,0.5831962027162013,0.0946518987641303,8226533330.73,8186133330.73,32.54166665636867,37.59841558834552,129.34800834481132,600.4768854547445,13.39171956817516,13.39171956817516,37.41377207829068,90.15565342213657,128.71278821902516,597.5279803452554,0.0076824583891148,0.0016653430368809,0.1622985511964838,0.0976876347246717,-0.4449339207048458,2.237029831387808,0.0,1.0063291139240509,0.0,0.0,0.449725776965265,0.0,0.0,0.7845911949685535,0.2280621572212065,7.796875,0.0,0.8873076546024057,0.0778197945845004,0.0619243582206545,-0.1625791139754997,381500000.0,614300000.0,283600000.0,670800000.0,92400000.0,27100000.0,42600000.0,39.73491773308958,75.10135135135135,136.82432432432432,2.2650103519668736,1.1983805668016194,0.6577777777777778,0.1028813283412013,0.0473734177365105,1992-03-31,,amc,,2025-04-24,1992-03-31,,8.399682539682539,12151720.634920634
1991-12-31,AMGN,USD,318154,1991-12-31,1991-12-31 00:00:00,1991,Q4,209600000.0,27400000.0,182200000.0,0.8692748092,0,0.0,0.0,95900000.0,4400000.0,100300000.0,127700000.0,0.0,0.0,4400000.0,86300000.0,0.4117366412,81900000.0,0.3907442748,10200000.0,92100000.0,0.4394083969,32100000.0,60000000.0,0.286259542,0.057,0.057,1053333333,1053333333,,,0.1989873418351225,0.0569620253344816,0.0597151898923149,0.0188924050692697,0.139082278525026,0.5042088609190535,0.5042088609190535,0.5042088609190535,0.0393987341896831,9975066663.51,9870066663.51,41.56277776462501,47.59096690605916,158.58611547710657,501.2596313321608,18.78189919696856,18.78189919696856,47.09001270758588,114.369254501854,156.9167991019078,495.9832494226131,0.0060149973954046,0.0019949741361425,0.0781397100357748,0.047949162333911,-1.216685979142526,2.000678656260604,0.0,1.0483333333333331,0.0,0.0,0.0,0.0,0.0,0.6836248012718601,0.2051526717557251,9.772727272727272,0.0,0.8038762671983035,0.0931803158573783,0.0693240901213171,-0.096503164587501,294900000.0,531100000.0,255200000.0,540600000.0,80100000.0,20650000.0,40200000.0,37.87213740458015,96.89781021897812,132.04379562043795,2.376417233560091,0.928813559322034,0.681592039800995,0.1129730747505178,0.0408227848230451,1991-12-31,,amc,,2025-04-24,1991-12-31,,7.380625,12065662.5
1991-09-30,AMGN,USD,318154,1991-09-30,1991-09-30 00:00:00,1991,Q3,177900000.0,25500000.0,152400000.0,0.8566610455,0,0.0,0.0,82200000.0,6500000.0,88700000.0,114200000.0,0.0,0.0,6500000.0,70200000.0,0.3946037099,63700000.0,0.3580663294,12500000.0,76200000.0,0.4283305228,26800000.0,49400000.0,0.2776840922,0.05,0.05,988000000,988000000,,,0.1800607287449392,0.05,0.0810728744939271,0.0559716599190283,0.1084008097165991,0.4328947368421053,0.4328947368421053,0.4328947368421053,0.0138663967611336,6827080000.0,6733680000.0,34.55,38.37594154019112,85.23196004993758,123.45533453887884,15.962310030395136,15.962310030395136,37.85092748735244,95.92136752136751,84.06591760299625,121.76636528028934,0.0072358900144717,0.0081000955020301,0.0320317979892448,0.0187517109225294,-1.3304843304843306,1.7153661051907871,0.0,1.6214574898785423,0.0,0.0,0.0,0.0,0.0,0.3096129837702871,0.1394041596402473,3.815384615384616,0.0,0.6978585665787649,0.0935576018561794,0.0676156583629893,-0.1231781376518218,208100000.0,427700000.0,196100000.0,415200000.0,78750000.0,13200000.0,37700000.0,36.42495784148398,41.64705882352941,141.8823529411765,2.470833333333333,2.1610169491525424,0.6343283582089553,0.1155015197568389,0.0251012145748987,1991-09-30,,amc,,2025-04-24,1991-09-30,,6.17859375,11714659.375
1991-06-30,AMGN,USD,318154,1991-06-30,1991-06-30 00:00:00,1991,Q2,152800000.0,21500000.0,131300000.0,0.8592931937,0,0.0,0.0,200100000.0,5400000.0,205500000.0,227000000.0,0.0,0.0,5400000.0,-68800000.0,-0.4502617801,-74200000.0,-0.4856020942,7000000.0,-67200000.0,-0.4397905759,-18800000.0,-48400000.0,-0.3167539267,-0.05,-0.05,968000000,968000000,,,0.1578512396694215,-0.05,,,0.0802685950413223,0.3799586776859504,0.3799586776859504,0.3799586776859504,0.0145661157024793,4714160000.0,4650560000.0,-24.35,30.851832460732982,0.0,0.0,12.817183251767265,12.817183251767265,30.43560209424084,-67.5953488372093,0.0,0.0,-0.0102669404517453,,0.0383360522022838,0.021860465116279,0.9244186046511628,1.6508116270290676,0.0,0.0,,,0.0,0.0,0.0,0.0,,0.0,,,-0.1399362834948066,-0.0750387596899224,-0.121668388429752,172400000.0,367800000.0,160100000.0,361300000.0,87700000.0,17250000.0,35550000.0,50.359947643979055,61.11627906976744,147.34883720930233,1.787134502923977,1.4726027397260273,0.6107954545454546,-0.1315932572050027,,1991-06-30,,amc,,2025-04-24,1991-06-30,,5.195,14611020.75
1991-03-31,AMGN,USD,318154,1991-03-31,1991-03-31 00:00:00,1991,Q1,139500000.0,16800000.0,122700000.0,0.8795698925,0,0.0,0.0,65500000.0,5300000.0,70800000.0,87600000.0,0.0,0.0,5300000.0,57200000.0,0.4100358423,51900000.0,0.3720430108,4900000.0,56800000.0,0.4071684588,20000000.0,36800000.0,0.2637992832,0.038,0.038,968000000,968000000,,,0.1441115702479339,0.0380165289256198,-0.0127066115702479,-0.0344008264462809,0.0368801652892562,0.4111570247933884,0.4111570247933884,0.4111570247933884,0.0149793388429752,5188480000.0,5167280000.0,35.24782608695653,37.19340501792114,-421.8276422764228,-155.81021021021022,13.03638190954774,13.03638190954774,37.04143369175628,90.33706293706294,-420.1040650406504,-155.17357357357358,0.0070926359935857,-0.0064180646355001,0.0364321608040201,0.0282101167315175,-0.3706293706293706,3.1676356589147288,0.0,-0.3342391304347826,0.0,0.0,0.0,0.0,0.0,-1.7073170731707317,0.1505376344086021,3.962264150943396,0.0,0.5930363950346277,0.0815160051216389,0.0715953307392996,0.0052427685950413,223700000.0,398000000.0,210900000.0,389400000.0,68150000.0,13650000.0,34950000.0,58.0,106.60714285714286,192.32142857142856,1.5517241379310345,0.8442211055276382,0.467966573816156,0.0924623115577889,0.021694214876033,1991-03-31,,amc,,2025-04-24,1991-03-31,,3.745573770491803,25991352.13114754
1990-12-31,AMGN,USD,318154,1990-12-31,1990-12-31 00:00:00,1990,Q4,91200000.0,13400000.0,77800000.0,0.8530701754,0,0.0,0.0,102800000.0,4800000.0,107600000.0,121000000.0,0.0,0.0,4800000.0,-25000000.0,-0.274122807,-29800000.0,-0.326754386,6300000.0,-23500000.0,-0.2576754386,4500000.0,-28000000.0,-0.3070175439,-0.03,-0.03,933333333,933333333,,,0.0977142857491836,-0.0300000000107142,-0.0370714285846683,-0.0488571428745918,0.0591428571639795,0.3188571429710204,0.3188571429710204,0.3188571429710204,0.0695357143105484,2417333332.47,2427033332.47,-21.583333325625,26.50584794375,-69.86512521589596,-53.0116958875,8.122759853729837,8.122759853729837,26.612207592872803,-97.0813332988,-70.1454720367052,-53.224415185745606,-0.0115830115871483,-0.0188637617276416,0.2180779569892473,0.1462041000225276,-0.388,3.246987951807229,0.0,1.2357142857142858,0.0,0.0,0.0,0.0,0.0,-0.3179190751445087,0.1206140350877193,2.2916666666666665,0.0,,-0.0979486426999266,-0.0630772696553277,-0.0421071428721811,186500000.0,297600000.0,123200000.0,336500000.0,45550000.0,8400000.0,33600000.0,45.78947368421053,49.70149253731344,228.3582089552239,1.9655172413793105,1.8108108108108107,0.3941176470588235,-0.0940860215053763,0.0117857142899234,1990-12-31,,amc,,2025-04-24,1990-12-31,,2.15515625,15653665.25
1990-09-30,AMGN,USD,318154,1990-09-30,1990-09-30 00:00:00,1990,Q3,78800000.0,12200000.0,66600000.0,0.845177665,0,0.0,0.0,47200000.0,3800000.0,51000000.0,63200000.0,0.0,0.0,3800000.0,19400000.0,0.2461928934,15600000.0,0.1979695431,6600000.0,22200000.0,0.2817258883,7900000.0,14300000.0,0.1814720812,0.02,0.02,715000000,715000000,,,0.1102097902097902,0.02,0.0216783216783216,-0.0075524475524475,0.0591608391608391,0.424055944055944,0.424055944055944,0.424055944055944,0.0216783216783216,1387100000.0,1360300000.0,24.25,17.60279187817259,89.49032258064517,-256.8703703703704,4.574868073878628,4.574868073878628,17.262690355329948,70.11855670103093,87.76129032258065,-251.90740740740745,0.0103092783505154,-0.0038930142022925,0.0511213720316622,0.0390723468616082,-1.381443298969072,2.8345864661654137,0.0,1.0763888888888888,0.0,0.0,0.0,0.0,0.0,1.3483870967741935,0.2652284263959391,5.5,0.0,0.4368354093078705,0.031530118131938,0.0360473909755482,-0.0015034965034965,146400000.0,303200000.0,132700000.0,290300000.0,42800000.0,7400000.0,30800000.0,51.05329949238579,69.34426229508196,244.9180327868852,1.7628635346756152,1.297872340425532,0.3674698795180723,0.0471635883905013,0.0292307692307692,1990-09-30,,amc,,2025-04-24,1990-09-30,,1.8477777777777775,21065235.14285714
1990-06-30,AMGN,USD,318154,1990-06-30,1990-06-30 00:00:00,1990,Q2,71700000.0,12800000.0,58900000.0,0.8214783821,0,0.0,0.0,41700000.0,3800000.0,45500000.0,58300000.0,0.0,0.0,3800000.0,17200000.0,0.239888424,13400000.0,0.1868898187,3400000.0,16800000.0,0.2343096234,5700000.0,11100000.0,0.1548117155,0.02,0.02,855528000,855528000,,,0.0838078940724324,0.0129744438522175,0.0524822098166278,0.0384557840304466,0.0954965822275834,0.2499041527571277,0.2499041527571277,0.2499041527571277,0.0769115680608933,1385955360.0,1370055360.0,31.215210810810813,19.329921338912133,30.867602672605795,42.12630273556231,6.482485313376988,6.482485313376988,19.108164016736403,79.65438139534884,30.51348240534521,41.64302006079027,0.0080089159581589,0.0237381382903991,0.3077642656688494,0.1896253602305475,-0.9244186046511628,3.0434782608695654,0.0,4.045045045045045,0.0,0.0,0.0,0.0,0.0,0.267260579064588,0.1673640167364016,3.1578947368421053,0.0,0.2700986235870623,0.0316538127585678,0.0319884726224783,-0.0077437559027875,141000000.0,213800000.0,76800000.0,267700000.0,51250000.0,8700000.0,29800000.0,51.33891213389121,37.96875,199.6875,1.7530562347188263,2.3703703703703702,0.4507042253521127,0.0519176800748363,0.0140264257861811,1990-06-30,,amc,,2025-04-24,1990-06-30,,1.4234920634920636,14174913.523809524
1990-03-31,AMGN,USD,318154,1990-03-31,1990-03-31 00:00:00,1990,Q1,57000000.0,5900000.0,51100000.0,0.8964912281,0,0.0,0.0,36700000.0,3800000.0,40500000.0,46400000.0,0.0,2400000.0,3800000.0,14400000.0,0.2526315789,10600000.0,0.1859649123,-1800000.0,8800000.0,0.1543859649,2400000.0,6400000.0,0.1122807018,0.0075,0.0075,855528000,855528000,,,0.0666255224843605,0.0074807604192966,0.0268839827568472,0.0137926520230781,0.0458196575681918,0.2198642241983897,0.2198642241983897,0.2198642241983897,0.0806519482705417,1103631120.0,1131031120.0,43.110590625,19.36194947368421,47.98396173913043,93.52806101694917,5.867257416267942,5.867257416267942,19.84265122807017,78.54382777777778,49.17526608695652,95.85009491525425,0.005799039084726,0.0106919783124636,0.354066985645933,0.2161635832521908,1.9027777777777777,3.300724637681159,4.416666666666667,3.59375,0.0,0.0,0.0,0.0,0.0,0.4869565217391304,0.1964912280701754,2.9473684210526314,0.0,0.1923718032484494,0.0302554588268873,0.020772476468679,-0.0222085074947868,127000000.0,188100000.0,62200000.0,245500000.0,59050000.0,9400000.0,28800000.0,97.26315789473684,183.0508474576271,475.9322033898305,0.9253246753246752,0.4916666666666666,0.1891025641025641,0.0340244550770866,0.013091330733769,1990-03-31,,amc,,2025-04-24,1990-03-31,,1.1488984126984128,16713068.825396825
1989-12-31,AMGN,USD,318154,1989-12-31,1989-12-31 00:00:00,1989,Q4,65300000.0,4300000.0,61000000.0,0.9341500766,0,46300000.0,0.0,46300000.0,3000000.0,49300000.0,53600000.0,0.0,0.0,2900000.0,14700000.0,0.2251148545,11700000.0,0.1791730475,1300000.0,13000000.0,0.1990811639,5000000.0,8000000.0,0.1225114855,0.01,0.01,800000000,800000000,,,0.081625,0.01,0.014125,-0.003625,0.029,0.2245,0.2245,0.2245,0.08375,856000000.0,899800000.0,26.75,13.108728943338438,75.75221238938053,-295.17241379310343,4.766146993318486,4.766146993318486,13.77947932618683,61.2108843537415,79.6283185840708,-310.2758620689655,0.0093457943925233,-0.0033878504672897,0.3730512249443207,0.2387740555951532,2.979591836734694,4.2924791086350975,0.0,1.4125,0.0,0.0,0.7090352220520674,0.0,0.0,1.2566371681415929,0.2174578866768759,4.896551724137931,0.0,0.2247498609565754,0.0291970802919708,0.0285103349964362,-0.02778125,118200000.0,179600000.0,53100000.0,229300000.0,49550000.0,5650000.0,24250000.0,77.87136294027566,142.32558139534882,552.5581395348837,1.1557522123893806,0.6323529411764706,0.1628787878787878,0.0445434298440979,0.01775,1989-12-31,,amc,,2025-04-24,1989-12-31,,,
1989-09-30,AMGN,USD,318154,1989-09-30,1989-09-30 00:00:00,1989,Q3,39600000.0,4400000.0,35200000.0,0.8888888889,0,27700000.0,0.0,27700000.0,2600000.0,30300000.0,34700000.0,0.0,0.0,2700000.0,7600000.0,0.1919191919,4900000.0,0.1237373737,1100000.0,6000000.0,0.1515151515,2100000.0,3900000.0,0.0984848485,0.01,0.01,823376000,823376000,,,0.0480946736363459,0.0047365966460037,-0.0184605817998095,-0.030484250208896,0.0160315578787819,0.2058597773070869,0.2058597773070869,0.2058597773070869,0.0818581061386292,720445766.24,774645766.24,46.18242091282052,18.193074905050505,-47.39774777894737,-28.70301857529881,4.250417499941003,4.250417499941003,19.561761773737373,101.92707450526316,-50.96353725263158,-30.862381125099603,0.0054133151761777,-0.034839541262067,0.3976401179941003,0.2631784459195627,7.131578947368421,6.628019323671498,0.0,-3.897435897435898,0.0,0.0,0.6994949494949495,0.0,0.0,-0.6513157894736842,0.25,3.6666666666666665,0.0,0.1481188085343863,0.0134444913465597,0.015228426395939,-0.0369211635996191,116500000.0,169500000.0,50600000.0,219900000.0,32350000.0,5400000.0,19700000.0,96.8181818181818,92.04545454545456,452.0454545454545,0.9295774647887324,0.9777777777777776,0.1990950226244343,0.0230088495575221,0.0120236684090864,1989-09-30,,amc,,2025-04-24,1989-09-30,,,
1989-06-30,AMGN,USD,318154,1989-06-30,1989-06-30 00:00:00,1989,Q2,28400000.0,200000.0,28200000.0,0.9929577465,0,23900000.0,0.0,23900000.0,2600000.0,26500000.0,26700000.0,0.0,100000.0,2600000.0,4300000.0,0.1514084507,1700000.0,0.0598591549,-100000.0,1600000.0,0.0563380282,800000.0,800000.0,0.0281690141,0.01,0.01,818760000,818760000,,,0.0346865992476427,0.0009770873027505,-0.0004885436513752,-0.0112365039816307,0.093800381064048,0.2006693048023841,0.2006693048023841,0.2006693048023841,0.0963652352337681,737727322.8,739727322.8,230.539788375,25.97631418309859,-1844.318307,-80.18775247826086,4.490123693244065,4.490123693244065,26.04673671830986,172.02960995348838,-1849.318307,-80.40514378260869,0.0010844115098836,-0.0124707323636624,0.4796104686548996,0.3023791250959324,0.4651162790697674,7.4375,17.0,-0.5,0.0,0.0,0.8415492957746479,0.0,0.0,-22.0,0.3098591549295774,3.3846153846153846,0.0,0.0664199305172705,0.0034965034965034,0.0030698388334612,0.0069922810103082,123600000.0,164300000.0,46500000.0,219700000.0,18550000.0,7400000.0,16150000.0,70.03521126760563,2835.0,7785.0,1.2850678733031675,0.0317460317460317,0.0115606936416184,0.0048691418137553,0.0107479603302555,1989-06-30,,amc,,2025-04-24,1989-06-30,,,
1989-03-31,AMGN,USD,318154,1989-03-31,1989-03-31 00:00:00,1989,Q1,12200000.0,0.0,12200000.0,1.0,0,0.0,0.0,0.0,-75000000.0,-75000000.0,-75000000.0,0.0,0.0,0.0,-62800000.0,-5.1475409836,-62800000.0,-5.1475409836,62800000.0,0.0,0.0,0.0,0.0,0.0,-0.02,-0.02,816240000,818760000,,,0.0149465843379398,0.0,,,0.025360188179947,0.198348524943644,0.198348524943644,0.198348524943644,0.039449181613251,697199558.4,708699558.4,0.0,57.14750478688524,0.0,0.0,4.306359224212477,4.306359224212477,58.09012773770492,-11.285024815286624,0.0,0.0,0.0,,0.1988882025941939,0.1554804442298406,-0.1831210191082802,6.47682119205298,0.0,0.0,,0.0,0.0,0.0,0.0,0.0,,0.0,,0.0,,0.0,-0.0070444967166519,82700000.0,161900000.0,52600000.0,172700000.0,,,,110.65573770491802,0.0,0.0,0.8133333333333334,0.0,0.0,0.0,,1989-03-31,,amc,,2025-04-24,1989-03-31,,,
1988-12-31,AMGN,USD,318154,1988-12-31,1988-12-31 00:00:00,1988,Q4,21300000.0,0.0,21300000.0,1.0,0,0.0,0.0,0.0,0.0,0.0,0.0,0.0,0.0,0.0,21300000.0,1.0,21300000.0,1.0,-21300000.0,0.0,0.0,0.0,0.0,0.0,0.0,0.0,805816000,805816000,,,0.0264328333018952,0.0,,,,,,,,566585345.92,,0.0,26.600250982159626,0.0,0.0,0.0,0.0,,,0.0,0.0,0.0,,0.0,0.0,,0.0,0.0,0.0,,0.0,0.0,0.0,0.0,0.0,,0.0,,,0.0,0.0,,,,,,,,,,0.0,0.0,0.0,0.0,0.0,0.0,,1988-12-31,,,,,,,,
1988-09-30,AMGN,USD,318154,1988-09-30,1988-09-30 00:00:00,1988,Q3,19400000.0,0.0,19400000.0,1.0,0,0.0,0.0,0.0,0.0,0.0,0.0,0.0,0.0,0.0,19400000.0,1.0,19400000.0,1.0,-19400000.0,0.0,0.0,0.0,0.0,0.0,0.0,0.0,838296000,838296000,,,0.0231421836678213,0.0,,,,,,,,571960977.8399999,,0.0,29.48252463092783,0.0,0.0,0.0,0.0,,,0.0,0.0,0.0,,0.0,0.0,,0.0,0.0,0.0,,0.0,0.0,0.0,0.0,0.0,,0.0,,,0.0,0.0,,,,,,,,,,0.0,0.0,0.0,0.0,0.0,0.0,,1988-03-31,,amc,,2025-04-24,1988-09-30,,,
1988-06-30,AMGN,USD,318154,1988-06-30,1988-06-30 00:00:00,1988,Q2,17300000.0,0.0,17300000.0,1.0,0,0.0,0.0,0.0,0.0,0.0,0.0,0.0,0.0,0.0,17300000.0,1.0,17300000.0,1.0,-17300000.0,0.0,0.0,0.0,0.0,0.0,0.0,0.0,837048000,837048000,,,0.020667870898682,0.0,,,,,,,,470831129.52,,0.0,27.2156722265896,0.0,0.0,0.0,0.0,,,0.0,0.0,0.0,,0.0,0.0,,0.0,0.0,0.0,,0.0,0.0,0.0,0.0,0.0,,0.0,,,0.0,0.0,,,,,,,,,,0.0,0.0,0.0,0.0,0.0,0.0,,1988-03-31,,amc,,2025-04-24,1988-06-30,,,
1988-03-31,AMGN,USD,318154,1988-03-31,1988-03-31 00:00:00,1988,Q1,5500000.0,0.0,5500000.0,1.0,0,0.0,0.0,0.0,-49900000.0,-49900000.0,-49900000.0,0.0,0.0,0.0,-44400000.0,-8.0727272727,-44400000.0,-8.0727272727,44400000.0,0.0,0.0,0.0,0.0,0.0,0.0,0.0,837048000,837048000,,,0.006570710401315,0.0,,,0.1261576397052498,0.1953293001118215,0.1953293001118215,0.1953293001118215,0.0221014804407871,562387439.76,475287439.76,0.0,102.25226177454546,0.0,0.0,3.439678530642202,3.439678530642202,86.41589813818182,-10.704672066666667,0.0,0.0,0.0,,0.1131498470948012,0.095954356846473,1.961711711711712,9.296875,0.0,0.0,,0.0,0.0,0.0,0.0,0.0,,0.0,,0.0,,0.0,0.1024134816641339,106200000.0,163500000.0,89700000.0,161000000.0,,,,194.72727272727272,0.0,0.0,0.4621848739495798,0.0,0.0,0.0,,1988-03-31,,amc,,2025-04-24,1988-03-31,,,
1987-12-31,AMGN,USD,318154,1987-12-31,1987-12-31 00:00:00,1987,Q4,13600000.0,0.0,13600000.0,1.0,0,0.0,0.0,0.0,0.0,0.0,0.0,0.0,0.0,0.0,13600000.0,1.0,13600000.0,1.0,-13600000.0,0.0,0.0,0.0,0.0,0.0,0.0,0.0,800960000,800960000,,,0.0169796244506592,0.0,,,,,,,,517283996.8,,0.0,38.035588,0.0,0.0,0.0,0.0,,,0.0,0.0,0.0,,0.0,0.0,,0.0,0.0,0.0,,0.0,0.0,0.0,0.0,0.0,,0.0,,,0.0,0.0,,,,,,,,,,0.0,0.0,0.0,0.0,0.0,0.0,,1987-12-31,,,,,,,,
1987-09-30,AMGN,USD,318154,1987-09-30,1987-09-30 00:00:00,1987,Q3,12600000.0,0.0,12600000.0,1.0,0,0.0,0.0,0.0,0.0,0.0,0.0,0.0,0.0,0.0,12600000.0,1.0,12600000.0,1.0,-12600000.0,0.0,0.0,0.0,0.0,0.0,0.0,0.0,797288000,797288000,,,0.0158035741162541,0.0,,,,,,,,543981629.52,,0.0,43.1731452,0.0,0.0,0.0,0.0,,,0.0,0.0,0.0,,0.0,0.0,,0.0,0.0,0.0,,0.0,0.0,0.0,0.0,0.0,,0.0,,,0.0,0.0,,,,,,,,,,0.0,0.0,0.0,0.0,0.0,0.0,,1987-03-31,,amc,,2025-04-24,1987-09-30,,,
1987-06-30,AMGN,USD,318154,1987-06-30,1987-06-30 00:00:00,1987,Q2,12600000.0,0.0,12600000.0,1.0,0,0.0,0.0,0.0,0.0,0.0,0.0,0.0,0.0,0.0,12600000.0,1.0,12600000.0,1.0,-12600000.0,0.0,0.0,0.0,0.0,0.0,0.0,0.0,781504000,781504000,,,0.0161227581688641,0.0,,,,,,,,622757092.48,,0.0,49.42516606984127,0.0,0.0,0.0,0.0,,,0.0,0.0,0.0,,0.0,0.0,,0.0,0.0,0.0,,0.0,0.0,0.0,0.0,0.0,,0.0,,,0.0,0.0,,,,,,,,,,0.0,0.0,0.0,0.0,0.0,0.0,,1987-03-31,,amc,,2025-04-24,1987-06-30,,,
1987-03-31,AMGN,USD,318154,1987-03-31,1987-03-31 00:00:00,1987,Q1,9500000.0,0.0,9500000.0,1.0,0,0.0,0.0,0.0,-31200000.0,-31200000.0,-31200000.0,0.0,0.0,0.0,-21700000.0,-2.2842105263,-21700000.0,-2.2842105263,21700000.0,0.0,0.0,0.0,0.0,0.0,0.0,0.0,781504000,781504000,,,0.0121560478257308,0.0,,,0.0737040373433789,0.1074850544590942,0.1074850544590942,0.1074850544590942,0.0097248382605847,626828728.32,576828728.32,0.0,65.98197140210527,0.0,0.0,7.462246765714286,7.462246765714286,60.71881350736842,-26.58196904700461,0.0,0.0,0.0,,0.0904761904761904,0.0785123966942148,2.304147465437788,11.224137931034482,0.0,0.0,,0.0,0.0,0.0,0.0,0.0,,0.0,,0.0,,0.0,0.0638512406846286,59300000.0,84000000.0,52300000.0,82600000.0,,,,64.42105263157895,0.0,0.0,1.3970588235294117,0.0,0.0,0.0,,1987-03-31,,amc,,2025-04-24,1987-03-31,,,
1986-12-31,AMGN,USD,318154,1986-12-31,1986-12-31 00:00:00,1986,Q4,7800000.0,0.0,7800000.0,1.0,0,0.0,0.0,0.0,0.0,0.0,0.0,0.0,0.0,0.0,7800000.0,1.0,7800000.0,1.0,-7800000.0,0.0,0.0,0.0,0.0,0.0,0.0,0.0,680384000,680384000,,,0.0114641143824663,0.0,,,,,,,,313609397.12,,0.0,40.206332964102565,0.0,0.0,0.0,0.0,,,0.0,0.0,0.0,,0.0,0.0,,0.0,0.0,0.0,,0.0,0.0,0.0,0.0,0.0,,0.0,,,0.0,0.0,,,,,,,,,,0.0,0.0,0.0,0.0,0.0,0.0,,1986-12-31,,,,,,,,
1986-09-30,AMGN,USD,318154,1986-09-30,1986-09-30 00:00:00,1986,Q3,6100000.0,0.0,6100000.0,1.0,0,0.0,0.0,0.0,0.0,0.0,0.0,0.0,0.0,0.0,6100000.0,1.0,6100000.0,1.0,-6100000.0,0.0,0.0,0.0,0.0,0.0,0.0,0.0,676208000,676208000,,,0.0090208929796748,0.0,,,,,,,,248290053.44,,0.0,40.70328744918033,0.0,0.0,0.0,0.0,,,0.0,0.0,0.0,,0.0,0.0,,0.0,0.0,0.0,,0.0,0.0,0.0,0.0,0.0,,0.0,,,0.0,0.0,,,,,,,,,,0.0,0.0,0.0,0.0,0.0,0.0,,1986-03-31,,amc,,2025-04-24,1986-09-30,,,
1986-06-30,AMGN,USD,318154,1986-06-30,1986-06-30 00:00:00,1986,Q2,6500000.0,0.0,6500000.0,1.0,0,0.0,0.0,0.0,0.0,0.0,0.0,0.0,0.0,0.0,6500000.0,1.0,6500000.0,1.0,-6500000.0,0.0,0.0,0.0,0.0,0.0,0.0,0.0,637888000,637888000,,,0.010189876592756,0.0,,,,,,,,330566319.36,,0.0,50.85635682461539,0.0,0.0,0.0,0.0,,,0.0,0.0,0.0,,0.0,0.0,,0.0,0.0,0.0,,0.0,0.0,0.0,0.0,0.0,,0.0,,,0.0,0.0,,,,,,,,,,0.0,0.0,0.0,0.0,0.0,0.0,,1986-03-31,,amc,,2025-04-24,1986-06-30,,,
1986-03-31,AMGN,USD,318154,1986-03-31,1986-03-31 00:00:00,1986,Q1,6300000.0,0.0,6300000.0,1.0,0,0.0,0.0,0.0,-22000000.0,-22000000.0,-22000000.0,0.0,0.0,0.0,-15700000.0,-2.4920634921,-15700000.0,-2.4920634921,15700000.0,0.0,0.0,0.0,0.0,0.0,0.0,0.0,637888000,637888000,,,0.0098763419283636,0.0,,,0.1044070432427009,0.1263544697501755,0.1263544697501755,0.1263544697501755,0.013952292565466,245848414.08,188148414.08,0.0,39.02355779047619,0.0,0.0,3.050228462531017,3.050228462531017,29.864827631746028,-11.98397541910828,0.0,0.0,0.0,,0.1104218362282878,0.0949839914621131,3.6751592356687897,14.851063829787234,0.0,0.0,,0.0,0.0,0.0,0.0,0.0,,0.0,,0.0,,0.0,0.0869274857028193,65100000.0,80600000.0,56700000.0,79200000.0,,,,37.142857142857146,0.0,0.0,2.423076923076923,0.0,0.0,0.0,,1986-03-31,,amc,,2025-04-24,1986-03-31,,,
1985-12-31,AMGN,USD,318154,1985-12-31,1985-12-31 00:00:00,1985,Q4,5100000.0,0.0,5100000.0,1.0,0,0.0,0.0,0.0,0.0,0.0,0.0,0.0,0.0,0.0,5100000.0,1.0,5100000.0,1.0,-5100000.0,0.0,0.0,0.0,0.0,0.0,0.0,0.0,523912000,523912000,,,0.0097344592221594,0.0,,,,,,,,147350250.0,,0.0,28.89220588235294,0.0,0.0,0.0,0.0,,,0.0,0.0,0.0,,0.0,0.0,,0.0,0.0,0.0,,0.0,0.0,0.0,0.0,0.0,,0.0,,,0.0,0.0,,,,,,,,,,0.0,0.0,0.0,0.0,0.0,0.0,,1985-12-31,,,,,,,,
1985-09-30,AMGN,USD,318154,1985-09-30,1985-09-30 00:00:00,1985,Q3,7500000.0,0.0,7500000.0,1.0,0,0.0,0.0,0.0,0.0,0.0,0.0,0.0,0.0,0.0,7500000.0,1.0,7500000.0,1.0,-7500000.0,0.0,0.0,0.0,0.0,0.0,0.01,0.01,523000000,523000000,,,0.01434034416826,0.0,,,,,,,,87168410.0,,0.0,11.622454666666666,0.0,0.0,0.0,0.0,,,0.0,0.0,0.0,,0.0,0.0,,0.0,0.0,0.0,,0.0,0.0,0.0,0.0,0.0,,0.0,,,0.0,0.0,,,,,,,,,,0.0,0.0,0.0,0.0,0.0,0.0,,1985-09-30,,amc,,2025-04-24,1985-09-30,,,
