date,symbol,reportedCurrency,cik,fillingDate,acceptedDate,calendarYear,period,revenue,costOfRevenue,grossProfit,grossProfitRatio,researchAndDevelopmentExpenses,generalAndAdministrativeExpenses,sellingAndMarketingExpenses,sellingGeneralAndAdministrativeExpenses,otherExpenses,operatingExpenses,costAndExpenses,interestIncome,interestExpense,depreciationAndAmortization,ebitda,ebitdaratio,operatingIncome,operatingIncomeRatio,totalOtherIncomeExpensesNet,incomeBeforeTax,incomeBeforeTaxRatio,incomeTaxExpense,netIncome,netIncomeRatio,eps,epsdiluted,weightedAverageShsOut,weightedAverageShsOutDil,link,finalLink,revenuePerShare,netIncomePerShare,operatingCashFlowPerShare,freeCashFlowPerShare,cashPerShare,bookValuePerShare,tangibleBookValuePerShare,shareholdersEquityPerShare,interestDebtPerShare,marketCap,enterpriseValue,peRatio,priceToSalesRatio,pocfratio,pfcfRatio,pbRatio,ptbRatio,evToSales,enterpriseValueOverEBITDA,evToOperatingCashFlow,evToFreeCashFlow,earningsYield,freeCashFlowYield,debtToEquity,debtToAssets,netDebtToEBITDA,currentRatio,interestCoverage,incomeQuality,dividendYield,payoutRatio,salesGeneralAndAdministrativeToRevenue,researchAndDdevelopementToRevenue,intangiblesToTotalAssets,capexToOperatingCashFlow,capexToRevenue,capexToDepreciation,stockBasedCompensationToRevenue,grahamNumber,roic,returnOnTangibleAssets,grahamNetNet,workingCapital,tangibleAssetValue,netCurrentAssetValue,investedCapital,averageReceivables,averagePayables,averageInventory,daysSalesOutstanding,daysPayablesOutstanding,daysOfInventoryOnHand,receivablesTurnover,payablesTurnover,inventoryTurnover,roe,capexPerShare,report_date,epsEstimated,time,revenueEstimated,updatedFromDate,fiscalDateEnding,surprise(%),QuarterAvgPrice,QuarterAvgVolume
2025-03-31,AMP,USD,820027,2025-05-02,2025-05-02 14:16:59,2025,Q1,4354000000.0,0.0,4354000000.0,1.0,0,916000000.0,1612000000.0,2528000000.0,1139000000.0,3667000000.0,3667000000.0,0.0,80000000.0,-27000000.0,740000000.0,0.1699586587,687000000.0,0.157785944,0.0,687000000.0,0.157785944,104000000.0,583000000.0,0.1338998622,5.918781725888325,5.83,98500000,100000000,https://www.sec.gov/Archives/edgar/data/820027/000082002725000048/0000820027-25-000048-index.htm,https://www.sec.gov/Archives/edgar/data/820027/000082002725000048/amp-20250331.htm,45.49238578680203,5.918781725888325,17.116751269035532,17.116751269035532,0.0,55.08629441624365,55.08629441624365,55.08629441624365,0.8121827411167513,47684835000.0,47684835000.0,20.44804245283019,10.641561035483152,28.28282028469751,28.282820284697507,8.788211389605603,8.788211389605603,10.641561035483152,57.59038043478261,28.282820284697507,28.282820284697507,0.0122261092022233,0.0353571528558293,0.0,0.0,0.0,0.0,9.5875,2.8919382504288165,0.0030571564313895,0.2500514579759862,0.2044186565498772,0.0,0.0,0.0,0.0,0.0,0.0109350591385851,85.65036156724476,0.0833832147181972,0.0032559100631635,-1762.771573604061,7806000000.0,5426000000.0,-165827000000.0,7806000000.0,7251500000.0,1352000000.0,0.0,0.0,0.0,0.0,0.0,0.0,0.0,0.1074456321415407,0.0,2025-04-24,9.08,bmo,4418721129.0,2025-05-11,2025-03-31,0.0462555066079295,524.47175,544483.9333333333
2024-12-31,AMP,USD,820027,2025-02-20,2025-02-20 15:49:46,2024,Q4,4501000000.0,0.0,4501000000.0,1.0,0,1011000000.0,1616000000.0,2627000000.0,522000000.0,3149000000.0,3149000000.0,0.0,77000000.0,-34000000.0,1318000000.0,0.2928238169,1352000000.0,0.3003776938,0.0,1352000000.0,0.3003776938,281000000.0,1071000000.0,0.2379471229,10.8,10.58,99200000,101200000,https://www.sec.gov/Archives/edgar/data/820027/000082002725000013/0000820027-25-000013-index.htm,https://www.sec.gov/Archives/edgar/data/820027/000082002725000013/amp-20241231.htm,45.372983870967744,10.796370967741936,3.8608870967741935,3.276209677419355,611.6431451612904,52.70161290322581,52.70161290322581,52.70161290322581,55.9375,52817055999.99999,49767055999.99999,12.328911297852471,11.734515885358809,137.90354046997388,162.51401846153843,10.102726855394032,10.102726855394032,11.056888691401909,37.75952655538694,129.94009399477804,153.12940307692304,0.0202775406489903,0.0061533153229896,1.046671767406274,0.030164881506921,-2.314112291350531,1.9410291497766647,17.558441558441558,0.357609710550887,0.0027263920200323,0.134453781512605,0.224616751832926,0.0,0.0,0.1514360313315927,0.0128860253277049,-1.7058823529411764,0.0122195067762719,113.14675726146604,0.0074961679253602,0.0059039817423085,-1054.664818548387,36447000000.0,5228000000.0,-100997000000.0,36447000000.0,7251500000.0,1352000000.0,0.0,289.9955565429904,0.0,0.0,0.3103495828449286,0.0,0.0,0.204858454475899,0.5846774193548387,2025-01-29,9.05,amc,4489504584.0,2025-04-27,2024-12-31,0.0342541436464087,533.6853125,456244.0625
2024-09-30,AMP,USD,820027,2024-11-01,2024-11-01 15:11:55,2024,Q3,4397000000.0,0.0,4397000000.0,1.0,0,975000000.0,1539000000.0,2514000000.0,1238000000.0,3752000000.0,3752000000.0,0.0,87000000.0,-36000000.0,609000000.0,0.1385035251,645000000.0,0.1466909256,0.0,645000000.0,0.1466909256,134000000.0,511000000.0,0.1162156015,5.09,5.0,100400000,102200000,https://www.sec.gov/Archives/edgar/data/820027/000082002724000094/0000820027-24-000094-index.htm,https://www.sec.gov/Archives/edgar/data/820027/000082002724000094/amp-20240930.htm,43.79482071713147,5.089641434262949,30.35856573705179,29.87051792828685,105.32868525896414,56.92231075697211,30.169322709163342,56.92231075697211,59.29282868525896,47168924000.0,42335924000.0,23.07677299412916,10.727524221059811,15.475368766404198,15.728217405801932,8.253530008748907,8.253530008748907,9.628365703889015,69.51711658456486,13.889738845144358,14.116680226742249,0.0108334037893253,0.063579996016021,1.026421697287839,0.031542891557195,-7.935960591133005,52.61194029850746,7.413793103448276,5.964774951076321,0.0030740578267165,0.2837573385518591,0.2217420968842392,0.0,0.0144432674262914,0.0160761154855643,0.0111439617921309,-1.3611111111111112,0.0109165340004548,80.73765172247845,0.0077738730926627,0.0027880381704795,-1690.0298804780878,10374000000.0,3029000000.0,-169679000000.0,13060000000.0,7426500000.0,1193000000.0,-109000000.0,0.0,0.0,0.0,0.0,0.0,0.0,0.0894138232720909,0.4880478087649402,2024-10-23,8.93,amc,4311943940.0,2025-04-25,2024-09-30,-0.011198208286674,433.8559375,468957.421875
2024-06-30,AMP,USD,820027,2024-08-06,2024-08-06 15:52:58,2024,Q2,4220000000.0,0.0,4220000000.0,1.0,0,957000000.0,1450000000.0,2407000000.0,762000000.0,3169000000.0,3169000000.0,0.0,83000000.0,-47000000.0,1004000000.0,0.2379146919,1051000000.0,0.2490521327,0.0,1051000000.0,0.2490521327,222000000.0,829000000.0,0.1964454976,8.16,8.02,101600000,103400000,https://www.sec.gov/Archives/edgar/data/820027/000082002724000079/0000820027-24-000079-index.htm,https://www.sec.gov/Archives/edgar/data/820027/000082002724000079/amp-20240630.htm,41.53543307086614,8.159448818897637,16.929133858267715,16.761811023622048,586.25,49.14370078740158,49.14370078740158,49.14370078740158,59.70472440944882,43290744000.0,41405744000.0,13.055109770808205,10.258470142180094,25.169037209302328,25.420284204345272,8.670287202082916,8.670287202082916,9.811787677725118,41.24078087649402,24.073106976744185,24.31341397533764,0.0191495900370758,0.0393386632486611,1.1982775886240735,0.0332943795214246,-1.8774900398406376,2.996196634021109,12.662650602409638,2.074788902291918,0.0033956450367311,0.1773220747889023,0.2267772511848341,0.0,0.0,0.0098837209302325,0.0040284360189573,-0.3617021276595745,0.0113744075829383,94.98512517908006,0.0048942048835781,0.0046132442960489,-1024.7367125984251,20994000000.0,4993000000.0,-143196000000.0,20994000000.0,14882000000.0,2276000000.0,-203500000.0,316.7701421800948,0.0,0.0,0.2841176866626271,0.0,0.0,0.166032445423593,0.1673228346456693,2024-07-24,8.53,amc,4239460377.0,2025-04-25,2024-06-30,0.0222743259085581,427.1873015873016,471211.7460317461
2024-03-31,AMP,USD,820027,2024-05-06,2024-05-06 14:59:50,2024,Q1,4146000000.0,0.0,4146000000.0,1.0,0,960000000.0,1419000000.0,2379000000.0,548000000.0,2927000000.0,2927000000.0,0.0,82000000.0,-42000000.0,1177000000.0,0.2838880849,1219000000.0,0.2940183309,0.0,1219000000.0,0.2940183309,229000000.0,990000000.0,0.2387843705,9.63,9.46,102800000,104600000,https://www.sec.gov/Archives/edgar/data/820027/000082002724000055/0000820027-24-000055-index.htm,https://www.sec.gov/Archives/edgar/data/820027/000082002724000055/amp-20240331.htm,40.3307392996109,9.630350194552529,14.04669260700389,13.540856031128405,577.0136186770428,47.461089494163424,47.461089494163424,47.461089494163424,35.80739299610895,44700524000.0,41228524000.0,11.28801111111111,10.781602508441871,30.956041551246532,32.11244540229885,9.161820864931338,9.161820864931338,9.94416883743367,35.028482582837725,28.55160941828255,29.618192528735637,0.0221473913818102,0.0311405745489694,0.7376511580241852,0.0200132346480862,-2.949872557349193,10.02661596958175,14.865853658536585,1.4585858585858589,0.0030872121320099,0.1393939393939394,0.2315484804630969,0.0,0.0,0.0360110803324099,0.0125422093584177,-1.238095238095238,0.0101302460202604,101.41008593816156,0.005572284918245,0.0055051687417631,-1016.98686770428,21366000000.0,4879000000.0,-151219000000.0,21366000000.0,15008500000.0,2384500000.0,-187000000.0,323.68306801736617,0.0,0.0,0.2780497619207296,0.0,0.0,0.2029104324656692,0.5058365758754864,2024-04-22,8.2,amc,4150800691.0,2025-04-25,2024-03-31,0.0231707317073172,400.3949180327869,491967.606557377
2023-12-31,AMP,USD,820027,2024-02-22,2024-02-22 15:00:04,2023,Q4,3992000000.0,0.0,3992000000.0,1.0,0,1017000000.0,1307000000.0,2324000000.0,1174000000.0,3498000000.0,3498000000.0,0.0,84000000.0,-40000000.0,454000000.0,0.1137274549,494000000.0,0.123747495,0.0,494000000.0,0.123747495,117000000.0,377000000.0,0.0944388778,3.64,3.57,103500000,105700000,https://www.sec.gov/Archives/edgar/data/820027/000082002724000015/0000820027-24-000015-index.htm,https://www.sec.gov/Archives/edgar/data/820027/000082002724000015/amp-20231231.htm,38.570048309178745,3.642512077294686,20.70531400966184,20.22222222222222,571.2657004830918,45.690821256038646,19.47826086956522,45.690821256038646,56.41545893719807,39312405000.0,37503405000.0,26.06923408488063,9.847796843687377,18.344566028931403,18.7828021978022,8.313048213152886,8.313048213152886,9.394640531062125,82.60661894273127,17.500422305179654,17.91849259436216,0.009589848293433,0.0532401922497491,1.216959187989004,0.0328498610088417,-3.984581497797357,0.6446884494429934,5.880952380952381,5.684350132625995,0.0034594678193816,0.3607427055702917,0.2547595190380761,0.0,0.0154859553287554,0.0233317778814745,0.0125250501002004,0.819672131147541,0.0122745490981963,61.193633537723954,0.0027217661880112,0.0021857860132886,-967.1400966183576,-13332000000.0,2016000000.0,-146272000000.0,-9661000000.0,14967500000.0,2455000000.0,-221000000.0,340.5661322645291,0.0,0.0,0.2642658546273004,0.0,0.0,0.0797208712201311,0.4830917874396135,2024-01-24,7.67,amc,3914594340.0,2025-04-25,2023-12-31,0.0104302477183833,342.90063492063496,504757.5555555556
2023-09-30,AMP,USD,820027,2023-11-02,2023-11-02 15:28:44,2023,Q3,3925000000.0,0.0,3925000000.0,1.0,0,950000000.0,1297000000.0,2247000000.0,561000000.0,2808000000.0,2808000000.0,0.0,84000000.0,-44000000.0,1073000000.0,0.2733757962,1117000000.0,0.2845859873,0.0,1117000000.0,0.2845859873,245000000.0,872000000.0,0.2221656051,8.31,8.14,104900000,107100000,https://www.sec.gov/Archives/edgar/data/820027/000082002723000105/0000820027-23-000105-index.htm,https://www.sec.gov/Archives/edgar/data/820027/000082002723000105/amp-20230930.htm,37.416587225929455,8.312678741658722,8.817921830314585,8.341277407054337,82.65014299332698,36.46329837940896,36.46329837940896,36.46329837940896,57.80743565300286,34583432000.0,33462432000.0,9.914974770642203,8.811065477707006,37.38749405405405,39.523922285714285,9.041420130718954,9.041420130718954,8.525460382165605,31.185863932898418,36.17560216216216,38.24277942857143,0.0252143858943785,0.0253011326348408,1.5633986928104575,0.036212576300746,-1.0447343895619758,109.1044776119403,13.297619047619047,1.0607798165137614,0.0040192656414204,0.1594036697247706,0.2420382165605095,0.0,0.0,0.054054054054054,0.0127388535031847,-1.1363636363636365,0.0117197452229299,82.58282460057065,0.0117012425860819,0.0052804960759616,-1350.3122020972355,21729000000.0,3825000000.0,-139381000000.0,21729000000.0,14960000000.0,1153500000.0,-260000000.0,340.028025477707,0.0,0.0,0.2646840650077551,0.0,0.0,0.2279738562091503,0.4766444232602478,2023-10-25,7.56,amc,3872970000.0,2025-04-25,2023-09-30,-0.0793650793650793,341.2790476190476,406645.7460317461
2023-06-30,AMP,USD,820027,2023-08-08,2023-08-08 15:30:49,2023,Q2,3876000000.0,0.0,3876000000.0,1.0,0,967000000.0,1248000000.0,2215000000.0,534000000.0,2749000000.0,2749000000.0,0.0,84000000.0,-35000000.0,1092000000.0,0.2817337461,1127000000.0,0.2907636739,0.0,1127000000.0,0.2907636739,237000000.0,890000000.0,0.2296181631,8.36,8.21,106400000,108400000,https://www.sec.gov/Archives/edgar/data/820027/000082002723000082/0000820027-23-000082-index.htm,https://www.sec.gov/Archives/edgar/data/820027/000082002723000082/amp-20230630.htm,36.42857142857143,8.364661654135338,5.272556390977444,4.868421052631579,517.5281954887218,38.34586466165413,38.34586466165413,38.34586466165413,57.38721804511278,35341824000.0,33885824000.0,9.927478651685394,9.118117647058824,62.99790374331551,68.22745945945945,8.662211764705884,8.662211764705884,8.742472652218781,31.03097435897436,60.40253832442068,65.41664864864865,0.0251826278123053,0.0146568552885102,1.4759803921568628,0.0354692221155488,-1.3333333333333333,112.28358208955224,13.416666666666666,0.6303370786516854,0.0039896073275674,0.1584269662921348,0.2494840041279669,0.0,0.0,0.0766488413547237,0.01109391124871,-1.2285714285714286,0.0118679050567595,84.95221676875205,0.0126780626780626,0.0052420471077446,-934.6734022556392,22368000000.0,4080000000.0,-143132000000.0,22368000000.0,15246000000.0,1013500000.0,-299500000.0,350.41021671826627,0.0,0.0,0.2568418262540587,0.0,0.0,0.2181372549019608,0.4041353383458647,2023-07-26,7.38,amc,3860440000.0,2025-04-25,2023-06-30,0.008130081300813,307.3485483870968,584555.1774193548
2023-03-31,AMP,USD,820027,2023-05-02,2023-05-02 15:06:34,2023,Q1,3742000000.0,0.0,3742000000.0,1.0,0,937000000.0,1226000000.0,2163000000.0,1083000000.0,3246000000.0,3246000000.0,0.0,72000000.0,-35000000.0,461000000.0,0.1231961518,496000000.0,0.1325494388,0.0,496000000.0,0.1325494388,79000000.0,417000000.0,0.1114377338,3.86,3.79,107900000,110000000,https://www.sec.gov/Archives/edgar/data/820027/000082002723000067/0000820027-23-000067-index.htm,https://www.sec.gov/Archives/edgar/data/820027/000082002723000067/amp-20230331.htm,34.68025949953661,3.8646895273401296,9.78683966635774,9.406858202038926,80.72289156626506,38.40593141797961,38.40593141797961,38.40593141797961,57.46061167747915,33071350000.0,30651350000.0,19.826948441247,8.837880812399787,31.317566287878787,32.58261083743842,7.980538127413128,7.980538127413128,8.191167824692677,66.48882863340565,29.025899621212123,30.19837438423645,0.012609101231126,0.030691217624923,1.4787644787644787,0.0367738838214114,-5.249457700650759,0.4799845184120314,6.888888888888889,2.5323741007194243,0.0040518454795464,0.3213429256594724,0.2504008551576697,0.0,0.0,0.0388257575757575,0.0109567076429716,-1.1714285714285717,0.0122928915018706,57.78933743454067,0.0158482821526299,0.0025024003840614,-1319.7706209453197,-18810000000.0,4144000000.0,-145134000000.0,-18810000000.0,15600000000.0,2134500000.0,-301500000.0,370.4142169962587,0.0,0.0,0.2429712356340497,0.0,0.0,0.1006274131274131,0.3799814643188137,2023-04-24,7.13,amc,3815320000.0,2025-04-25,2023-03-31,0.0168302945301542,327.6259677419355,627168.9193548387
2022-12-31,AMP,USD,820027,2023-02-23,2023-02-23 16:07:25,2022,Q4,3617000000.0,0.0,3617000000.0,1.0,0,957000000.0,1195000000.0,2152000000.0,846000000.0,2998000000.0,2998000000.0,0.0,62000000.0,-29000000.0,590000000.0,0.1631186066,619000000.0,0.1711363008,0.0,619000000.0,0.1711363008,125000000.0,494000000.0,0.136577274,4.54,4.43,108900000,111400000,https://www.sec.gov/Archives/edgar/data/820027/000082002723000014/0000820027-23-000014-index.htm,https://www.sec.gov/Archives/edgar/data/820027/000082002723000014/amp-20221231.htm,33.2139577594123,4.536271808999082,11.175390266299358,10.661157024793388,439.9265381083563,33.17722681359045,10.358126721763083,33.17722681359045,50.01836547291093,33908193000.0,32196193000.0,17.160016700404856,9.374673209842411,27.862114215283484,29.206023255813957,9.385052034320507,9.385052034320507,8.901352778545757,54.569818644067794,26.455376335250616,27.73143238587425,0.014568750390208,0.034239512556744,1.4904511486299474,0.0339816240502814,-2.9016949152542373,316.9502487562189,9.983870967741936,2.463562753036437,0.0039223558742867,0.2692307692307692,0.2645839093171136,0.0,0.0156813993992477,0.0460147904683648,0.0154824440143765,-1.9310344827586208,0.0118883052253248,58.1916718323449,0.0046667170495767,0.0031670117897463,-874.4834710743802,63506000000.0,1128000000.0,-91148000000.0,66917000000.0,15922500000.0,2150000000.0,-322000000.0,393.1186065800387,0.0,0.0,0.2289385404139502,0.0,0.0,0.1367284804871298,0.5142332415059688,2023-01-25,6.35,amc,3460974011.0,2025-04-25,2022-12-31,0.0929133858267717,305.0125396825397,584680.4920634921
2022-09-30,AMP,USD,820027,2022-11-02,2022-11-02 15:22:59,2022,Q3,3484000000.0,0.0,3484000000.0,1.0,0,925000000.0,1198000000.0,2123000000.0,26000000.0,2149000000.0,2149000000.0,0.0,52000000.0,-7000000.0,1328000000.0,0.3811710677,1335000000.0,0.3831802526,0.0,1335000000.0,0.3831802526,274000000.0,1061000000.0,0.3045350172,9.6,9.41,110500000,112700000,https://www.sec.gov/Archives/edgar/data/820027/000082002722000088/0000820027-22-000088-index.htm,https://www.sec.gov/Archives/edgar/data/820027/000082002722000088/amp-20220930.htm,31.529411764705884,9.60180995475113,12.41628959276018,12.036199095022624,401.6199095022624,29.475113122171944,29.475113122171944,29.475113122171944,49.55656108597285,27840475000.0,25271475000.0,6.559961121583412,7.990951492537313,20.291891399416908,20.93268796992481,8.547889161805342,8.547889161805342,7.253580654420206,19.02972515060241,18.41944241982507,19.001109022556392,0.0381099819597187,0.0477721734273571,1.6653361989560946,0.0353691458977268,-1.9344879518072289,300.62189054726366,25.673076923076923,2.5036496350364965,0.0048490551975136,0.1272384542884071,0.2654994259471871,0.0,0.0,0.0306122448979591,0.0120551090700344,-6.0,0.011768082663605,79.79865148210489,0.0109559901695545,0.0069186327060265,-849.5203619909503,60224000000.0,3257000000.0,-89672000000.0,60224000000.0,16215500000.0,2132000000.0,16956000000.0,414.5063145809414,0.0,0.0,0.2171257634301383,0.0,0.0,0.3257599017500767,0.3800904977375565,2022-10-25,5.82,amc,3322563878.0,2025-04-25,2022-09-30,0.1048109965635737,263.1153125,556969.640625
2022-06-30,AMP,USD,820027,2022-08-01,2022-08-01 15:57:12,2022,Q2,3486000000.0,0.0,3486000000.0,1.0,0,894000000.0,1239000000.0,2133000000.0,580000000.0,2713000000.0,2713000000.0,0.0,44000000.0,8000000.0,781000000.0,0.2240390132,773000000.0,0.2217441193,0.0,773000000.0,0.2217441193,159000000.0,614000000.0,0.1761331038,5.47,5.37,112300000,114400000,https://www.sec.gov/Archives/edgar/data/820027/000082002722000070/0000820027-22-000070-index.htm,https://www.sec.gov/Archives/edgar/data/820027/000082002722000070/amp-20220630.htm,31.04185218165628,5.467497773820124,12.546749777382011,12.190560997328584,372.66251113089936,38.325912733748886,38.325912733748886,38.325912733748886,45.82368655387355,26691464000.0,24232464000.0,10.86785993485342,7.656759609868043,18.94355145493257,19.497051862673484,6.201548327137547,6.201548327137547,6.95136660929432,31.02748271446863,17.19834208658623,17.700850255661067,0.0230036089440429,0.0512898056097634,1.1854089219330854,0.0321898837201966,-3.148527528809219,12.47,17.568181818181817,1.8637566137566133,0.005132727077091,0.2231270358306188,0.2564543889845094,0.0,0.0,0.0283889283179559,0.0114744693057946,5.0,0.0120481927710843,68.66443007413969,0.0166911324960582,0.0038738903575461,-738.2880676758682,2294000000.0,4304000000.0,-151699000000.0,2294000000.0,16300000000.0,2128000000.0,17666500000.0,423.0206540447504,0.0,0.0,0.2127555691180958,0.0,0.0,0.1426579925650557,0.3561887800534283,2022-07-26,5.56,amc,3412359057.0,2025-04-25,2022-06-30,0.0449640287769784,267.8758064516129,651244.6451612903
2022-03-31,AMP,USD,820027,2022-05-02,2022-05-02 15:43:32,2022,Q1,3625000000.0,0.0,3625000000.0,1.0,0,947000000.0,1300000000.0,2247000000.0,372000000.0,2619000000.0,2619000000.0,0.0,40000000.0,-12000000.0,994000000.0,0.2742068966,1006000000.0,0.2775172414,0.0,1006000000.0,0.2775172414,181000000.0,825000000.0,0.2275862069,7.26,7.1,113700000,116200000,https://www.sec.gov/Archives/edgar/data/820027/000082002722000053/0000820027-22-000053-index.htm,https://www.sec.gov/Archives/edgar/data/820027/000082002722000053/amp-20220331.htm,31.882145998240983,7.255936675461742,3.5971855760773965,3.2102022867194373,343.6411609498681,44.06332453825858,44.06332453825858,44.06332453825858,41.56552330694811,34150932000.0,32094932000.0,10.348767272727272,9.42094675862069,83.49861124694377,93.56419726027396,6.816553293413174,6.816553293413174,8.853774344827587,32.28866398390342,78.47171638141809,87.9313205479452,0.0241574666249225,0.0106878488704202,0.9353293413173652,0.0279719444858976,-2.06841046277666,0.603730754046585,25.15,0.5374507227332457,0.003777349326806,0.1563636363636363,0.2612413793103448,0.0,0.0,0.1075794621026894,0.0121379310344827,-3.6666666666666665,0.0121379310344827,84.81577437362866,0.0402674736431081,0.0049246381137143,-974.1402814423924,-12045000000.0,5010000000.0,-144164000000.0,-12045000000.0,16218500000.0,2288500000.0,-104000000.0,402.5793103448276,0.0,0.0,0.2235584335491828,0.0,0.0,0.1646706586826347,0.3869832893579595,2022-04-25,5.86,amc,3601109215.0,2025-04-25,2022-03-31,0.0204778156996587,302.5117741935484,691744.4516129033
2021-12-31,AMP,USD,820027,2022-02-25,2022-02-25 13:55:27,2021,Q4,3760000000.0,0.0,3760000000.0,1.0,0,960000000.0,1322000000.0,2282000000.0,612000000.0,2894000000.0,2894000000.0,0.0,42000000.0,3000000.0,869000000.0,0.2311170213,866000000.0,0.2303191489,0.0,866000000.0,0.2303191489,165000000.0,701000000.0,0.1864361702,6.12,5.96,114600000,117600000,https://www.sec.gov/Archives/edgar/data/820027/000082002722000016/0000820027-22-000016-index.htm,https://www.sec.gov/Archives/edgar/data/820027/000082002722000016/amp-20211231.htm,32.80977312390925,6.116928446771379,13.534031413612563,13.237347294938916,342.9144851657941,49.60732984293194,27.198952879581157,49.60732984293194,45.70680628272251,34570236000.0,32518236000.0,12.328900142653351,9.19421170212766,22.288998065764027,22.788553724456165,6.080956200527705,6.080956200527705,8.648467021276597,37.42029459148446,20.96598065764023,21.43588398154252,0.020277558996126,0.0438816790258533,0.9139841688654352,0.0295262502912279,-2.361334867663982,277.6,20.61904761904762,2.212553495007133,0.0036736804458031,0.181169757489301,0.2553191489361702,0.0,0.0145926502594059,0.0219213410702772,0.0090425531914893,11.333333333333334,0.0074468085106382,82.6286933177787,0.008004750322588,0.0040424194543598,-1042.369109947644,55320000000.0,3117000000.0,-114774000000.0,58807000000.0,16080000000.0,2336500000.0,-1218500000.0,388.2925531914894,0.0,0.0,0.2317839970410553,0.0,0.0,0.1233069481090589,0.2966841186736474,2022-01-26,5.7,amc,3719330000.0,2025-04-25,2021-12-31,0.0789473684210526,295.7721875,529125.671875
2021-09-30,AMP,USD,820027,2021-11-09,2021-11-09 14:10:44,2021,Q3,2903000000.0,0.0,2903000000.0,1.0,0,822000000.0,1285000000.0,2107000000.0,-474000000.0,1633000000.0,1633000000.0,0.0,64000000.0,-25000000.0,1245000000.0,0.4288666896,1270000000.0,0.4374784705,0.0,1270000000.0,0.4374784705,239000000.0,1031000000.0,0.355149845,8.86,8.65,116400000,119200000,https://www.sec.gov/Archives/edgar/data/820027/000082002721000099/0000820027-21-000099-index.htm,https://www.sec.gov/Archives/edgar/data/820027/000082002721000099/amp-20210930.htm,24.939862542955325,8.857388316151203,7.242268041237113,6.975945017182131,325.7560137457045,49.029209621993125,49.029209621993125,49.029209621993125,45.17182130584192,30743568000.0,28133568000.0,7.454793404461688,10.590274888046848,36.4692384341637,37.86153694581281,5.3869928158401965,5.3869928158401965,9.691204960385807,22.597243373493978,33.37315302491103,34.64725123152709,0.0335354699233348,0.0264120286884072,0.910110390748204,0.0304230169979967,-2.0963855421686746,50.435,19.84375,0.8176527643064986,0.0041959996315326,0.1251212415130941,0.2831553565277299,0.0,0.0,0.0367734282325029,0.0106786083362039,-1.24,0.0172235618325869,98.84883327717796,0.0256448523742009,0.0060389161580544,-994.3298969072164,9887000000.0,5707000000.0,-154932000000.0,9887000000.0,12008000000.0,2090000000.0,-1301000000.0,494.1164312779883,0.0,0.0,0.1821433053080687,0.0,0.0,0.1806553355528298,0.2663230240549828,2021-10-26,5.46,amc,3489410000.0,2025-04-25,2021-09-30,0.0824175824175824,261.5859375,454446.71875
2021-06-30,AMP,USD,820027,2021-08-09,2021-08-09 14:26:27,2021,Q2,3418000000.0,0.0,3418000000.0,1.0,0,830000000.0,1233000000.0,2063000000.0,634000000.0,2697000000.0,2697000000.0,0.0,43000000.0,60000000.0,781000000.0,0.2284961966,721000000.0,0.2109420714,0.0,721000000.0,0.2109420714,130000000.0,591000000.0,0.1729081334,4.99,4.88,118400000,121200000,https://www.sec.gov/Archives/edgar/data/820027/000082002721000075/0000820027-21-000075-index.htm,https://www.sec.gov/Archives/edgar/data/820027/000082002721000075/amp-20210630.htm,28.86824324324324,4.991554054054054,16.30912162162162,16.030405405405407,366.2331081081081,48.023648648648646,48.023648648648646,48.023648648648646,47.58445945945946,29467392000.0,27842392000.0,12.465055837563453,8.621238150965477,15.260171931641636,15.52549631190727,5.182446711220542,5.182446711220542,8.145813926272673,35.649669654289376,14.418639047125842,14.669331928345628,0.0200560673981599,0.0644101792245476,0.983292296869504,0.0325620402672055,-2.0806658130601794,47.515,16.767441860465116,3.267343485617597,0.0042759128463082,0.2131979695431472,0.2428320655354008,0.0,0.0,0.0170895908855515,0.0096547688706846,0.55,0.0114101813926272,73.44068598065495,0.0129460471840704,0.0034419899477586,-990.7516891891892,9303000000.0,5686000000.0,-156514000000.0,9303000000.0,8066500000.0,1933000000.0,4198500000.0,212.7033352837917,0.0,0.0,0.4231245357761822,0.0,0.0,0.1039395005276116,0.2787162162162162,2021-07-26,5.21,amc,3489410000.0,2025-04-25,2021-06-30,0.0115163147792705,252.07222222222225,644465.6349206349
2021-03-31,AMP,USD,820027,2021-05-10,2021-05-10 15:21:41,2021,Q1,3350000000.0,0.0,3350000000.0,1.0,0,823000000.0,1175000000.0,1998000000.0,859000000.0,2857000000.0,2857000000.0,0.0,42000000.0,60000000.0,553000000.0,0.1650746269,493000000.0,0.1471641791,0.0,493000000.0,0.1471641791,56000000.0,437000000.0,0.1304477612,3.65,3.58,119800000,122200000,https://www.sec.gov/Archives/edgar/data/820027/000082002721000058/0000820027-21-000058-index.htm,https://www.sec.gov/Archives/edgar/data/820027/000082002721000058/amp-20210331.htm,27.963272120200333,3.647746243739566,-8.347245409015025,-8.530884808013356,347.4040066777963,45.926544240400666,45.926544240400666,45.926544240400666,47.97161936560935,27847510000.0,27765510000.0,15.931069794050345,8.312689552238806,-27.84751,-27.248052837573383,5.061343147946201,5.061343147946201,8.288211940298508,50.20887884267631,-27.76551,-27.167818003913897,0.0156926059098282,-0.0366998701140604,1.0368956743002544,0.0344220059491845,-0.1482820976491862,91.355,11.738095238095235,-2.288329519450801,0.0046323710809332,0.2951945080091533,0.2456716417910447,0.0,0.0,-0.022,0.0065671641791044,0.3666666666666666,0.0104477611940298,61.39534618291,0.0080768875334996,0.0026367075547403,-898.7291318864775,18071000000.0,5502000000.0,-141964000000.0,18071000000.0,7945000000.0,1384000000.0,4029500000.0,216.40298507462688,0.0,0.0,0.4158907510862818,0.0,0.0,0.079425663395129,0.1836393989983305,2021-04-26,4.73,amc,3218210000.0,2025-04-25,2021-03-31,0.1479915433403804,216.23032786885244,769316.131147541
2020-12-31,AMP,USD,820027,2021-02-24,2021-02-24 15:26:03,2020,Q4,3183000000.0,0.0,3183000000.0,1.0,0,828000000.0,1096000000.0,1924000000.0,1069000000.0,2993000000.0,2993000000.0,0.0,38000000.0,57000000.0,247000000.0,0.0775997487,190000000.0,0.0596921144,0.0,190000000.0,0.0596921144,13000000.0,177000000.0,0.0556079171,1.48,1.45,119800000,122200000,https://www.sec.gov/Archives/edgar/data/820027/000082002721000012/0000820027-21-000012-index.htm,https://www.sec.gov/Archives/edgar/data/820027/000082002721000012/amp-20201231.htm,26.569282136894824,1.4774624373956595,-8.480801335559265,-8.814691151919867,360.0,48.97328881469115,32.33722871452421,48.97328881469115,41.58597662771285,23280734000.0,21379734000.0,32.882392655367234,7.314085453974238,-22.914108267716536,-22.04614962121212,3.9680814726436,3.9680814726436,6.71685014137606,86.55762753036437,-21.04304527559055,-20.24596022727273,0.0076028530715569,-0.0453593945964074,0.8426793932162945,0.0298041390618689,-7.696356275303644,2.251760563380281,5.0,-5.740112994350283,0.005240384602994,0.6892655367231638,0.2601319509896324,0.0,0.0120144921420519,-0.0393700787401574,0.0125667609173735,0.7017543859649122,0.0122525918944392,40.34866019878841,0.0148266041212933,0.0010799926780157,-933.9670283806344,1422000000.0,3874000000.0,-157458000000.0,4276000000.0,7613500000.0,1353000000.0,-1885000000.0,221.53628652214897,0.0,0.0,0.4062539885130823,0.0,0.0,0.0301687404124765,0.333889816360601,2021-01-27,4.44,amc,3094110000.0,2025-04-25,2020-12-31,0.0202702702702702,178.98875,649153.46875
2020-09-30,AMP,USD,820027,2020-11-09,2020-11-09 15:43:47,2020,Q3,3003000000.0,0.0,3003000000.0,1.0,0,763000000.0,1028000000.0,1791000000.0,1396000000.0,3187000000.0,3187000000.0,0.0,37000000.0,54000000.0,-130000000.0,-0.0432900433,-184000000.0,-0.0612720613,0.0,-184000000.0,-0.0612720613,-44000000.0,-140000000.0,-0.0466200466,-1.14,-1.14,123000000,124900000,https://www.sec.gov/Archives/edgar/data/820027/000082002720000074/0000820027-20-000074-index.htm,https://www.sec.gov/Archives/edgar/data/820027/000082002720000074/amp-20200930.htm,24.414634146341463,-1.1382113821138211,7.609756097560975,7.2439024390243905,354.6910569105691,49.32520325203252,49.32520325203252,49.32520325203252,40.41463414634146,18955530000.0,16221530000.0,-33.84916071428572,6.312197802197802,20.251634615384617,21.274444444444445,3.124366243612988,3.124366243612988,5.401774891774892,-124.781,17.330694444444443,18.20598204264871,-0.0073857074953852,0.0470047527027732,0.8132520191198286,0.0310926540926477,21.03076923076923,1.2949238578680202,-4.972972972972973,-6.685714285714286,0.0065943816923082,-0.8928571428571429,0.2540792540792541,0.0,0.0,0.048076923076923,0.0149850149850149,0.8333333333333334,0.0116550116550116,,-0.0038105606967882,-0.0008822398810236,-849.239837398374,581000000.0,6067000000.0,-150069000000.0,581000000.0,7343500000.0,1710000000.0,-1523500000.0,221.53846153846152,0.0,0.0,0.40625,0.0,0.0,-0.0230756551837811,0.3658536585365853,2020-10-28,1.35,amc,3013000000.0,2025-04-25,2020-09-30,0.0888888888888888,154.00359375,669819.875
2020-06-30,AMP,USD,820027,2020-08-10,2020-08-10 16:55:25,2020,Q2,2712000000.0,0.0,2712000000.0,1.0,0,776000000.0,940000000.0,1716000000.0,1522000000.0,3238000000.0,3238000000.0,0.0,41000000.0,49000000.0,-477000000.0,-0.1758849558,-526000000.0,-0.1939528024,0.0,-526000000.0,-0.1939528024,13000000.0,-539000000.0,-0.1987463127,-4.31,-4.31,125000000,126200000,https://www.sec.gov/Archives/edgar/data/820027/000082002720000064/0000820027-20-000064-index.htm,https://www.sec.gov/Archives/edgar/data/820027/000082002720000064/amp-20200630.htm,21.696,-4.312,-1.52,-1.784,337.16,52.0,52.0,52.0,36.52,18755000000.0,15576000000.0,-8.698979591836734,6.915560471976401,-98.71052631578948,-84.10313901345292,2.885384615384615,2.885384615384615,5.743362831858407,-32.65408805031446,-81.97894736842105,-69.847533632287,-0.0287390029325513,-0.0118901626233004,0.696,0.0292055622264399,6.664570230607967,0.016762761137592,-12.829268292682928,0.3525046382189239,0.0068248467075446,-0.2374768089053803,0.2861356932153392,0.0,0.0,-0.1736842105263158,0.0121681415929203,0.673469387755102,0.0132743362831858,,0.0161025303976339,-0.0034796193722482,-810.414,-141713000000.0,6500000000.0,-145986000000.0,-141713000000.0,7241500000.0,1538500000.0,-2064500000.0,242.0907079646018,0.0,0.0,0.3717614804660726,0.0,0.0,-0.0829230769230769,0.264,2020-07-29,2.94,amc,2543863636.0,2025-04-25,2020-06-30,-0.1020408163265305,128.2073015873016,1115973.174603175
2020-03-31,AMP,USD,820027,2020-05-11,2020-05-11 15:58:40,2020,Q1,3001000000.0,0.0,3001000000.0,1.0,0,753000000.0,995000000.0,1748000000.0,-1098000000.0,650000000.0,650000000.0,0.0,46000000.0,47000000.0,2398000000.0,0.7990669777,2351000000.0,0.7834055315,0.0,2351000000.0,0.7834055315,315000000.0,2036000000.0,0.6784405198,16.11,15.88,126400000,128200000,https://www.sec.gov/Archives/edgar/data/820027/000082002720000042/0000820027-20-000042-index.htm,https://www.sec.gov/Archives/edgar/data/820027/000082002720000042/amp03312020.htm,23.742088607594937,16.10759493670886,38.71044303797469,38.48101265822785,321.79588607594934,52.95094936708861,52.95094936708861,52.95094936708861,31.376582278481013,12953472000.0,8044472000.0,1.5905540275049117,4.31638520493169,2.647347639484978,2.6631315789473686,1.9353760645450475,1.9353760645450475,2.6805971342885706,3.354658882402002,1.644077661966074,1.6538799342105264,0.1571779365408749,0.3754977815986324,0.5856865381742119,0.0269079227358218,-2.0471226021684736,0.0210459419315267,51.10869565217392,2.4032416502946954,0.009418324291742,0.0599214145383104,0.250916361212929,0.0,0.0,0.0059268342530145,0.0096634455181606,0.6170212765957447,0.011996001332889,138.52988842911475,-0.0202746437498132,0.0139756455842176,-747.4011075949367,-132475000000.0,6693000000.0,-136141000000.0,-132475000000.0,7199000000.0,1655500000.0,-2276000000.0,215.568143952016,0.0,0.0,0.4175013912075682,0.0,0.0,0.3041984162557896,0.2294303797468354,2020-05-06,3.88,amc,2203778188.0,2025-04-25,2020-03-31,0.3943298969072166,148.1643548387097,1021111.3064516129
2019-12-31,AMP,USD,820027,2020-02-26,2020-02-26 16:25:43,2019,Q4,3074000000.0,0.0,3074000000.0,1.0,0,839000000.0,991000000.0,1830000000.0,710000000.0,2540000000.0,2540000000.0,0.0,50000000.0,51000000.0,585000000.0,0.1903057905,534000000.0,0.1737150293,0.0,534000000.0,0.1737150293,71000000.0,463000000.0,0.1506180872,3.59,3.53,129000000,131300000,https://www.sec.gov/Archives/edgar/data/820027/000082002720000010/0000820027-20-000010-index.htm,https://www.sec.gov/Archives/edgar/data/820027/000082002720000010/amp12312019.htm,23.829457364341085,3.5891472868217056,-1.806201550387597,-2.13953488372093,286.4806201550388,44.41085271317829,28.984496124031008,44.41085271317829,38.57364341085271,21488820000.0,22587820000.0,11.60303455723542,6.990507482108002,-92.22669527896996,-77.85804347826087,3.7508849711991625,3.7508849711991625,7.348022121014963,38.61165811965812,-96.94343347639484,-81.83992753623188,0.0215460876865272,-0.0128438881241501,0.8598359224995636,0.0324446083726321,1.8786324786324784,0.0168704173766713,10.68,-0.5032397408207343,0.0057704424905602,0.2678185745140389,0.2729342875731945,0.0,0.0131069367969017,-0.1845493562231759,0.0139882888744307,0.8431372549019608,0.0113858165256994,59.88684796531873,-0.0221743295019157,0.0030900038708471,-809.7906976744187,-139045000000.0,3739000000.0,-143713000000.0,-136178000000.0,7279000000.0,1833500000.0,-1712500000.0,211.0930383864672,0.0,0.0,0.4263522884882108,0.0,0.0,0.0808168964915343,0.3333333333333333,2020-01-29,4.27,amc,3163123809.0,2025-04-25,2019-12-31,-0.0163934426229506,154.95828125,831616.328125
2019-09-30,AMP,USD,820027,2019-11-12,2019-11-12 12:27:30,2019,Q3,3317000000.0,0.0,3317000000.0,1.0,0,820000000.0,971000000.0,1791000000.0,885000000.0,2676000000.0,2676000000.0,0.0,52000000.0,41000000.0,682000000.0,0.2056074766,641000000.0,0.1932469099,0.0,641000000.0,0.1932469099,98000000.0,543000000.0,0.1637021405,4.09,4.04,132700000,134500000,https://www.sec.gov/Archives/edgar/data/820027/000082002719000077/0000820027-19-000077-index.htm,https://www.sec.gov/Archives/edgar/data/820027/000082002719000077/amp09302019.htm,24.99623210248681,4.091936699321779,10.715900527505651,10.467219291635269,273.9939713639789,45.19216277317257,45.19216277317257,45.19216277317257,37.85983421250942,19520170000.0,19100170000.0,8.987186924493553,5.884886946035574,13.72726441631505,14.053398128149748,3.2549891612472903,3.2549891612472903,5.758266505878806,28.006114369501468,13.43190576652602,13.751022318214543,0.0278173806887952,0.0711571671763104,0.8290812072703018,0.0332546333763619,-0.6158357771260997,0.0156621471694307,12.326923076923077,2.6187845303867405,0.0065060908793314,0.2338858195211786,0.2472113355441664,0.0,0.0,0.0232067510548523,0.0099487488694603,0.8048780487804879,0.0108531805848658,64.50409336544881,-0.019039270687237,0.0036317912154795,-773.4061793519217,-136632000000.0,5997000000.0,-141342000000.0,-136358000000.0,7391500000.0,1734500000.0,-1692000000.0,199.3729273439855,0.0,0.0,0.4514153511159499,0.0,0.0,0.0905452726363181,0.2486812358703843,2019-10-23,4.1,amc,3334733009.0,2025-04-25,2019-09-30,0.0341463414634147,140.1309375,1040697.703125
2019-06-30,AMP,USD,820027,2019-08-05,2019-08-05 12:45:45,2019,Q2,3245000000.0,0.0,3245000000.0,1.0,0,823000000.0,948000000.0,1771000000.0,887000000.0,2658000000.0,2658000000.0,0.0,59000000.0,45000000.0,632000000.0,0.194761171,587000000.0,0.1808936826,0.0,587000000.0,0.1808936826,95000000.0,492000000.0,0.1516178737,3.61,3.57,136100000,138000000,https://www.sec.gov/Archives/edgar/data/820027/000082002719000062/0000820027-19-000062-index.htm,https://www.sec.gov/Archives/edgar/data/820027/000082002719000062/amp06302019.htm,23.84276267450404,3.6149889786921374,7.200587803085966,6.936076414401176,257.1858927259368,44.305657604702425,44.305657604702425,44.305657604702425,37.25936811168258,19836575000.0,20487575000.0,10.079560467479672,6.112966101694915,20.24140306122449,21.01332097457627,3.2896475953565507,3.2896475953565507,6.313582434514638,32.41704905063291,20.905688775510203,21.702939618644063,0.0248026688074932,0.0475888604761658,0.8311774461028192,0.0337104346305438,1.0300632911392404,0.017237003357481,9.94915254237288,1.991869918699187,0.0065031387726963,0.2621951219512195,0.2536209553158706,0.0,0.0,0.036734693877551,0.0110939907550077,0.8,0.010477657935285,60.03082906749584,0.0589292130794107,0.0033091647721922,-755.1487876561351,-135524000000.0,6030000000.0,-140271000000.0,-135243000000.0,7448500000.0,1641000000.0,-1175000000.0,206.2095531587057,0.0,0.0,0.4364492266308002,0.0,0.0,0.081592039800995,0.2645113886847905,2019-07-24,4.04,amc,3265832512.0,2025-04-25,2019-06-30,0.0049504950495048,144.54650793650794,871711.8095238095
2019-03-31,AMP,USD,820027,2019-05-01,2019-05-01 16:17:57,2019,Q1,3118000000.0,0.0,3118000000.0,1.0,0,805000000.0,900000000.0,1705000000.0,943000000.0,2648000000.0,2648000000.0,0.0,53000000.0,46000000.0,516000000.0,0.1654906992,470000000.0,0.1507376523,0.0,470000000.0,0.1507376523,75000000.0,395000000.0,0.1266837716,2.85,2.82,138800000,140100000,https://www.sec.gov/Archives/edgar/data/820027/000082002719000046/0000820027-19-000046-index.htm,https://www.sec.gov/Archives/edgar/data/820027/000082002719000046/amp03312019.htm,22.46397694524496,2.845821325648415,1.239193083573487,1.015850144092219,231.3472622478386,42.09654178674352,42.09654178674352,42.09654178674352,38.7536023054755,18415984000.0,20394984000.0,11.655686075949369,5.906345093008339,107.06967441860466,130.60981560283687,3.151802841006333,3.151802841006333,6.541046824887749,39.52516279069768,118.57548837209302,144.6452765957447,0.0214487588607809,0.0076563924034686,0.9115180557932568,0.0368828902446625,3.8352713178294575,0.0192074312682597,8.867924528301886,0.4354430379746835,0.0067332812626249,0.3139240506329114,0.2581783194355356,0.0,0.0,0.1802325581395348,0.0099422706863373,0.6739130434782609,0.0096215522771007,51.918039426939046,0.0405669097257882,0.0027354002340671,-729.9747838616714,-130926000000.0,5843000000.0,-135996000000.0,-130655000000.0,6823500000.0,1729000000.0,-866000000.0,215.3880692751764,0.0,0.0,0.4178504422406861,0.0,0.0,0.0676022591134691,0.223342939481268,2019-04-24,3.61,amc,3068920000.0,2025-04-25,2019-03-31,0.038781163434903,124.11229508196722,1016634.2459016392
2018-12-31,AMP,USD,820027,2019-02-27,2019-02-26 17:58:54,2018,Q4,3179000000.0,0.0,3179000000.0,1.0,0,792000000.0,910000000.0,1702000000.0,825000000.0,2527000000.0,2527000000.0,0.0,64000000.0,46000000.0,698000000.0,0.2195659012,652000000.0,0.2050959421,0.0,652000000.0,0.2050959421,113000000.0,539000000.0,0.169550173,3.81,3.76,141500000,143200000,https://www.sec.gov/Archives/edgar/data/820027/000082002719000010/0000820027-19-000010-index.htm,https://www.sec.gov/Archives/edgar/data/820027/000082002719000010/amp12312018.htm,22.46643109540636,3.809187279151943,10.515901060070671,10.197879858657243,241.37809187279152,39.49116607773852,39.49116607773852,39.49116607773852,34.45229681978799,14768355000.0,16482355000.0,6.849886363636364,4.64559767222397,9.924969758064517,10.23448024948025,2.6428695418754478,2.6428695418754478,5.184760931110412,23.613689111747853,11.076851478494625,11.422283437283438,0.0364969558220939,0.0977089188335464,0.8609520400858983,0.0350615088619402,2.4555873925501435,0.0229101387204963,10.1875,2.7606679035250465,0.0085317559064635,0.2337662337662337,0.2491349480968858,0.0,0.0,0.0302419354838709,0.0141553947782321,0.9782608695652174,0.0122680088078011,58.17781422414787,0.0773647193914166,0.0039281133395522,-658.8851590106007,-124108000000.0,5588000000.0,-128718000000.0,-123473000000.0,6116000000.0,1864500000.0,-706500000.0,175.10223340673167,0.0,0.0,0.5139854486661277,0.0,0.0,0.0964566929133858,0.3180212014134275,2019-01-30,3.58,amc,3022273684.0,2025-04-25,2018-12-31,0.0614525139664803,125.57126984126984,1117439.5555555555
2018-09-30,AMP,USD,820027,2018-11-05,2018-11-05 15:02:29,2018,Q3,3292000000.0,0.0,3292000000.0,1.0,0,802000000.0,920000000.0,1722000000.0,982000000.0,2704000000.0,2704000000.0,0.0,50000000.0,45000000.0,633000000.0,0.1922843256,588000000.0,0.1786148238,0.0,588000000.0,0.1786148238,85000000.0,503000000.0,0.1527946537,3.48,3.43,144400000,146500000,https://www.sec.gov/Archives/edgar/data/820027/000082002718000076/0000820027-18-000076-index.htm,https://www.sec.gov/Archives/edgar/data/820027/000082002718000076/amp09302018.htm,22.797783933518005,3.4833795013850417,3.7950138504155126,3.4626038781163437,230.73407202216063,38.90581717451524,38.90581717451524,38.90581717451524,31.101108033241,21491052000.0,23454052000.0,10.681437375745528,6.52826609963548,39.21724817518248,42.982104,3.825391954432183,3.825391954432183,7.12456014580802,37.05221484992101,42.79936496350365,46.908104,0.0234050897089635,0.0232654967285919,0.7904948380206479,0.0305872953557727,3.1011058451816744,0.0184212276384917,11.76,1.0894632206759445,0.0059094361690623,0.2524850894632207,0.2436208991494532,0.0,0.0,0.0875912408759124,0.0145808019441069,1.0666666666666669,0.0109356014580801,55.220320858200935,0.0529864110397134,0.0034644020634887,-706.5668282548477,-132840000000.0,5618000000.0,-137080000000.0,-132840000000.0,5988500000.0,1808000000.0,-666500000.0,165.31895504252734,0.0,0.0,0.5444021829006118,0.0,0.0,0.0895336418654325,0.3324099722991689,2018-10-23,3.69,amc,3271668449.0,2025-04-25,2018-09-30,0.097560975609756,143.09841269841272,838362.8571428572
2018-06-30,AMP,USD,820027,2018-08-06,2018-08-06 16:22:43,2018,Q2,3196000000.0,0.0,3196000000.0,1.0,0,788000000.0,902000000.0,1690000000.0,958000000.0,2648000000.0,2648000000.0,0.0,80000000.0,51000000.0,599000000.0,0.1874217772,548000000.0,0.1714643304,0.0,548000000.0,0.1714643304,86000000.0,462000000.0,0.1445556946,3.14,3.1,147000000,149000000,https://www.sec.gov/Archives/edgar/data/820027/000082002718000055/0000820027-18-000055-index.htm,https://www.sec.gov/Archives/edgar/data/820027/000082002718000055/amp06302018.htm,21.741496598639458,3.142857142857143,5.2312925170068025,4.98639455782313,224.7687074829932,38.31292517006803,38.31292517006803,38.31292517006803,31.10204081632653,20562360000.0,22472360000.0,11.126818181818182,6.43377972465582,26.73908972691807,28.05233287858117,3.650987215909091,3.650987215909091,7.031401752190238,37.516460767946576,29.222834850455136,30.65806275579809,0.0224682380816209,0.0356476591208402,0.7975852272727273,0.0313538263952871,3.18864774624374,0.019430799805017,6.85,1.6645021645021645,0.0063708640447886,0.2835497835497835,0.246558197747184,0.0,0.0,0.0468140442132639,0.0112640801001251,0.7058823529411765,0.0115769712140175,52.05065933325186,-0.0166774962096599,0.0032247256889186,-683.7108843537414,-130754000000.0,5632000000.0,-135045000000.0,-130754000000.0,5905000000.0,1679000000.0,-767500000.0,166.98998748435545,0.0,0.0,0.5389544688026982,0.0,0.0,0.08203125,0.2448979591836734,2018-07-24,3.48,amc,3108800000.0,2025-04-25,2018-06-30,0.0344827586206896,141.7378125,1155328.59375
2018-03-31,AMP,USD,820027,2018-05-02,2018-05-02 17:28:13,2018,Q1,3168000000.0,0.0,3168000000.0,1.0,0,789000000.0,905000000.0,1694000000.0,778000000.0,2472000000.0,2472000000.0,0.0,51000000.0,56000000.0,752000000.0,0.2373737374,696000000.0,0.2196969697,0.0,696000000.0,0.2196969697,102000000.0,594000000.0,0.1875,3.97,3.91,149500000,152100000,https://www.sec.gov/Archives/edgar/data/820027/000082002718000040/0000820027-18-000040-index.htm,https://www.sec.gov/Archives/edgar/data/820027/000082002718000040/amp03312018.htm,21.190635451505017,3.97324414715719,-1.391304347826087,-1.6120401337792645,217.5250836120401,39.06354515050168,39.06354515050168,39.06354515050168,35.49832775919732,22117030000.0,25172030000.0,9.308514309764307,6.981385732323233,-106.331875,-91.77190871369297,3.787162671232876,3.787162671232876,7.945716540404041,33.47344414893617,-121.019375,-104.4482572614108,0.0268571322641421,-0.0108965805987512,0.9,0.0363078708500849,4.0625,0.0210507443955567,13.647058823529411,-0.3501683501683502,0.0055161113404467,0.2053872053872054,0.2490530303030303,0.0,0.0,-0.1586538461538461,0.0104166666666666,0.5892857142857143,0.0101010101010101,59.09486058930956,-0.0226466887795951,0.0041032867741534,-684.9598662207358,-131049000000.0,5840000000.0,-136104000000.0,-131049000000.0,2942500000.0,1792000000.0,-961500000.0,167.04545454545453,0.0,0.0,0.5387755102040817,0.0,0.0,0.1017123287671232,0.2207357859531772,2018-04-23,3.46,amc,2977470270.0,2025-04-25,2018-03-31,0.069364161849711,163.12540983606556,1102224.475409836
2017-12-31,AMP,USD,820027,2018-02-23,2018-02-22 20:33:10,2017,Q4,3160000000.0,0.0,3160000000.0,1.0,0,807000000.0,894000000.0,1701000000.0,859000000.0,2560000000.0,2560000000.0,0.0,53000000.0,58000000.0,658000000.0,0.2082278481,600000000.0,0.1898734177,0.0,600000000.0,0.1898734177,419000000.0,181000000.0,0.057278481,1.2,1.18,151000000,153800000,https://www.sec.gov/Archives/edgar/data/820027/000082002718000008/0000820027-18-000008-index.htm,https://www.sec.gov/Archives/edgar/data/820027/000082002718000008/amp12312017.htm,20.927152317880797,1.1986754966887416,3.456953642384106,3.2119205298013247,222.16556291390728,39.72185430463576,39.72185430463576,39.72185430463576,35.443708609271525,25589970000.0,28268970000.0,35.34526243093923,8.098091772151898,49.02293103448276,52.762824742268045,4.266417139046348,4.266417139046348,8.945876582278482,42.96196048632219,54.15511494252873,58.28653608247423,0.007073083712095,0.0189527381235695,0.883461153717906,0.0359327320811012,4.071428571428571,0.0230738774672258,11.320754716981131,2.883977900552486,0.0048065706993794,0.6795580110497238,0.255379746835443,0.0,0.0,0.0708812260536398,0.0117088607594936,0.6379310344827587,0.0094936708860759,32.73081579116475,0.016024789729969,0.0012273682782938,-718.365894039735,-133241000000.0,5998000000.0,-138325000000.0,-132615000000.0,2878000000.0,1851500000.0,-1152500000.0,0.1424050632911392,0.0,0.0,632.0,0.0,0.0,0.0301767255751917,0.2450331125827814,2018-01-24,3.09,amc,920969325.0,2025-04-25,2017-12-31,0.0550161812297734,160.238253968254,782294.1428571428
2017-09-30,AMP,USD,820027,2017-11-01,2017-11-01 17:16:55,2017,Q3,3014000000.0,0.0,3014000000.0,1.0,0,781000000.0,850000000.0,1631000000.0,750000000.0,2381000000.0,2381000000.0,0.0,52000000.0,55000000.0,688000000.0,0.2282680823,633000000.0,0.2100199071,0.0,633000000.0,0.2100199071,126000000.0,507000000.0,0.1682149967,3.29,3.24,153000000,155400000,https://www.sec.gov/Archives/edgar/data/820027/000082002717000058/0000820027-17-000058-index.htm,https://www.sec.gov/Archives/edgar/data/820027/000082002717000058/amp09302017.htm,19.69934640522876,3.313725490196078,2.895424836601307,2.549019607843137,217.843137254902,41.209150326797385,41.209150326797385,41.209150326797385,35.43790849673203,22722030000.0,25588030000.0,11.204156804733726,7.538828798938288,51.29126410835215,58.26161538461538,3.603811260904045,3.603811260904045,8.489724618447246,37.19190406976744,57.76079006772009,65.61033333333333,0.0223131471967953,0.0171639593821502,0.8517049960348929,0.0369107680464099,4.165697674418604,0.0233635793809509,12.173076923076923,0.8807157057654076,0.0054572588804785,0.2445759368836292,0.2591240875912409,0.0,0.0,0.1196388261851015,0.017584605175846,0.9636363636363636,0.0099535500995355,55.43018822819103,0.052074774034511,0.0034848713965604,-667.5702614379085,-130881000000.0,6305000000.0,-136050000000.0,-130881000000.0,5635000000.0,1664000000.0,-1232500000.0,171.728599867286,0.0,0.0,0.5240827682142236,0.0,0.0,0.0804123711340206,0.3464052287581699,2017-10-24,2.79,amc,2391654390.0,2025-04-25,2017-09-30,0.2652329749103941,139.62523809523807,1042154.761904762
2017-06-30,AMP,USD,820027,2017-08-02,2017-08-02 16:53:37,2017,Q2,3012000000.0,0.0,3012000000.0,1.0,0,767000000.0,831000000.0,1598000000.0,903000000.0,2501000000.0,2501000000.0,0.0,52000000.0,58000000.0,569000000.0,0.1889110226,511000000.0,0.1696547145,0.0,511000000.0,0.1696547145,118000000.0,393000000.0,0.1304780876,2.53,2.5,155100000,157500000,https://www.sec.gov/Archives/edgar/data/820027/000082002717000048/0000820027-17-000048-index.htm,https://www.sec.gov/Archives/edgar/data/820027/000082002717000048/amp06302017.htm,19.41972920696325,2.5338491295938104,4.706640876853643,4.455190199871051,214.1199226305609,40.29658284977434,40.29658284977434,40.29658284977434,35.25467440361057,19742679000.0,22595679000.0,12.55895610687023,6.554674302788845,27.044765753424656,28.571170767004343,3.1588286400000003,3.1588286400000003,7.50188545816733,39.71121089630932,30.95298493150685,32.69996960926194,0.0199061130457523,0.0350003158132693,0.86656,0.0378360252612753,5.014059753954306,0.0233296374489284,9.826923076923077,1.8575063613231555,0.0064327642666934,0.3231552162849873,0.2546480743691899,0.0,0.0,0.0534246575342465,0.0129482071713147,0.6724137931034483,0.0099601593625498,47.930917798837065,0.0409631019387116,0.0027454870619795,-645.884912959381,-128606000000.0,6250000000.0,-133822000000.0,-128606000000.0,5445500000.0,1535000000.0,-1203000000.0,164.91035856573706,0.0,0.0,0.5457510418554086,0.0,0.0,0.06288,0.2514506769825919,2017-07-25,2.62,amc,2829600000.0,2025-04-25,2017-06-30,0.0687022900763357,126.98317460317462,1090996.9206349207
2017-03-31,AMP,USD,820027,2017-05-03,2017-05-03 15:59:46,2017,Q1,2926000000.0,0.0,2926000000.0,1.0,0,777000000.0,823000000.0,1600000000.0,851000000.0,2451000000.0,2451000000.0,0.0,50000000.0,63000000.0,538000000.0,0.1838687628,475000000.0,0.1623376623,0.0,475000000.0,0.1623376623,72000000.0,403000000.0,0.1377306904,2.56,2.52,157500000,160100000,https://www.sec.gov/Archives/edgar/data/820027/000082002717000035/0000820027-17-000035-index.htm,https://www.sec.gov/Archives/edgar/data/820027/000082002717000035/amp03312017.htm,18.57777777777778,2.5587301587301585,0.0380952380952381,-0.1714285714285714,207.9936507936508,39.53650793650794,39.53650793650794,39.53650793650794,34.93333333333333,20424600000.0,23699600000.0,12.670347394540943,6.980382775119617,3404.1,-756.4666666666667,3.280006423638992,3.280006423638992,8.099658236500341,44.05130111524164,3949.933333333333,-877.762962962963,0.0197311085651616,-0.0013219353132986,0.8755419945399069,0.0387059216084397,6.087360594795539,0.0263027717231677,9.5,0.0148883374689826,0.0057283863576275,0.2903225806451613,0.2655502392344497,0.0,0.0,5.5,0.0112781954887218,0.5238095238095238,0.0105946684894053,47.709257410175496,0.0404577853629153,0.0028610576684154,-624.8444444444444,-125975000000.0,6227000000.0,-131227000000.0,-125975000000.0,5341000000.0,1598500000.0,-1460000000.0,165.23581681476418,0.0,0.0,0.5446760982874163,0.0,0.0,0.0647181628392484,0.2095238095238095,2017-04-24,2.52,amc,2740266666.0,2025-04-25,2017-03-31,0.0714285714285715,123.75903225806452,1136066.9838709678
2016-12-31,AMP,USD,820027,2017-02-23,2017-02-23 16:57:59,2016,Q4,3062000000.0,0.0,3062000000.0,1.0,0,756000000.0,831000000.0,1587000000.0,1006000000.0,2593000000.0,2593000000.0,0.0,81000000.0,61000000.0,530000000.0,0.173089484,469000000.0,0.1531678641,0.0,469000000.0,0.1531678641,69000000.0,400000000.0,0.1306335728,2.49,2.46,160400000,162400000,https://www.sec.gov/Archives/edgar/data/820027/000082002717000007/0000820027-17-000007-index.htm,https://www.sec.gov/Archives/edgar/data/820027/000082002717000007/ameriprisefinancial12312016.htm,19.08977556109725,2.493765586034913,1.658354114713217,1.4962593516209477,207.0137157107232,39.22693266832918,39.22693266832918,39.22693266832918,34.395261845386536,17794776000.0,20744776000.0,11.121735,5.811487916394514,66.89765413533834,74.1449,2.828158931977114,2.828158931977114,6.774910516002612,39.14108679245283,77.98787969924813,86.43656666666666,0.0224785071753642,0.0134871043052185,0.8639542275905913,0.0388782800866822,5.566037735849057,0.0259640042714723,5.790123456790123,0.665,0.0066311596167324,0.295,0.2468974526453298,0.0,0.0,0.0977443609022556,0.008491182233834,0.4262295081967213,0.0107772697583278,46.9149489130568,0.0340715502555366,0.0028608005950465,-606.175187032419,-124962000000.0,6292000000.0,-130198000000.0,-124355000000.0,5323000000.0,1612500000.0,-1720500000.0,156.07446113651207,0.0,0.0,0.5766478342749529,0.0,0.0,0.0635727908455181,0.1620947630922693,2017-02-01,2.43,amc,2826989010.0,2025-04-25,2016-12-31,0.1234567901234567,105.60428571428572,1191223.619047619
2016-09-30,AMP,USD,820027,2016-11-02,2016-11-02 17:02:59,2016,Q3,2998000000.0,0.0,2998000000.0,1.0,0,731000000.0,798000000.0,1529000000.0,1231000000.0,2760000000.0,2760000000.0,0.0,52000000.0,60000000.0,298000000.0,0.0993995997,238000000.0,0.0793862575,0.0,238000000.0,0.0793862575,23000000.0,215000000.0,0.0717144763,1.31,1.3,164000000,165800000,https://www.sec.gov/Archives/edgar/data/820027/000082002716000237/0000820027-16-000237-index.htm,https://www.sec.gov/Archives/edgar/data/820027/000082002716000237/amp09302016.htm,18.28048780487805,1.3109756097560976,2.1951219512195124,2.0121951219512195,208.09756097560972,41.4390243902439,41.4390243902439,41.4390243902439,35.951219512195124,16362280000.0,18877280000.0,19.025906976744185,5.457731821214143,45.45077777777777,49.58266666666667,2.407633902295468,2.407633902295468,6.296624416277519,63.346577181208055,52.43688888888889,57.20387878787879,0.0131399780470692,0.0201683383978272,0.8599175985874044,0.0406898616516853,8.439597315436242,0.0225791451636263,4.576923076923077,1.6744186046511629,0.0074561735894997,0.5674418604651162,0.2438292194796531,0.0,0.0,0.0833333333333333,0.010006671114076,0.5,0.0110073382254836,34.96176312806894,0.0212576626458374,0.0014969747185339,-606.8810975609756,-128221000000.0,6796000000.0,-133865000000.0,-128221000000.0,5263000000.0,1417500000.0,-2801500000.0,160.18679119412943,0.0,0.0,0.5618440779610195,0.0,0.0,0.031636256621542,0.1829268292682926,2016-10-25,2.41,amc,5316934306.0,2025-04-25,2016-09-30,-0.0497925311203319,96.88890625,869120.796875
2016-06-30,AMP,USD,820027,2016-08-01,2016-08-01 15:25:39,2016,Q2,2871000000.0,0.0,2871000000.0,1.0,0,763000000.0,803000000.0,1566000000.0,895000000.0,2461000000.0,2461000000.0,0.0,53000000.0,62000000.0,472000000.0,0.1644026472,410000000.0,0.1428073842,0.0,410000000.0,0.1428073842,75000000.0,335000000.0,0.1166840822,1.99,1.97,168300000,170100000,https://www.sec.gov/Archives/edgar/data/820027/000082002716000225/0000820027-16-000225-index.htm,https://www.sec.gov/Archives/edgar/data/820027/000082002716000225/amp06302016.htm,17.058823529411764,1.9904931669637551,4.301841948900773,4.254307783719549,197.31431966726083,42.121212121212125,42.121212121212125,42.121212121212125,32.406417112299465,15121754999.999998,17472755000.0,11.284891791044776,5.2670689655172405,20.886401933701656,21.119769553072626,2.1331294964028773,2.1331294964028773,6.085947405085336,37.01854872881355,24.13363950276243,24.40328910614525,0.0221535132661519,0.0473490014882531,0.7618846099590916,0.0378528776877575,4.9809322033898304,0.0219795389358406,7.735849056603773,2.1611940298507464,0.0082001064029935,0.3701492537313433,0.2657610588645071,0.0,0.0,0.011049723756906,0.0027864855451062,0.1290322580645161,0.0118425635667014,43.433220701541714,0.0462707182320442,0.0023478455888536,-596.9370172311349,-127528000000.0,7089000000.0,-132729000000.0,-127528000000.0,5242500000.0,1295500000.0,-3554000000.0,162.6959247648903,0.0,0.0,0.5531791907514451,0.0,0.0,0.0472563125969812,0.047534165181224,2016-07-26,2.26,amc,2917730941.0,2025-04-25,2016-06-30,-0.0132743362831857,96.613125,1270046.234375
2016-03-31,AMP,USD,820027,2016-05-05,2016-05-05 15:39:51,2016,Q1,2765000000.0,0.0,2765000000.0,1.0,0,727000000.0,770000000.0,1497000000.0,793000000.0,2290000000.0,2290000000.0,0.0,55000000.0,65000000.0,540000000.0,0.1952983725,475000000.0,0.1717902351,0.0,475000000.0,0.1717902351,111000000.0,364000000.0,0.1316455696,2.11,2.09,172600000,174400000,https://www.sec.gov/Archives/edgar/data/820027/000082002716000211/0000820027-16-000211-index.htm,https://www.sec.gov/Archives/edgar/data/820027/000082002716000211/amp03312016.htm,16.019698725376593,2.108922363847045,3.5979142526071843,3.435689455388181,186.9930475086906,41.095017381228274,41.095017381228274,41.095017381228274,32.50869061413673,16226126000.0,18987126000.0,11.144317307692308,5.8684,26.12902737520129,27.362775716694777,2.287625264345129,2.287625264345129,6.866953345388788,35.161344444444445,30.575082125603863,32.018762225969645,0.0224329578113716,0.0365459999509433,0.7833074862540533,0.039614973262032,5.112962962962963,0.0226915282353033,8.636363636363637,1.706043956043956,0.0070873355722739,0.3159340659340659,0.2629294755877034,0.0,0.0,0.0450885668276972,0.010126582278481,0.4307692307692308,0.0122965641952983,44.15868574758533,0.0475009787289573,0.0025953654188948,-570.6532444959444,-124901000000.0,7093000000.0,-130257000000.0,-124901000000.0,5284500000.0,1453000000.0,-2554000000.0,172.3508137432188,0.0,0.0,0.52219074598678,0.0,0.0,0.0513182010432821,0.1622247972190034,2016-04-27,2.18,amc,2786783410.0,2025-04-25,2016-03-31,-0.0045871559633028,89.65852459016394,1754305.2950819673
2015-12-31,AMP,USD,820027,2016-02-25,2016-02-25 15:01:36,2015,Q4,3103000000.0,0.0,3103000000.0,1.0,0,794000000.0,816000000.0,1610000000.0,1047000000.0,2657000000.0,2657000000.0,0.0,116000000.0,63000000.0,509000000.0,0.164034805,446000000.0,0.1437318724,0.0,446000000.0,0.1437318724,66000000.0,357000000.0,0.1150499517,2.02,2.0,176600000,178900000,https://www.sec.gov/Archives/edgar/data/820027/000082002716000168/0000820027-16-000168-index.htm,https://www.sec.gov/Archives/edgar/data/820027/000082002716000168/ameriprisefinancial12312015.htm,17.570781426953566,2.0215175537938843,3.7882219705549263,3.652321630804077,178.55039637599094,47.59343148357871,47.59343148357871,40.86636466591167,59.8074745186863,18793772000.0,26380772000.0,13.160904761904764,6.056645826619401,28.092334828101645,29.13763100775194,2.604097547457392,2.604097547457392,8.501699000966806,51.82862868369352,39.433142002989534,40.90042170542635,0.0189956545178902,0.0343198800113143,1.4474158237494803,0.0719129279425027,14.905697445972494,0.0230608622213185,3.844827586206896,1.7605263157894735,0.0062254666067035,0.3277310924369748,0.2558814050918466,0.0,0.0,0.0358744394618834,0.0077344505317434,0.3809523809523809,0.0119239445697711,43.11347416373863,0.0215138991111362,0.0024576790422624,-579.4818799546999,-124930000000.0,8405000000.0,-133905000000.0,-124206000000.0,5281500000.0,1543500000.0,-2127000000.0,152.96809539155657,0.0,0.0,0.5883579825559347,0.0,0.0,0.049466537342386,0.1359003397508493,2016-01-27,2.35,amc,2960809716.0,2025-04-25,2015-12-31,0.051063829787234,111.7521875,1040884.578125
2015-09-30,AMP,USD,820027,2015-11-02,2015-11-02 16:12:23,2015,Q3,2886000000.0,0.0,2886000000.0,1.0,0,744000000.0,806000000.0,1550000000.0,873000000.0,2423000000.0,2423000000.0,0.0,98000000.0,62000000.0,525000000.0,0.1819126819,463000000.0,0.1604296604,0.0,463000000.0,0.1604296604,111000000.0,397000000.0,0.1375606376,2.2,2.17,180400000,182700000,https://www.sec.gov/Archives/edgar/data/820027/000082002715000130/0000820027-15-000130-index.htm,https://www.sec.gov/Archives/edgar/data/820027/000082002715000130/amp09302015.htm,15.99778270509978,2.2006651884700665,2.056541019955654,1.8237250554323725,182.12860310421289,48.89689578713969,48.89689578713969,42.289356984478935,62.32261640798226,19687052000.0,27262052000.0,12.397387909319898,6.821570339570339,53.06483018867924,59.83906382978723,2.580554725389959,2.580554725389959,9.446310464310464,51.9277180952381,73.48261994609165,82.86337993920972,0.0201655382431051,0.0167114913903818,1.460872984663783,0.0766928158546655,14.428571428571429,0.0213261168005301,4.724489795918367,1.0539772727272727,0.0060445819922657,0.2997481108312342,0.2577962577962578,0.0,0.0,0.1132075471698113,0.0145530145530145,0.6774193548387096,0.0131670131670131,45.75976512796849,0.0391764051196438,0.0027319020093586,-558.9426274944568,-124043000000.0,8821000000.0,-133796000000.0,-124043000000.0,5278000000.0,1388000000.0,-1978500000.0,164.93762993762994,0.0,0.0,0.5456608054452637,0.0,0.0,0.0520382750032769,0.2328159645232816,2015-10-21,2.33,amc,2868378723.0,2025-04-25,2015-09-30,0.0085836909871244,117.96,1274462.078125
2015-06-30,AMP,USD,820027,2015-08-03,2015-08-03 15:50:11,2015,Q2,3128000000.0,0.0,3128000000.0,1.0,0,792000000.0,835000000.0,1627000000.0,886000000.0,2513000000.0,2513000000.0,0.0,89000000.0,57000000.0,672000000.0,0.2148337596,615000000.0,0.1966112532,0.0,615000000.0,0.1966112532,139000000.0,415000000.0,0.1326726343,2.26,2.23,183800000,186400000,https://www.sec.gov/Archives/edgar/data/820027/000082002715000098/0000820027-15-000098-index.htm,https://www.sec.gov/Archives/edgar/data/820027/000082002715000098/amp06302015.htm,17.01849836779108,2.257889009793254,3.367791077257889,3.161044613710555,176.64853101196954,48.94450489662677,48.94450489662677,42.84548422198041,58.199129488574535,22962134000.0,30529134000.0,13.832610843373496,7.340835677749361,37.09553150242326,39.52174526678141,2.91582653968254,2.91582653968254,9.759953324808183,45.43025892857143,49.32008723747981,52.54584165232358,0.0180732330888757,0.0253025263244261,1.347047619047619,0.0712874480867706,11.260416666666666,0.0190847590079909,6.910112359550562,1.300420168067227,0.0053130950285369,0.2939759036144578,0.2531969309462916,0.0,0.0,0.061389337641357,0.0121483375959079,0.6666666666666666,0.0111892583120204,46.65466566959618,0.0523191910309958,0.0027888660403478,-566.9926550598476,-128032000000.0,8996000000.0,-137319000000.0,-128032000000.0,5203500000.0,1308000000.0,-2060500000.0,151.54411764705884,0.0,0.0,0.5938864628820961,0.0,0.0,0.0526984126984126,0.206746463547334,2015-07-22,2.28,amc,3067725321.0,2025-04-25,2015-06-30,0.0219298245614036,127.47555555555556,1487817.2063492064
2015-03-31,AMP,USD,820027,2015-05-04,2015-05-04 16:20:42,2015,Q1,3053000000.0,0.0,3053000000.0,1.0,0,752000000.0,819000000.0,1571000000.0,864000000.0,2435000000.0,2435000000.0,0.0,84000000.0,66000000.0,684000000.0,0.224041926,618000000.0,0.2024238454,0.0,618000000.0,0.2024238454,139000000.0,393000000.0,0.1287258434,2.11,2.08,186300000,189100000,https://www.sec.gov/Archives/edgar/data/820027/000082002715000064/0000820027-15-000064-index.htm,https://www.sec.gov/Archives/edgar/data/820027/000082002715000064/amp03312015.htm,16.387546967257112,2.109500805152979,4.9006977992485234,4.745034889962426,178.72785829307568,49.69940955448202,49.69940955448202,43.98819108964037,54.36929683306495,24375492000.0,31273492000.0,15.50603816793893,7.984111365869636,26.69823877327492,27.57408597285068,2.974434655277608,2.974434655277608,10.243528332787422,45.72147953216374,34.25355093099672,35.37725339366516,0.0161227514915391,0.0362659346527241,1.2257474069554606,0.0663263958586445,10.084795321637428,0.0203436075797553,7.357142857142857,1.9060542797494784,0.004389654986246,0.272264631043257,0.246315099901736,0.0,0.0,0.0317634173055859,0.009498853586636,0.4393939393939394,0.0114641336390435,45.69294586386872,0.0509845662586482,0.0025949500818762,-570.4562533548041,-130694000000.0,9259000000.0,-139475000000.0,-130694000000.0,5083500000.0,1378500000.0,-2254500000.0,151.52309204061578,0.0,0.0,0.5939688715953307,0.0,0.0,0.0479560707748627,0.1556629092860977,2015-04-22,2.33,amc,3270550458.0,2025-04-25,2015-03-31,-0.0643776824034334,131.73098360655737,992948.9836065574
2014-12-31,AMP,USD,820027,2015-02-24,2015-02-24 17:31:20,2014,Q4,3089000000.0,0.0,3089000000.0,1.0,0,775000000.0,827000000.0,1602000000.0,929000000.0,2531000000.0,2531000000.0,0.0,91000000.0,61000000.0,619000000.0,0.2003884752,558000000.0,0.1806409841,0.0,558000000.0,0.1806409841,104000000.0,425000000.0,0.137584979,2.26,2.22,187900000,191200000,https://www.sec.gov/Archives/edgar/data/820027/000082002715000024/0000820027-15-000024-index.htm,https://www.sec.gov/Archives/edgar/data/820027/000082002715000024/amp.htm,16.439595529536987,2.261841405002661,2.224587546567323,2.096860031931879,175.91804151144223,49.521021820117085,49.521021820117085,43.23576370409793,54.3906333155934,24849775000.0,31950775000.0,14.617514705882352,8.044601812884428,59.44922248803828,63.070494923857865,3.0588103151157062,3.0588103151157062,10.343404014244092,51.61676090468497,76.43726076555023,81.09333756345178,0.0171027705482242,0.0158552743435302,1.2467996061053668,0.068066662186681,11.47172859450727,0.0199912815375085,6.131868131868132,0.9227373068432672,0.004305873996847,0.2517647058823529,0.2508902557461961,0.0,0.0,0.0574162679425837,0.0077695046940757,0.3934426229508196,0.0106830689543541,46.90767433761663,0.0266651004346293,0.0028559908608292,-551.864023416711,-128143000000.0,9305000000.0,-136891000000.0,-127476000000.0,4961000000.0,1446500000.0,-1772000000.0,146.46487536419554,0.0,0.0,0.6144817982892381,0.0,0.0,0.0523141309699655,0.1277275146354443,2015-01-28,2.21,amc,2988313043.0,2025-04-25,2014-12-31,0.0407239819004524,126.525625,902444.765625
2014-09-30,AMP,USD,820027,2014-11-03,2014-11-03 15:43:28,2014,Q3,3111000000.0,0.0,3111000000.0,1.0,0,757000000.0,813000000.0,1570000000.0,821000000.0,2391000000.0,2391000000.0,0.0,79000000.0,64000000.0,784000000.0,0.2520090003,720000000.0,0.231436837,0.0,720000000.0,0.231436837,155000000.0,420000000.0,0.1350048216,2.21,2.17,190300000,193700000,https://www.sec.gov/Archives/edgar/data/820027/000082002714000140/0000820027-14-000140-index.htm,https://www.sec.gov/Archives/edgar/data/820027/000082002714000140/amp09302014.htm,16.347871781397792,2.207041513399895,8.497109826589595,8.239621650026274,175.57015239096165,49.08039936941671,49.08039936941671,43.40514976353127,51.14030478192328,23479214000.0,29977214000.0,13.97572261904762,7.547159755705561,14.520231292517009,14.973988520408165,2.8425198547215493,2.8425198547215493,9.635877209900354,38.23624234693877,18.53878416821274,19.118121173469387,0.0178881626957358,0.0667824740640806,1.16864406779661,0.0655805642931389,8.28826530612245,0.0183966635773864,9.113924050632912,2.8619469026548674,0.0045998132646178,0.2571428571428571,0.243330118932819,0.0,0.0,0.0303030303030303,0.01575056252009,0.765625,0.0109289617486338,46.42662778005416,0.0692571708752145,0.0028533965609777,-533.5115606936416,-127098000000.0,9340000000.0,-135471000000.0,-127098000000.0,4902000000.0,1342500000.0,-1549500000.0,141.61041465766635,0.0,0.0,0.6355464759959142,0.0,0.0,0.0508474576271186,0.257488176563321,2014-10-28,1.95,amc,2895285714.0,2025-04-25,2014-09-30,0.076923076923077,122.7059375,793421.1875
2014-06-30,AMP,USD,820027,2014-08-04,2014-08-04 17:24:00,2014,Q2,3072000000.0,0.0,3072000000.0,1.0,0,805000000.0,810000000.0,1615000000.0,838000000.0,2453000000.0,2453000000.0,0.0,79000000.0,66000000.0,685000000.0,0.2229817708,619000000.0,0.2014973958,0.0,619000000.0,0.2014973958,152000000.0,374000000.0,0.1217447917,1.94,1.91,192700000,196200000,https://www.sec.gov/Archives/edgar/data/820027/000082002714000111/0000820027-14-000111-index.htm,https://www.sec.gov/Archives/edgar/data/820027/000082002714000111/amp06302014.htm,15.941878567721847,1.9408406850025948,-0.3632589517384536,-0.467047223663726,173.0409963674105,50.21795537104308,50.21795537104308,43.736377789309806,49.16450441100156,23124000000.0,29660000000.0,15.457219251336898,7.52734375,-330.3428571428571,-256.93333333333334,2.7437114380635976,2.7437114380635976,9.654947916666666,43.2992700729927,-423.7142857142857,-329.55555555555554,0.0161736723750216,-0.0038920601971977,1.114736592311343,0.0629860552426924,9.54160583941606,0.0178200810418361,7.8354430379746836,-0.1498929336188436,0.0048002075765438,0.2967914438502674,0.2620442708333333,0.0,0.0,-0.2857142857142857,0.0065104166666666,0.303030303030303,0.0107421875,43.7026335834932,-0.0308882862623189,0.0025073746312684,-535.8030617540218,-129193000000.0,9677000000.0,-137139000000.0,-129193000000.0,4811500000.0,1230500000.0,-1524000000.0,143.818359375,0.0,0.0,0.6257893664697495,0.0,0.0,0.04437588989084,0.1037882719252724,2014-07-29,2.01,amc,2975379807.0,2025-04-25,2014-06-30,0.0348258706467663,111.8573015873016,1027280.1904761904
2014-03-31,AMP,USD,820027,2014-05-05,2014-05-05 14:59:03,2014,Q1,2996000000.0,0.0,2996000000.0,1.0,0,758000000.0,786000000.0,1544000000.0,802000000.0,2346000000.0,2346000000.0,0.0,79000000.0,63000000.0,713000000.0,0.2379839786,650000000.0,0.2169559413,0.0,650000000.0,0.2169559413,134000000.0,400000000.0,0.1335113485,2.05,2.01,195500000,199100000,https://www.sec.gov/Archives/edgar/data/820027/000082002714000070/0000820027-14-000070-index.htm,https://www.sec.gov/Archives/edgar/data/820027/000082002714000070/amp03312014.htm,15.324808184143222,2.0460358056265986,2.21994884910486,2.117647058823529,170.72634271099744,48.312020460358056,48.312020460358056,42.68030690537084,47.28900255754476,21518685000.0,27785685000.0,13.449178124999998,7.182471628838451,49.58222350230415,51.9775,2.5789411553211887,2.5789411553211887,9.274260680907878,38.97010518934081,64.02231566820276,67.11518115942029,0.0185884964624929,0.0192390938386801,1.0985139022051773,0.0627963059384505,8.789621318373072,0.0185702968451465,8.227848101265822,0.8427184466019417,0.0046471241156232,0.25,0.2530040053404539,0.0,0.0,0.0460829493087557,0.0066755674232309,0.3174603174603174,0.0100133511348464,44.32631625546184,-0.0330113236517177,0.0027404017428955,-513.2352941176471,-126363000000.0,9445000000.0,-134128000000.0,-126363000000.0,4662000000.0,1277000000.0,-1473000000.0,141.60881174899868,0.0,0.0,0.6355536699193891,0.0,0.0,0.0479386385426653,0.1023017902813299,2014-04-28,1.88,amc,2767470588.0,2025-04-25,2014-03-31,0.0851063829787234,109.4877049180328,1266418.5409836066
2013-12-31,AMP,USD,820027,2014-02-27,2014-02-27 12:19:15,2013,Q4,2946000000.0,0.0,2946000000.0,1.0,0,764000000.0,793000000.0,1557000000.0,910000000.0,2467000000.0,2467000000.0,0.0,87000000.0,64000000.0,543000000.0,0.1843177189,479000000.0,0.1625933469,0.0,479000000.0,0.1625933469,97000000.0,296000000.0,0.1004752206,1.49,1.46,198300000,202300000,https://www.sec.gov/Archives/edgar/data/820027/000082002714000020/0000820027-14-000020-index.htm,https://www.sec.gov/Archives/edgar/data/820027/000082002714000020/ameriprisefinancial12312013.htm,14.856278366111953,1.4926878466969238,1.3010590015128594,1.1144730206757438,168.23499747856783,46.55572365103379,46.55572365103379,41.31114473020675,45.60262228946041,22814415000.0,28719415000.0,19.26893158783784,7.7442006109979635,88.42796511627907,103.23264705882352,2.784962768554688,2.784962768554688,9.748613374066531,52.89026703499079,111.31556201550389,129.9521040723982,0.0129742533393909,0.0096868580675857,1.09326171875,0.0619466578131916,10.874769797421733,0.0184478769307735,5.505747126436781,0.6789473684210526,0.0044270256326975,0.3412162162162162,0.2593346911065852,0.0,0.0,0.1434108527131783,0.0125594025797691,0.578125,0.0125594025797691,37.24855007403831,-0.0283382789317507,0.0020473660911907,-500.5925365607665,-125568000000.0,9232000000.0,-132984000000.0,-124863000000.0,4556500000.0,1328500000.0,-1563000000.0,140.83503054989816,0.0,0.0,0.6390455531453362,0.0,0.0,0.0361328125,0.1865859808371154,2014-02-04,1.81,amc,2858251336.0,2025-04-25,2013-12-31,0.0331491712707182,103.27796875,1037095.078125
2013-09-30,AMP,USD,820027,2013-11-05,2013-11-04 19:06:52,2013,Q3,2813000000.0,0.0,2813000000.0,1.0,0,730000000.0,731000000.0,1461000000.0,750000000.0,2211000000.0,2211000000.0,0.0,68000000.0,59000000.0,661000000.0,0.2349804479,602000000.0,0.2140063989,0.0,602000000.0,0.2140063989,154000000.0,382000000.0,0.1357980803,1.9,1.86,201300000,205100000,https://www.sec.gov/Archives/edgar/data/820027/000082002713000143/0000820027-13-000143-index.htm,https://www.sec.gov/Archives/edgar/data/820027/000082002713000143/ameriprisefinancial09302013.htm,13.974167908594138,1.897665176353701,5.956284153005464,5.807252856433184,166.66169895678092,45.548931942374566,45.548931942374566,41.35618479880775,43.502235469448586,18334404000.0,23558404000.0,11.998955497382198,6.5177404905794525,15.291412844036698,15.683835757057317,2.2023308108108104,2.2023308108108104,8.374832563099893,35.64055068078669,19.648376980817343,20.1526124893071,0.0208351468637867,0.0637599127847297,1.0437237237237238,0.0619722127125413,7.903177004538578,0.0182628098371788,8.852941176470589,2.670378619153675,0.0056178537355236,0.2696335078534031,0.2595094205474582,0.0,0.0,0.0250208507089241,0.0106647707074297,0.5084745762711864,0.0124422324920014,42.021474434981215,0.0504334121355398,0.0027245235649891,-471.6033283656234,-121435000000.0,9169000000.0,-128780000000.0,-121435000000.0,4577000000.0,1240500000.0,-1640000000.0,144.07038748666903,0.0,0.0,0.6246946480124361,0.0,0.0,0.0458858858858858,0.1490312965722801,2013-10-29,1.72,amc,2540376963.0,2025-04-25,2013-09-30,0.1104651162790697,88.3225,999039.0
2013-06-30,AMP,USD,820027,2013-07-31,2013-07-31 16:15:34,2013,Q2,2749000000.0,0.0,2749000000.0,1.0,0,775000000.0,732000000.0,1507000000.0,840000000.0,2347000000.0,2347000000.0,0.0,60000000.0,58000000.0,460000000.0,0.1673335758,402000000.0,0.1462349945,0.0,402000000.0,0.1462349945,120000000.0,321000000.0,0.1167697344,1.57,1.54,204900000,208600000,https://www.sec.gov/Archives/edgar/data/820027/000110465913058368/0001104659-13-058368-index.htm,https://www.sec.gov/Archives/edgar/data/820027/000110465913058368/a13-13222_110q.htm,13.416300634455832,1.5666178623718887,1.820400195217179,1.703269887750122,162.98194241093216,43.83601756954612,43.83601756954612,40.702781844802345,40.06832601268912,16687056000.0,21460056000.0,12.99614953271028,6.070227719170608,44.737415549597856,47.81391404011461,2.0008460431654678,2.0008460431654678,7.80649545289196,46.65229565217391,57.53366219839142,61.4901318051576,0.0192364668758827,0.0209144141423148,0.9772182254196644,0.0593772311996386,10.37608695652174,0.0184795784578086,6.7,1.3274021352313168,0.0062923022491205,0.3271028037383177,0.2819206984357948,0.0,0.0,0.064343163538874,0.008730447435431,0.4137931034482758,0.0138232084394325,37.87780833735771,0.0306255430060816,0.0023386614987833,-450.0329428989752,-119028000000.0,8982000000.0,-126035000000.0,-119028000000.0,4517000000.0,1107000000.0,-1866000000.0,152.26991633321208,0.0,0.0,0.5910556869490432,0.0,0.0,0.0384892086330935,0.1171303074670571,2013-07-24,1.62,amc,2642804733.0,2025-04-25,2013-06-30,0.0432098765432097,77.7284375,1357843.515625
2013-03-31,AMP,USD,820027,2013-05-01,2013-05-01 14:48:26,2013,Q1,2691000000.0,0.0,2691000000.0,1.0,0,758000000.0,698000000.0,1456000000.0,748000000.0,2204000000.0,2204000000.0,0.0,66000000.0,58000000.0,545000000.0,0.2025269417,487000000.0,0.1809736158,0.0,487000000.0,0.1809736158,121000000.0,335000000.0,0.1244890375,1.61,1.58,208400000,212300000,https://www.sec.gov/Archives/edgar/data/820027/000110465913035922/0001104659-13-035922-index.htm,https://www.sec.gov/Archives/edgar/data/820027/000110465913035922/a13-7479_110q.htm,12.912667946257198,1.607485604606526,-2.236084452975048,-2.3032629558541267,163.57965451055662,46.1468330134357,46.1468330134357,42.99424184261037,38.88195777351248,15186108000.0,20182108000.0,11.332916417910448,5.6432954292084725,-32.58821459227468,-31.637725,1.694878125,1.694878125,7.4998543292456334,37.03139082568807,-43.30924463519313,-42.046058333333335,0.0220596350295941,-0.0316078352662841,0.8969866071428572,0.0585377578370819,9.16697247706422,0.0187253205738458,7.378787878787879,-1.2767123287671234,0.0060581684260377,0.2746268656716418,0.2816796729840208,0.0,0.0,-0.0300429184549356,0.0052025269416573,0.2413793103448276,0.0122630992196209,39.433920157229785,0.0360626662725391,0.0024399836848852,-438.3337332053743,-118537000000.0,9617000000.0,-125417000000.0,-118537000000.0,3201500000.0,1125500000.0,-2142500000.0,146.58862876254182,0.0,0.0,0.6139630390143738,0.0,0.0,0.0373883928571428,0.0671785028790787,2013-04-22,1.57,amc,2665050314.0,2025-04-25,2013-03-31,0.0127388535031847,68.51166666666667,1464072.2166666666
2012-12-31,AMP,USD,820027,2013-02-27,2013-02-26 17:35:15,2012,Q4,2642000000.0,0.0,2642000000.0,1.0,0,0.0,0.0,1462000000.0,762000000.0,2224000000.0,2224000000.0,0.0,35000000.0,57000000.0,475000000.0,0.1797880394,418000000.0,0.1582134746,0.0,418000000.0,0.1582134746,87000000.0,389000000.0,0.1472369417,1.85,1.81,210800000,215100000,https://www.sec.gov/Archives/edgar/data/820027/000104746913001718/0001047469-13-001718-index.htm,https://www.sec.gov/Archives/edgar/data/820027/000104746913001718/a2212970z10-k.htm,12.533206831119545,1.845351043643264,2.950664136622391,3.629032258064516,163.29222011385198,46.07210626185958,39.3595825426945,43.13092979127135,37.571157495256166,13202404000.0,18137404000.0,8.484835475578405,4.997124905374716,21.22572990353698,17.258044444444444,1.4520901891772988,1.4520901891772988,6.865028009084027,38.18400842105263,29.159813504823152,23.70902483660131,0.0294643308900409,0.0579439926243735,0.8672459304883414,0.0585248907065294,10.389473684210529,0.021462457612069,11.942857142857145,1.8734939759036144,0.0070441716523748,0.2390745501285347,0.0,0.0,0.010502564407069,0.2299035369774919,0.0541256623769871,2.508771929824561,0.0136260408781226,42.3180031645115,0.0203842837787904,0.0029179230988493,-427.777514231499,-115715000000.0,8297000000.0,-122479000000.0,-113547000000.0,3802000000.0,1186500000.0,-1095500000.0,68.8115064345193,0.0,0.0,1.307920792079208,0.0,0.0,0.042784865816102,0.6783681214421252,2013-01-30,1.47,amc,2307298245.0,2025-04-25,2012-12-31,0.1632653061224489,59.69225806451613,1419323.7903225806
2012-09-30,AMP,USD,820027,2012-11-05,2012-11-05 15:37:20,2012,Q3,2468000000.0,0.0,2468000000.0,1.0,0,718000000.0,667000000.0,1385000000.0,884000000.0,2269000000.0,2269000000.0,0.0,68000000.0,58000000.0,257000000.0,0.1041329011,199000000.0,0.0806320908,0.0,199000000.0,0.0806320908,47000000.0,173000000.0,0.0700972447,0.8,0.79,215000000,219100000,https://www.sec.gov/Archives/edgar/data/820027/000110465912074164/0001104659-12-074164-index.htm,https://www.sec.gov/Archives/edgar/data/820027/000110465912074164/a12-19137_110q.htm,11.47906976744186,0.8046511627906977,1.930232558139535,1.7255813953488373,219.6325581395349,45.67906976744186,45.67906976744186,42.59069767441861,38.14883720930233,12186200000.0,16388200000.0,17.610115606936414,4.937682333873582,29.364337349397587,32.84690026954178,1.3308070328710275,1.3308070328710275,6.640275526742301,63.76731517509727,39.48963855421687,44.17304582210242,0.0141963860760532,0.0304442730301488,0.88828218848968,0.0587021159897231,16.35019455252918,0.0169167220976735,2.926470588235294,2.748344370860927,0.0059903825638837,0.4219653179190751,0.2909238249594814,0.0,0.0,0.1060240963855421,0.0178282009724473,0.7586206896551724,0.012965964343598,27.76850237544744,-0.006027679739858,0.0012485205392454,-359.693023255814,-119713000000.0,9821000000.0,-126683000000.0,-119713000000.0,5560500000.0,572500000.0,0.0,203.63047001620745,0.0,0.0,0.4419770773638968,0.0,0.0,0.0188926504313639,0.2046511627906976,2012-10-24,1.22,amc,2234856060.0,2025-04-25,2012-09-30,0.0819672131147541,53.854126984126985,1193340.5714285714
2012-06-30,AMP,USD,820027,2012-08-08,2012-08-08 17:06:58,2012,Q2,2514000000.0,0.0,2514000000.0,1.0,0,763000000.0,663000000.0,1426000000.0,789000000.0,2215000000.0,2215000000.0,0.0,72000000.0,54000000.0,353000000.0,0.1404136834,299000000.0,0.1189339698,0.0,299000000.0,0.1189339698,128000000.0,223000000.0,0.0887032617,1.01,0.99,221700000,225600000,https://www.sec.gov/Archives/edgar/data/820027/000110465912055986/0001104659-12-055986-index.htm,https://www.sec.gov/Archives/edgar/data/820027/000110465912055986/a12-13272_110q.htm,11.339648173207037,1.0058637798827244,1.3216057735678846,1.1502029769959403,211.25845737483084,43.360396932792064,43.360396932792064,40.61795218764096,36.92377086152458,11586042000.0,16428042000.0,12.988836322869956,4.608608591885441,39.54280546075085,45.43545882352941,1.2866232093281509,1.2866232093281509,6.534622911694511,46.5383626062323,56.06840273037543,64.42369411764706,0.0192472977398148,0.0220092418101021,0.9010549694614104,0.0599837362312412,13.71671388101983,0.0148589537206381,4.152777777777778,1.723529411764706,0.0066459279191288,0.3452914798206278,0.3035003977724741,0.0,0.0,0.1296928327645051,0.0151153540175019,0.7037037037037037,0.0135242641209228,30.319347876686216,-0.0067685243825205,0.0016485547423671,-336.79860171402794,-116886000000.0,9613000000.0,-123894000000.0,-116886000000.0,5526500000.0,0.0,0.0,198.2219570405728,0.0,0.0,0.4540364818493769,0.0,0.0,0.024764019988895,0.171402796571944,2012-07-25,1.32,amc,2948389380.0,2025-04-25,2012-06-30,-0.143939393939394,50.88746031746032,1693635.6984126985
2012-03-31,AMP,USD,820027,2012-05-10,2012-05-10 15:15:41,2012,Q1,2561000000.0,0.0,2561000000.0,1.0,0,762000000.0,666000000.0,1428000000.0,811000000.0,2239000000.0,2239000000.0,0.0,69000000.0,56000000.0,378000000.0,0.1475985943,322000000.0,0.1257321359,0.0,322000000.0,0.1257321359,73000000.0,244000000.0,0.0952752831,1.08,1.06,227300000,231700000,https://www.sec.gov/Archives/edgar/data/820027/000110465912035874/0001104659-12-035874-index.htm,https://www.sec.gov/Archives/edgar/data/820027/000110465912035874/a12-6893_110q.htm,11.267047954245491,1.073471183457985,0.7699076110866696,0.5015398152221734,205.8644962604488,42.89045314562252,42.89045314562252,40.10118785745711,36.00967883853937,12985649000.0,18227649000.0,13.304968237704918,5.070538461538462,74.20370857142858,113.90920175438596,1.424646077893582,1.424646077893582,7.117395158141351,48.22129365079365,104.15799428571428,159.89165789473685,0.018789973454542,0.0087789220238433,0.8904004388370818,0.0593461395029139,13.867724867724869,0.0156210947263184,4.666666666666667,0.7056451612903226,0.0047745014515639,0.2540983606557377,0.2975400234283483,0.0,0.0,0.3485714285714286,0.0238188207731354,1.0892857142857142,0.0124951190941038,31.121826195081287,-0.0111609143881667,0.0017841865498658,-334.7030356357237,-118155000000.0,9749000000.0,-125133000000.0,-118155000000.0,4978000000.0,0.0,0.0,193.84615384615384,0.0,0.0,0.4642857142857143,0.0,0.0,0.0267690619857377,0.2683677958644963,2012-04-23,1.4,amc,2483310344.0,2025-04-25,2012-03-31,0.0357142857142857,54.87596774193548,2119145.64516129
2011-12-31,AMP,USD,820027,2012-02-24,2012-02-24 16:30:54,2011,Q4,2629000000.0,0.0,2629000000.0,1.0,0,0.0,0.0,1355000000.0,922000000.0,2277000000.0,2277000000.0,0.0,143000000.0,49000000.0,401000000.0,0.1525294789,352000000.0,0.1338912134,0.0,352000000.0,0.1338912134,67000000.0,253000000.0,0.0962343096,1.11,1.09,227300000,231700000,https://www.sec.gov/Archives/edgar/data/820027/000104746912001474/0001047469-12-001474-index.htm,https://www.sec.gov/Archives/edgar/data/820027/000104746912001474/a2207255z10-k.htm,11.566212054553452,1.1130664320281567,3.198416190057193,2.754069511658601,22.190937087549493,48.22261328640563,48.22261328640563,45.11658600967884,36.154861416630006,11283172000.0,16107172000.0,11.149379446640316,4.291811335108406,15.520181568088034,18.02423642172524,1.100260555826426,1.100260555826426,6.126729554963864,40.16751122194514,22.15566987620357,25.73030670926517,0.0224227726033069,0.0554808523702377,0.787420770355924,0.0602674906333497,12.029925187032418,0.0154905484328022,2.4615384615384617,2.4395973154362416,0.0047858882236307,0.2134387351778656,0.0,0.0,0.0,0.1389270976616231,0.0384176492963103,2.061224489795918,0.0167364016736401,33.61397836971109,0.0169019096192622,0.0018882569820727,-504.40387153541576,-113955000000.0,10961000000.0,-121232000000.0,-113955000000.0,4902000000.0,0.0,0.0,151.99695701787752,0.0,0.0,0.5921171171171171,0.0,0.0,0.024670892247684,0.4443466783985921,2012-02-01,1.39,amc,2709977443.0,2025-04-25,2011-12-31,-0.0431654676258991,44.91857142857143,2643072.095238095
2011-09-30,AMP,USD,820027,2011-11-07,2011-11-07 14:20:41,2011,Q3,2467000000.0,0.0,2467000000.0,1.0,0,0.0,0.0,1384000000.0,757000000.0,2141000000.0,2141000000.0,0.0,83000000.0,-6000000.0,320000000.0,0.1297122011,326000000.0,0.1321443048,0.0,326000000.0,0.1321443048,109000000.0,324000000.0,0.1313336036,1.14,1.12,238000000,242000000,https://www.sec.gov/Archives/edgar/data/820027/000110465911061546/0001104659-11-061546-index.htm,https://www.sec.gov/Archives/edgar/data/820027/000110465911061546/a11-25630_110q.htm,10.365546218487395,1.361344537815126,3.331932773109244,3.0798319327731094,196.81932773109244,46.16386554621849,46.16386554621849,43.15546218487395,35.79831932773109,9367680000.0,14711680000.0,7.228148148148148,3.7971949736522097,11.81296343001261,12.779918144611187,0.9120514068737222,0.9120514068737222,5.963388731252533,45.974,18.55192938209332,20.07050477489768,0.0345870055339208,0.078247762519642,0.8214390030182066,0.0647108452216597,16.7,0.0238472487042457,3.927710843373494,4.720238095238095,0.0058712509394001,0.1697530864197531,0.0,0.0,0.0,0.0756620428751576,0.0243210376976084,-10.0,0.0085123631941629,36.35742958806316,-0.0111591072714182,0.0024850437183617,-287.92857142857144,-109047000000.0,10987000000.0,-116729000000.0,-109047000000.0,5301500000.0,0.0,26000000.0,195.68706931495743,0.0,0.0,0.4599179716629381,0.0,0.0,0.0315451270567617,0.2521008403361344,2011-10-26,1.2,amc,2846538461.0,2025-04-25,2011-09-30,-0.1333333333333332,47.1725,3316111.34375
2011-06-30,AMP,USD,820027,2011-08-09,2011-08-09 17:07:49,2011,Q2,2634000000.0,0.0,2634000000.0,1.0,0,0.0,0.0,1433000000.0,792000000.0,2225000000.0,2225000000.0,0.0,86000000.0,37000000.0,446000000.0,0.1693242217,409000000.0,0.155277145,0.0,409000000.0,0.155277145,118000000.0,315000000.0,0.1195899772,1.28,1.25,245500000,251000000,https://www.sec.gov/Archives/edgar/data/820027/000110465911045435/0001104659-11-045435-index.htm,https://www.sec.gov/Archives/edgar/data/820027/000110465911045435/a11-13804_110q.htm,10.729124236252543,1.2830957230142566,2.619144602851324,2.4480651731160896,188.87983706720976,45.735234215885946,45.735234215885946,42.96537678207739,35.132382892057024,14160440000.0,19692440000.0,11.238444444444443,5.376021260440395,22.02245723172628,23.56146422628952,1.3424762988244217,1.3424762988244217,7.4762490508731965,44.15345291479821,30.62587869362364,32.7661231281198,0.0222450714808296,0.0424421839999322,0.8095373530527115,0.0631872604300788,12.403587443946188,0.0217615866675848,4.755813953488372,2.288256227758007,0.004025298648912,0.1809523809523809,0.0,0.0,0.0,0.0653188180404354,0.0159453302961275,1.135135135135135,0.014426727410782,35.21924973224926,-0.0157322809104179,0.0023309505838476,-299.73421588594704,-113640000000.0,11228000000.0,-121382000000.0,-113640000000.0,5414000000.0,0.0,26000000.0,179.00911161731207,0.0,0.0,0.5027677037602596,0.0,0.0,0.0298634812286689,0.1710794297352342,2011-07-27,1.32,amc,2654106870.0,2025-04-25,2011-06-30,-0.0075757575757575,60.05968253968253,1813683.634920635
2011-03-31,AMP,USD,820027,2011-05-02,2011-05-02 17:06:27,2011,Q1,2545000000.0,0.0,2545000000.0,1.0,0,0.0,0.0,1405000000.0,754000000.0,2159000000.0,2159000000.0,0.0,88000000.0,30000000.0,416000000.0,0.1634577603,386000000.0,0.1516699411,0.0,386000000.0,0.1516699411,92000000.0,241000000.0,0.0946954813,0.96,0.94,251600000,257700000,https://www.sec.gov/Archives/edgar/data/820027/000110465911024943/0001104659-11-024943-index.htm,https://www.sec.gov/Archives/edgar/data/820027/000110465911024943/a11-8233_110q.htm,10.115262321144677,0.9578696343402224,0.0596184419713831,-0.1271860095389507,183.5691573926868,44.471383147853736,44.471383147853736,41.93561208267091,34.16136724960254,15367728000.0,20508728000.0,15.941626556016598,6.0384,1024.5152,-480.2415,1.4565186238271253,1.4565186238271253,8.058439292730844,49.29982692307692,1367.2485333333334,-640.89775,0.0156822140527213,-0.0020822856833488,0.8062742867974599,0.0635647677685456,12.358173076923077,0.0213972583675457,4.386363636363637,0.0672645739910313,0.002993285669814,0.1908713692946058,0.0,0.0,0.0,3.1333333333333333,0.018467583497053,1.5666666666666669,0.0165029469548133,30.06325184935724,-0.0162466843501326,0.0018007651383824,-287.2227742448331,-112508000000.0,11189000000.0,-120183000000.0,-112508000000.0,5313000000.0,0.0,0.0,197.64636542239683,0.0,0.0,0.455358740382895,0.0,0.0,0.0228414368306321,0.1868044515103338,2011-04-25,1.32,amc,2488444444.0,2025-04-25,2011-03-31,0.0227272727272727,61.40241935483871,2129108.129032258
2010-12-31,AMP,USD,820027,2011-02-28,2011-02-28 16:15:58,2010,Q4,2692000000.0,0.0,2692000000.0,1.0,0,0.0,0.0,1503000000.0,864000000.0,2367000000.0,2367000000.0,0.0,0.0,31000000.0,356000000.0,0.132243685,325000000.0,0.1207280832,0.0,325000000.0,0.1207280832,71000000.0,280000000.0,0.1040118871,1.11,1.09,251600000,257700000,https://www.sec.gov/Archives/edgar/data/820027/000104746911001543/0001047469-11-001543-index.htm,https://www.sec.gov/Archives/edgar/data/820027/000104746911001543/a2202014z10-k.htm,10.69952305246423,1.1128775834658189,0.4769475357710652,0.3060413354531001,182.154213036566,44.85294117647059,44.85294117647059,42.62718600953895,32.78616852146264,14479580000.0,19395580000.0,12.928196428571429,5.378744427934621,120.66316666666664,188.0464935064935,1.3500773892773892,1.3500773892773892,7.204895988112927,54.48196629213483,161.62983333333332,251.89064935064937,0.0193375774711697,0.0053178338045716,0.7691375291375291,0.0628773095920482,13.808988764044944,0.0254001793371627,0.0,0.4724409448818897,0.0149175597634738,0.7714285714285715,0.0,0.0,0.0,0.3583333333333333,0.0159732540861812,1.3870967741935485,0.0174591381872213,32.670688614038774,0.0134022794428028,0.0021342764802731,-279.4087837837838,-109776000000.0,11285000000.0,-117046000000.0,-109776000000.0,5003000000.0,0.0,2687500000.0,168.39895988112926,0.0,0.0,0.5344451062140163,0.0,0.0,0.0261072261072261,0.170906200317965,2011-02-02,1.31,amc,2784561983.0,2025-04-25,2010-12-31,-0.0763358778625954,53.04015625,1929812.28125
2010-09-30,AMP,USD,820027,2010-11-05,2010-11-05 10:46:07,2010,Q3,2334000000.0,0.0,2334000000.0,1.0,0,0.0,0.0,1197000000.0,691000000.0,1888000000.0,1888000000.0,0.0,74000000.0,31000000.0,477000000.0,0.2043701799,446000000.0,0.1910882605,0.0,446000000.0,0.1910882605,132000000.0,344000000.0,0.147386461,1.35,1.32,255300000,259900000,https://www.sec.gov/Archives/edgar/data/820027/000110465910056357/0001104659-10-056357-index.htm,https://www.sec.gov/Archives/edgar/data/820027/000110465910056357/a10-17235_110q.htm,9.142185663924794,1.3474343909126518,2.346259302781042,2.2130826478652565,37.06619663141402,45.06071288679984,45.06071288679984,42.89071680376029,35.77751664708187,12083349000.0,17055349000.0,8.781503633720929,5.177098971722365,20.17253589315526,21.386458407079648,1.103502191780822,1.103502191780822,7.3073474721508145,35.75544863731656,28.4730367278798,30.186458407079645,0.0284689286058029,0.0467585600647635,0.8273972602739726,0.0702086110163975,10.423480083857442,0.033534754199807,6.027027027027027,1.919871794871795,0.0038896501292812,0.1366279069767441,0.0,0.0,0.0,0.0567612687813021,0.014567266495287,1.096774193548387,0.0175664095972579,36.06008325872723,-0.017490113073024,0.0026657574160751,-398.20896983940463,-106201000000.0,11504000000.0,-113855000000.0,-106201000000.0,4983500000.0,0.0,5406000000.0,191.60668380462727,0.0,0.0,0.4697122157375729,0.0,0.0,0.0314155251141552,0.1331766549157853,2010-10-27,1.08,amc,1851766423.0,2025-04-25,2010-09-30,0.2685185185185185,43.0075,2750418.1875
2010-06-30,AMP,USD,820027,2010-08-04,2010-08-04 16:19:30,2010,Q2,2462000000.0,0.0,2462000000.0,1.0,0,0.0,0.0,1227000000.0,773000000.0,2000000000.0,2000000000.0,0.0,74000000.0,26000000.0,488000000.0,0.1982128351,462000000.0,0.1876523152,0.0,462000000.0,0.1876523152,66000000.0,259000000.0,0.1051990252,0.99,0.98,261100000,265300000,https://www.sec.gov/Archives/edgar/data/820027/000110465910041892/0001104659-10-041892-index.htm,https://www.sec.gov/Archives/edgar/data/820027/000110465910041892/a10-11884_110q.htm,9.429337418613558,0.9919571045576407,4.538490999617005,4.412102642665645,37.66373037150517,42.5852163921869,42.5852163921869,40.20681731137496,32.70011489850632,9433543000.0,13500543000.0,9.105736486486489,3.8316584077985376,7.960795780590718,8.188839409722222,0.8986038293008192,0.8986038293008192,5.483567424857839,27.665047131147546,11.39286329113924,11.719221354166669,0.0274552201648945,0.122117427142697,0.8062488092970089,0.069886879696144,8.334016393442623,0.0372936521857763,6.243243243243243,2.977386934673367,0.0048762167088229,0.1776061776061776,0.0,0.0,0.0,0.0278481012658227,0.0134037367993501,1.2692307692307692,0.012591389114541,29.9562573911122,-0.0225641025641025,0.0021385517298323,-358.828035235542,-98791000000.0,11119000000.0,-106164000000.0,-98791000000.0,4923000000.0,0.0,5393000000.0,182.7051177904143,0.0,0.0,0.4925970388155262,0.0,0.0,0.0246713659744713,0.1263883569513596,2010-07-28,0.77,amc,2222255813.0,2025-04-25,2010-06-30,0.1168831168831168,42.827619047619045,2891108.8412698414
2010-03-31,AMP,USD,820027,2010-05-04,2010-05-04 17:21:42,2010,Q1,2271000000.0,0.0,2271000000.0,1.0,0,0.0,0.0,1146000000.0,764000000.0,1910000000.0,1910000000.0,0.0,64000000.0,22000000.0,383000000.0,0.1686481726,361000000.0,0.1589608102,0.0,361000000.0,0.1589608102,65000000.0,214000000.0,0.094231616,0.82,0.81,260800000,265000000,https://www.sec.gov/Archives/edgar/data/820027/000110465910025288/0001104659-10-025288-index.htm,https://www.sec.gov/Archives/edgar/data/820027/000110465910025288/a10-5715_110q.htm,8.707822085889571,0.8205521472392638,0.5023006134969326,0.4217791411042945,41.326687116564415,41.02760736196319,41.02760736196319,38.75766871165644,31.357361963190183,11829888000.0,14514888000.0,13.81996261682243,5.20910964332893,90.30448854961833,107.54443636363636,1.170349030470914,1.170349030470914,6.3914081902245705,37.89787989556136,110.8006717557252,131.95352727272729,0.0180897739691195,0.0092984819467437,0.8027305104867432,0.0663033086282553,7.010443864229765,0.0462387787432192,5.640625,0.4425675675675675,0.0038039244327587,0.2102803738317757,0.0,0.0,0.0,0.1603053435114503,0.0092470277410832,0.9545454545454546,0.0171730515191545,26.7499623621249,-0.0168728267685116,0.0017486946076468,-362.6859662576687,-99339000000.0,10700000000.0,-106861000000.0,-99339000000.0,4641500000.0,0.0,2674500000.0,192.1268163804492,0.0,0.0,0.4684405940594059,0.0,0.0,0.021171349426197,0.080521472392638,2010-04-26,0.81,amc,2179000000.0,2025-04-25,2010-03-31,0.0,41.37016393442623,2381054.2131147543
2009-12-31,AMP,USD,820027,2010-02-24,2010-02-23 18:47:59,2009,Q4,2259000000.0,0.0,2259000000.0,1.0,0,0.0,0.0,1202000000.0,726000000.0,1928000000.0,1928000000.0,0.0,257000000.0,19000000.0,350000000.0,0.1549358123,331000000.0,0.1465250111,0.0,331000000.0,0.1465250111,57000000.0,237000000.0,0.1049136786,0.91,0.89,260800000,265000000,https://www.sec.gov/Archives/edgar/data/820027/000104746910001174/0001047469-10-001174-index.htm,https://www.sec.gov/Archives/edgar/data/820027/000104746910001174/a2196525z10-k.htm,8.661809815950921,0.9087423312883436,-1.2269938650306749,-1.330521472392638,11.875,37.8680981595092,37.8680981595092,35.55598159509202,9.608895705521473,10124256000.0,9276256000.0,10.67959493670886,4.481742363877822,-31.6383,-29.176530259365997,1.0917994176641863,1.0917994176641863,4.106355024347057,26.503588571428573,-28.9883,-26.73272622478386,0.0234091275447795,-0.0342741234516393,0.2425320823897336,0.0197672578972348,-2.422857142857143,0.0302879161287798,1.2879377431906616,-1.167883211678832,0.0045435437428686,0.1940928270042194,0.0,0.0,0.0,-0.084375,0.0119521912350597,1.4210526315789471,0.0194776449756529,26.962985297149693,0.0386623394948497,0.0020830769771652,-373.7528757668712,-99155000000.0,9876000000.0,-100801000000.0,-99155000000.0,4341000000.0,0.0,0.0,176.69322709163347,0.0,0.0,0.5093573844419391,0.0,0.0,0.025558071821417,0.1035276073619631,2010-02-03,0.76,amc,1939688888.0,2025-04-25,2009-12-31,0.1842105263157895,37.591875,2900545.8125
2009-09-30,AMP,USD,820027,2009-11-03,2009-11-02 17:52:01,2009,Q3,1979000000.0,0.0,1979000000.0,1.0,0,0.0,0.0,1087000000.0,552000000.0,1639000000.0,1639000000.0,0.0,310000000.0,20000000.0,360000000.0,0.1819100556,340000000.0,0.1718039414,0.0,340000000.0,0.1718039414,80000000.0,260000000.0,0.1313794846,1.0,1.0,258700000,260700000,https://www.sec.gov/Archives/edgar/data/820027/000110465909061913/0001104659-09-061913-index.htm,https://www.sec.gov/Archives/edgar/data/820027/000110465909061913/a09-26099_110q.htm,7.649787398531117,1.0050251256281406,2.408194820255121,2.327019713954387,13.838422883649017,36.31233088519521,36.31233088519521,34.97873985311171,9.223038268264398,9398571000.0,7894571000.0,9.0370875,4.7491515917129865,15.085988764044943,15.612244186046512,1.0386308984418169,1.0386308984418169,3.989171803941384,21.92936388888889,12.671863563402889,13.113905315614618,0.0276637799512287,0.0640522905024604,0.2294176152061001,0.0186688968624382,-4.177777777777778,0.0357728126623765,1.096774193548387,2.396153846153846,0.0046815627609771,0.1692307692307692,0.0,0.0,0.0,0.0337078651685393,0.0106114199090449,1.05,0.0262758969176351,28.124304957486896,-0.0026944122036146,0.0023381084702475,-367.3821028218013,-96496000000.0,9394000000.0,-98227000000.0,-96496000000.0,4157000000.0,0.0,0.0,193.14300151591715,0.0,0.0,0.4659759830468566,0.0,0.0,0.0287324566250414,0.0811751063007344,2009-10-21,0.64,amc,1266560000.0,2025-04-25,2009-09-30,0.5625,28.30125,2874985.21875
2009-06-30,AMP,USD,820027,2009-08-05,2009-08-04 17:40:52,2009,Q2,1912000000.0,0.0,1912000000.0,1.0,0,0.0,0.0,1032000000.0,765000000.0,1797000000.0,1797000000.0,0.0,303000000.0,25000000.0,140000000.0,0.0732217573,115000000.0,0.0601464435,0.0,115000000.0,0.0601464435,28000000.0,95000000.0,0.0496861925,0.37,0.37,222300000,223500000,https://www.sec.gov/Archives/edgar/data/820027/000110465909046999/0001104659-09-046999-index.htm,https://www.sec.gov/Archives/edgar/data/820027/000110465909046999/a09-16836_110q.htm,8.600989653621232,0.4273504273504273,-4.484930274403959,-4.574898785425101,20.103463787674315,37.66981556455241,37.66981556455241,36.48223121907333,12.31668915879442,5395221000.0,3361221000.0,14.19795,2.8217683054393303,-5.411455366098295,-5.305035398230088,0.6652553637484586,0.6652553637484586,1.7579607740585774,24.00872142857143,-3.371335005015045,-3.3050353982300886,0.0176081758282005,-0.188500155971368,0.3002466091245376,0.0235917608076423,-14.528571428571428,0.0482254043962921,0.3795379537953795,-11.459770114942527,0.006857921112036,0.3894736842105263,0.0,0.0,0.0,-0.0200601805416248,0.0104602510460251,0.7142857142857143,0.0240585774058577,18.729406952671564,-0.0009863945578231,0.0009204177727827,-392.8058929374719,-88200000000.0,8374000000.0,-90371000000.0,-88200000000.0,3823000000.0,0.0,0.0,191.43828451882845,0.0,0.0,0.4701253995574133,0.0,0.0,0.0117139334155363,0.0899685110211426,2009-07-23,0.57,amc,2658146341.0,2025-04-25,2009-06-30,-0.2807017543859649,25.76825396825397,4812633.857142857
2009-03-31,AMP,USD,820027,2009-05-06,2009-05-06 16:20:15,2009,Q1,1758000000.0,0.0,1758000000.0,1.0,0,0.0,0.0,965000000.0,659000000.0,1624000000.0,1624000000.0,0.0,273000000.0,56000000.0,190000000.0,0.1080773606,134000000.0,0.0762229807,0.0,134000000.0,0.0762229807,18000000.0,130000000.0,0.0739476678,0.58,0.58,222300000,223500000,https://www.sec.gov/Archives/edgar/data/820027/000110465909030010/0001104659-09-030010-index.htm,https://www.sec.gov/Archives/edgar/data/820027/000110465909030010/a09-9934_110q.htm,7.908232118758434,0.5847953216374269,-2.5371120107962213,-2.604588394062078,26.072874493927124,29.85605038236617,29.85605038236617,28.71794871794872,9.8740440845704,4554927000.0,680927000.0,8.759475,2.590970989761092,-8.076111702127658,-7.866886010362694,0.7134910714285714,0.7134910714285714,0.3873304891922639,3.583826315789474,-1.2073173758865248,-1.1760397236614852,0.0285405232619534,-0.1271150997590082,0.3010651629072681,0.0203212061619141,-20.389473684210525,0.0671805273833671,0.4908424908424908,-4.862068965517241,0.0081230720053252,0.2846153846153846,0.0,0.0,0.0,-0.026595744680851,0.0085324232081911,0.2830188679245283,0.0227531285551763,19.43882059922358,-0.0014413697983324,0.0013744832471638,-357.461763382816,-80479000000.0,6637000000.0,-82148000000.0,-80479000000.0,3733000000.0,0.0,0.0,183.22525597269623,0.0,0.0,0.4911986588432523,0.0,0.0,0.0203634085213032,0.0674763832658569,2009-04-21,0.34,amc,1251330880.0,2025-04-25,2009-03-31,0.7058823529411762,19.442295081967213,4344993.573770491
2008-12-31,AMP,USD,820027,2009-03-02,2009-03-02 16:27:16,2008,Q4,1610000000.0,0.0,1610000000.0,1.0,0,0.0,0.0,240000000.0,2011000000.0,2251000000.0,2251000000.0,0.0,75000000.0,-539000000.0,-1180000000.0,-0.7329192547,-641000000.0,-0.398136646,0.0,-641000000.0,-0.398136646,-272000000.0,-369000000.0,-0.2291925466,-1.66,-1.65,222300000,223500000,https://www.sec.gov/Archives/edgar/data/820027/000104746909002121/0001047469-09-002121-index.htm,https://www.sec.gov/Archives/edgar/data/820027/000104746909002121/a2190881z10-k.htm,7.24246513720198,-1.6599190283400809,7.831758884390464,7.719298245614035,28.016194331983804,27.79127305443095,27.79127305443095,27.79127305443095,9.455690508322087,5192928000.0,991928000.0,-3.5182439024390244,3.2254211180124224,2.982727168294084,3.026181818181818,0.8405516348332793,0.8405516348332793,0.6161043478260869,-0.8406169491525424,0.5697461229178633,0.57804662004662,-0.0710581775830514,0.3304494111992309,0.3280997086435739,0.0211860863748484,3.560169491525424,0.0712814173877214,-8.546666666666667,-4.718157181571816,0.0073176443039456,-0.1029810298102981,0.0,0.0,0.0,0.0143595634692705,0.015527950310559,-0.046382189239332,0.0211180124223602,,-0.0835408648403894,-0.0038567665872319,-361.4698605488079,-81144000000.0,6178000000.0,-83270000000.0,-81144000000.0,3904000000.0,0.0,0.0,217.2857142857143,0.0,0.0,0.4142011834319526,0.0,0.0,-0.0597280673357073,0.1124606387764282,2009-01-28,0.21,amc,5934000000.0,2025-04-25,2008-12-31,-3.095238095238096,21.4309375,3935877.78125
2008-09-30,AMP,USD,820027,2008-11-05,2008-11-04 19:27:04,2008,Q3,1629000000.0,0.0,1629000000.0,1.0,0,0.0,0.0,1142000000.0,663000000.0,1805000000.0,1805000000.0,0.0,227000000.0,72000000.0,-104000000.0,-0.0638428484,-176000000.0,-0.1080417434,0.0,-176000000.0,-0.1080417434,-92000000.0,-70000000.0,-0.0429711479,-0.32,-0.32,219100000,221700000,https://www.sec.gov/Archives/edgar/data/820027/000110465908067959/0001104659-08-067959-index.htm,https://www.sec.gov/Archives/edgar/data/820027/000110465908067959/a08-25534_110q.htm,7.434961204929256,-0.3194888178913738,0.2784116841624829,0.1871291647649475,18.452761296211776,30.657234139662258,30.657234139662258,30.657234139662258,10.529438612505706,8369620000.000001,6406620000.000001,-29.891500000000004,5.137888275015348,137.20688524590165,204.13707317073167,1.2460354324847402,1.2460354324847402,3.9328545119705343,-61.6021153846154,105.0265573770492,156.25902439024392,-0.008363581620193,0.0048986692346844,0.3096620515110913,0.0209783156833081,18.875,0.0447467156596903,-0.775330396475771,-0.8714285714285714,0.0044207502849591,-0.5285714285714286,0.0,0.0,0.0,0.3278688524590163,0.0122774708410067,0.0636942675159235,0.0239410681399631,,0.0009732360097323,-0.0007060010085728,-390.00114103149247,-86310000000.0,6717000000.0,-88390000000.0,-86310000000.0,3767500000.0,0.0,0.0,216.62983425414365,0.0,0.0,0.4154552410099464,0.0,0.0,-0.0104213190412386,0.0912825193975353,2008-10-29,0.82,amc,1312788461.0,2025-04-25,2008-09-30,0.2682926829268294,41.87984375,3221553.4375
2008-06-30,AMP,USD,820027,2008-08-04,2008-08-04 17:17:49,2008,Q2,1968000000.0,0.0,1968000000.0,1.0,0,567000000.0,0.0,1078000000.0,658000000.0,1736000000.0,1736000000.0,0.0,220000000.0,97000000.0,329000000.0,0.1671747967,232000000.0,0.1178861789,0.0,232000000.0,0.1178861789,27000000.0,210000000.0,0.1067073171,0.94,0.93,223200000,226000000,https://www.sec.gov/Archives/edgar/data/820027/000110465908049648/0001104659-08-049648-index.htm,https://www.sec.gov/Archives/edgar/data/820027/000110465908049648/a08-18848_110q.htm,8.817204301075268,0.9408602150537636,0.0582437275985663,-0.1030465949820788,15.11200716845878,32.76881720430107,32.76881720430107,32.76881720430107,10.026881720430108,9077544000.0,7722544000.0,10.8066,4.612573170731707,698.2726153846154,-394.6758260869565,1.241118949958983,1.241118949958983,3.9240569105691057,23.47277811550152,594.0418461538461,-335.76278260869566,0.0231340106971665,-0.0025337249811182,0.2759092152037189,0.0193541580749422,-4.11854103343465,0.0355295728656449,1.0545454545454545,0.0619047619047619,0.0037455064938269,0.1619047619047619,0.2881097560975609,0.0,0.0,2.769230769230769,0.0182926829268292,0.1904761904761904,0.0,26.33808495397233,-0.002238920076014,0.0020140600573527,-407.1214157706093,-91562000000.0,7314000000.0,-93580000000.0,-91562000000.0,3527500000.0,0.0,0.0,165.27439024390242,0.0,0.0,0.5445489762036525,0.0,0.0,0.0287120590648072,0.1612903225806451,2008-07-23,0.87,amc,1880322580.0,2025-04-25,2008-06-30,0.0689655172413793,48.35,2532143.546875
2008-03-31,AMP,USD,820027,2008-05-06,2008-05-06 12:16:58,2008,Q1,1991000000.0,0.0,1991000000.0,1.0,0,585000000.0,0.0,1122000000.0,679000000.0,1801000000.0,1801000000.0,0.0,221000000.0,45000000.0,235000000.0,0.1180311401,190000000.0,0.0954294324,0.0,190000000.0,0.0954294324,4000000.0,191000000.0,0.0959316926,0.84,0.82,228400000,231500000,https://www.sec.gov/Archives/edgar/data/820027/000110465908030168/0001104659-08-030168-index.htm,https://www.sec.gov/Archives/edgar/data/820027/000110465908030168/a08-11487_110q.htm,8.717162872154116,0.8362521891418564,0.818739054290718,0.6260945709281961,17.092819614711033,33.19176882661996,33.19176882661996,33.19176882661996,9.802977232924691,11842540000.0,9956540000.0,15.500706806282723,5.948036162732295,63.32909090909091,82.81496503496504,1.5621342830761114,1.5621342830761114,5.000773480662984,42.368255319148936,53.24352941176471,69.62615384615384,0.0161282968011929,0.0120751122647675,0.2661917952776678,0.0192370021543917,-8.025531914893618,0.0409640829774508,0.8597285067873304,0.9790575916230366,0.0028710057133013,0.1780104712041884,0.2938221998995479,0.0,0.0,0.2352941176470588,0.0220994475138121,0.1833333333333333,0.0185836263184329,24.99050840242963,-0.0020350332060525,0.0018207469828983,-397.70687390542906,-91399000000.0,7581000000.0,-93417000000.0,-91399000000.0,1740500000.0,0.0,0.0,155.54495228528376,0.0,0.0,0.5786108689334496,0.0,0.0,0.0251945653607703,0.1926444833625218,2008-04-22,0.97,amc,2221191011.0,2025-04-25,2008-03-31,-0.0824742268041236,52.03,2436019.0327868853
2007-12-31,AMP,USD,820027,2008-02-29,2008-02-29 14:19:44,2007,Q4,2207000000.0,0.0,2207000000.0,1.0,0,-44000000.0,0.0,-120000000.0,1989000000.0,1869000000.0,1869000000.0,0.0,19000000.0,231000000.0,569000000.0,0.2578160399,338000000.0,0.1531490711,0.0,338000000.0,0.1531490711,83000000.0,255000000.0,0.115541459,1.12,1.1,228400000,231500000,https://www.sec.gov/Archives/edgar/data/820027/000104746908002027/0001047469-08-002027-index.htm,https://www.sec.gov/Archives/edgar/data/820027/000104746908002027/a2182855z10-k.htm,9.662872154115586,1.11646234676007,0.4816112084063047,0.1838879159369527,16.79509632224168,34.19439579684764,34.19439579684764,34.19439579684764,8.918563922942207,12587124000.0,10769124000.0,12.340317647058823,5.703273221567739,114.4284,299.69342857142857,1.6116676056338028,1.6116676056338028,4.879530584503852,18.926404217926187,97.90112727272728,256.4077142857143,0.0202587978000375,0.003336743167065,0.2583866837387964,0.0184747779913943,-3.195079086115993,0.0130983280014486,17.789473684210527,0.4313725490196078,0.0027806193058875,0.1372549019607843,-0.0199365654734934,0.0,0.0,0.6181818181818182,0.0308110557317625,0.2943722943722944,0.0,29.308309333554227,-0.0025993883792048,0.0023345234825597,-427.11908931698775,-98100000000.0,7810000000.0,-100118000000.0,-98100000000.0,1559500000.0,0.0,0.0,1.6311735387403714,0.0,0.0,55.175,0.0,0.0,0.0326504481434058,0.297723292469352,2008-01-24,1.03,amc,2059112068.0,2025-04-25,2007-12-31,0.1262135922330096,59.906875,1890837.5
2007-09-30,AMP,USD,820027,2007-11-07,2007-11-07 09:13:30,2007,Q3,2084000000.0,0.0,2084000000.0,1.0,0,855000000.0,24000000.0,1467000000.0,400000000.0,1867000000.0,1867000000.0,0.0,84000000.0,174000000.0,391000000.0,0.1876199616,217000000.0,0.1041266795,0.0,217000000.0,0.1041266795,19000000.0,198000000.0,0.0950095969,0.84,0.83,235400000,239200000,https://www.sec.gov/Archives/edgar/data/820027/000110465907080458/0001104659-07-080458-index.htm,https://www.sec.gov/Archives/edgar/data/820027/000110465907080458/a07-25767_110q.htm,8.853016142735768,0.8411214953271028,3.173322005097706,2.820730671197961,16.87340696686491,32.956669498725574,32.956669498725574,32.956669498725574,9.689889549702634,15091494000.0,13316494000.0,19.054916666666667,7.24159980806142,20.202803212851407,22.72815361445783,1.9452815158546013,1.9452815158546013,6.38987236084453,34.057529411764705,17.826631860776438,20.054960843373493,0.0131199734101872,0.0439982946685066,0.2831915442124258,0.0199992717607005,-4.539641943734015,0.0396419054462708,2.583333333333333,3.772727272727273,0.0023191872189724,0.1767676767676767,0.4102687140115163,0.0,0.0,0.1111111111111111,0.0398272552783109,0.7094017094017094,0.0,24.97424013698528,-0.002057677318784,0.0018023922660986,-407.0295242141037,-96225000000.0,7758000000.0,-98124000000.0,-96225000000.0,3143000000.0,0.0,0.0,132.97024952015354,0.0,0.0,0.6768431308866515,0.0,0.0,0.025522041763341,0.3525913338997451,2007-10-24,0.99,amc,2168000000.0,2025-04-25,2007-09-30,0.0,60.96825396825397,1744271.9206349207
2007-06-30,AMP,USD,820027,2007-08-06,2007-08-06 16:49:31,2007,Q2,3636000000.0,0.0,3636000000.0,1.0,0,905000000.0,25000000.0,655000000.0,2736000000.0,3391000000.0,3391000000.0,0.0,29000000.0,333000000.0,578000000.0,0.1589658966,245000000.0,0.0673817382,0.0,245000000.0,0.0673817382,49000000.0,196000000.0,0.0539053905,0.83,0.81,237400000,241000000,https://www.sec.gov/Archives/edgar/data/820027/000110465907059197/0001104659-07-059197-index.htm,https://www.sec.gov/Archives/edgar/data/820027/000110465907059197/a07-19095_110q.htm,15.31592249368155,0.8256107834877844,0.2443133951137321,-0.122156697556866,13.913226621735468,32.01347935973041,32.01347935973041,32.01347935973041,9.376579612468408,15091518000.0,13985518000.0,19.24938520408163,4.150582508250825,260.1985862068965,-520.3971724137931,1.985726052631579,1.985726052631579,3.846402090209021,24.19639792387543,241.1296206896552,-482.2592413793104,0.012987427772342,-0.0019216092112138,0.289078947368421,0.0203177597750897,-1.913494809688581,0.0334697930810854,8.448275862068966,0.2959183673469387,0.0023854459173689,0.1836734693877551,0.2488998899889989,0.0,0.0,1.5,0.0239273927392739,0.3438735177865613,0.0,24.38626990681505,-0.0020548735099546,0.0018125994155291,-399.4260741364785,-95383000000.0,7600000000.0,-97229000000.0,-95383000000.0,3114500000.0,0.0,0.0,79.38118811881188,0.0,0.0,1.1337698783910195,0.0,0.0,0.0257894736842105,0.3664700926705981,2007-07-25,0.94,amc,2128428571.0,2025-04-25,2007-06-30,0.0425531914893617,61.864444444444445,1069596.9206349207
2007-03-31,AMP,USD,820027,2007-05-09,2007-05-09 14:17:41,2007,Q1,2027000000.0,0.0,2027000000.0,1.0,0,842000000.0,27000000.0,617000000.0,1194000000.0,1811000000.0,1811000000.0,0.0,32000000.0,41000000.0,257000000.0,0.1267883572,216000000.0,0.1065614208,0.0,216000000.0,0.1065614208,51000000.0,165000000.0,0.0814010853,0.69,0.68,240700000,244100000,https://www.sec.gov/Archives/edgar/data/820027/000110465907037461/0001104659-07-037461-index.htm,https://www.sec.gov/Archives/edgar/data/820027/000110465907037461/a07-11102_110q.htm,8.42127129206481,0.6855006231823847,-0.2908184461985874,-0.5733277939343582,10.02492729538845,32.11882010801828,32.11882010801828,32.11882010801828,9.376817615288742,13753598000.0,13565598000.0,20.83878484848485,6.785198815984213,-196.47997142857145,-99.6637536231884,1.779019273056526,1.779019273056526,6.692450912678836,52.7844280155642,-193.79425714285716,-98.3014347826087,0.0119968607487291,-0.0100337380807553,0.2878023541585823,0.0211582350703689,-0.7315175097276264,0.0253455737153901,6.75,-0.4242424242424242,0.0019631226679738,0.1636363636363636,0.415392205229403,0.0,0.0,-0.9714285714285714,0.0335471139615194,0.3798882681564245,0.0172668968919585,22.25742801849334,-0.0017781896951212,0.0015690376569037,-385.3323639385127,-92791000000.0,7731000000.0,-95016000000.0,-92791000000.0,1542000000.0,0.0,0.0,134.17858904785396,0.0,0.0,0.6707478491065519,0.0,0.0,0.0213426464881645,0.2825093477357707,2007-04-24,0.88,amc,2049422222.0,2025-04-25,2007-03-31,0.0227272727272727,58.473606557377046,1276536.426229508
2006-12-31,AMP,USD,820027,2007-02-27,2007-02-27 13:11:51,2006,Q4,2161000000.0,0.0,2161000000.0,1.0,0,852000000.0,0.0,852000000.0,1106000000.0,1958000000.0,1958000000.0,0.0,33000000.0,146000000.0,349000000.0,0.1614993059,203000000.0,0.0939379917,0.0,203000000.0,0.0939379917,32000000.0,171000000.0,0.0791300324,0.71,0.7,240700000,244100000,https://www.sec.gov/Archives/edgar/data/820027/000110465907014265/0001104659-07-014265-index.htm,https://www.sec.gov/Archives/edgar/data/820027/000110465907014265/a07-1851_310k.htm,8.977980889073535,0.7104279185708351,-0.402991275446614,-0.7021188201080183,11.287910261736602,32.92480265891151,32.92480265891151,32.92480265891151,9.38097216452015,13118150000.0,12626150000.0,19.178581871345028,6.070407218880148,-135.23865979381443,-77.62218934911243,1.6552870662460566,1.6552870662460566,5.8427348449791765,36.17808022922636,-130.16649484536083,-74.71094674556213,0.0130353746526758,-0.0128829141304223,0.2807570977917981,0.021358906423991,-1.4097421203438396,0.0142717787768258,6.151515151515151,-0.5672514619883041,0.0019819867892957,0.1520467836257309,0.3942619157797316,0.0,0.0,-0.7422680412371134,0.0333179083757519,0.4931506849315068,0.0240629338269319,22.941027178448984,-0.0020500401616055,0.0016415159543831,-388.3818030743664,-92966000000.0,7925000000.0,-94901000000.0,-92966000000.0,1283000000.0,0.0,0.0,2.5821378991207773,0.0,0.0,34.854838709677416,0.0,0.0,0.021577287066246,0.2991275446614042,2007-01-25,0.85,amc,1986315789.0,2025-04-25,2006-12-31,0.1176470588235293,52.13650793650793,1110895.238095238
2006-09-30,AMP,USD,820027,2006-11-06,2006-11-06 17:15:15,2006,Q3,1977000000.0,0.0,1977000000.0,1.0,0,756000000.0,0.0,756000000.0,1004000000.0,1760000000.0,1760000000.0,0.0,32000000.0,443000000.0,660000000.0,0.3338391502,217000000.0,0.1097622661,0.0,217000000.0,0.1097622661,43000000.0,174000000.0,0.0880121396,0.71,0.71,244500000,246400000,https://www.sec.gov/Archives/edgar/data/820027/000110465906071740/0001104659-06-071740-index.htm,https://www.sec.gov/Archives/edgar/data/820027/000110465906071740/a06-21991_110q.htm,8.085889570552148,0.7116564417177914,0.7361963190184049,0.5439672801635992,13.533742331288344,31.70961145194274,31.70961145194274,31.70961145194274,9.349693251533742,11467050000.0,10412050000.0,16.475646551724136,5.800227617602428,63.70583333333333,86.21842105263158,1.4790468205855796,1.4790468205855796,5.266590794132524,15.775833333333331,57.844722222222224,78.28609022556391,0.0151739113372663,0.0115984494704392,0.2907261705146395,0.0226523556841936,-1.5984848484848484,0.0369733063678112,6.78125,1.0344827586206895,0.0023545724488861,0.1551724137931034,0.3823975720789074,0.0,0.0,0.2611111111111111,0.0237733940313606,0.3381294964028777,0.0,22.53315020626775,-0.0020188425302826,0.001748673420164,-354.04498977505114,-86188000000.0,7753000000.0,-88442000000.0,-86188000000.0,2472500000.0,0.0,0.0,113.99089529590287,0.0,0.0,0.7895367412140575,0.0,0.0,0.0224429253192312,0.1922290388548057,2006-10-24,0.8,amc,1840888888.0,2025-04-25,2006-09-30,0.1249999999999999,44.67126984126984,875982.5396825396
2006-06-30,AMP,USD,820027,2006-08-08,2006-08-08 16:10:13,2006,Q2,2053000000.0,0.0,2053000000.0,1.0,0,766000000.0,0.0,766000000.0,1101000000.0,1867000000.0,1867000000.0,0.0,28000000.0,57000000.0,243000000.0,0.1183633707,186000000.0,0.0905991232,0.0,186000000.0,0.0905991232,45000000.0,141000000.0,0.0686799805,0.57,0.57,246300000,248000000,https://www.sec.gov/Archives/edgar/data/820027/000110465906052503/0001104659-06-052503-index.htm,https://www.sec.gov/Archives/edgar/data/820027/000110465906052503/a06-15690_110q.htm,8.335363377994316,0.5724725943970768,1.7417783191230207,1.603735282176208,8.53024766544864,29.374746244417377,29.374746244417377,29.374746244417377,9.935038570848558,11002221000.0,11320221000.0,19.50748404255319,5.3590944958597175,25.6462027972028,27.853724050632916,1.52069398756047,1.52069398756047,5.513989771066732,46.58527160493827,26.387461538461537,28.65878734177215,0.0128155942332007,0.0359018420008105,0.3343469246717346,0.0251850617913773,1.308641975308642,0.0243185369523699,6.642857142857143,3.042553191489361,0.002454049959549,0.1914893617021276,0.3731125182659522,0.0,0.0,0.0792540792540792,0.0165611300535801,0.1538461538461538,0.0,19.451615275516108,-0.0016727169193536,0.0014680007079719,-344.6295168493707,-84294000000.0,7235000000.0,-86713000000.0,-84294000000.0,2411500000.0,0.0,0.0,107.0092547491476,0.0,0.0,0.8410487505120852,0.0,0.0,0.0194885970974429,0.1380430369468128,2006-07-25,0.77,amc,2053000000.0,2025-04-25,2006-06-30,0.0,45.469206349206345,1084930.1587301588
2006-03-31,AMP,USD,820027,2006-05-08,2006-05-08 17:23:08,2006,Q1,1949000000.0,0.0,1949000000.0,1.0,0,739000000.0,0.0,739000000.0,1019000000.0,1758000000.0,1758000000.0,0.0,23000000.0,40000000.0,231000000.0,0.1185223191,191000000.0,0.0979989738,0.0,191000000.0,0.0979989738,46000000.0,145000000.0,0.0743971267,0.57,0.57,252300000,253500000,https://www.sec.gov/Archives/edgar/data/820027/000110465906032171/0001104659-06-032171-index.htm,https://www.sec.gov/Archives/edgar/data/820027/000110465906032171/a06-9892_110q.htm,7.724930638129211,0.5747126436781609,0.4240982956797463,0.2893380895759017,6.539833531510107,29.096313912009517,29.096313912009517,29.096313912009517,7.7051129607609985,11368638000.0,11639638000.0,19.6011,5.8330620831195485,106.24895327102804,155.73476712328767,1.5486497752349817,1.5486497752349817,5.972107747562853,50.38804329004329,108.78166355140186,159.44709589041096,0.0127543862334256,0.006421173758897,0.2616809698951096,0.0200477974556725,1.173160173160173,0.0190621425848265,8.304347826086957,0.7379310344827587,0.0024629159623166,0.193103448275862,0.3791688045151359,0.0,0.0,0.3177570093457944,0.017444843509492,0.1888888888888888,0.0030785017957927,19.39704715974481,-0.0017077106078272,0.0015132382254411,-337.07292905271504,-84909000000.0,7341000000.0,-86830000000.0,-84909000000.0,1205500000.0,0.0,0.0,109.99486916367368,0.0,0.0,0.8182199832073888,0.0,0.0,0.0197520773736548,0.1347602061038446,2006-04-25,0.75,amc,2002397260.0,2025-04-25,2006-03-31,-0.0266666666666666,43.861935483870965,1291009.677419355
2005-12-31,AMP,USD,820027,2006-03-08,2006-03-08 17:21:31,2005,Q4,1869000000.0,0.0,1869000000.0,1.0,0,655000000.0,0.0,655000000.0,1087000000.0,1742000000.0,1742000000.0,0.0,21000000.0,66000000.0,193000000.0,0.1032637774,127000000.0,0.0679507758,0.0,127000000.0,0.0679507758,16000000.0,111000000.0,0.0593900482,0.44,0.44,252300000,253500000,https://www.sec.gov/Archives/edgar/data/820027/000110465906015078/0001104659-06-015078-index.htm,https://www.sec.gov/Archives/edgar/data/820027/000110465906015078/a06-5951_110k.htm,7.407847800237812,0.4399524375743163,2.2829964328180736,2.096710265556877,9.805786761791518,30.46769718588981,30.46769718588981,30.46769718588981,7.348394768133175,10344300000.0,9703300000.0,23.29797297297297,5.534670947030498,17.95885416666667,19.55444234404537,1.3456875243918305,1.3456875243918305,5.1917067950775815,50.27616580310881,16.846006944444444,18.342722117202268,0.0107305472579101,0.0511392747696799,0.2384545336282034,0.0196840669666348,-3.321243523316062,0.0142582026530783,6.047619047619048,7.291139240506329,0.0026829268292682,0.250027027027027,0.3504547886570358,0.0,0.0,0.0815972222222222,0.025147137506688,0.7121212121212122,0.0,17.366565492194713,-0.001513271802702,0.0011919975086178,-328.7286959968292,-82409000000.0,7687000000.0,-84242000000.0,-82409000000.0,1433000000.0,0.0,0.0,1.3964686998394862,0.0,0.0,64.44827586206897,0.0,0.0,0.0144399635748666,0.1862861672611969,2006-01-26,0.74,bmo,1793229729.0,2025-04-25,2005-12-31,0.0405405405405405,38.76555555555556,2323604.8412698414
2005-09-30,AMP,USD,820027,2005-11-14,2005-11-14 17:39:04,2005,Q3,1873000000.0,0.0,1873000000.0,1.0,0,703000000.0,0.0,703000000.0,989000000.0,1692000000.0,1692000000.0,0.0,16000000.0,48000000.0,229000000.0,0.122263748,181000000.0,0.0966364122,0.0,181000000.0,0.0966364122,58000000.0,125000000.0,0.0667378537,0.5,0.5,246200000,246200000,https://www.sec.gov/Archives/edgar/data/820027/000110465905055581/0001104659-05-055581-index.htm,https://www.sec.gov/Archives/edgar/data/820027/000110465905055581/a05-19948_210q.htm,7.607636068237205,0.5077173030056864,-0.1096669374492282,-0.2721364744110479,10.641754670999187,31.42567018683997,31.42567018683997,31.42567018683997,7.014622258326564,8813960000.0,7904960000.0,17.62792,4.705798184730379,-326.4429629629629,-131.55164179104477,1.1391960708284865,1.1391960708284865,4.220480512546716,34.519475982532754,-292.7762962962963,-117.98447761194028,0.0141820475699912,-0.0076015774975153,0.2211451466976864,0.018542601382838,-3.96943231441048,0.0311248915974672,11.3125,-0.2125984251968504,0.0,0.0,0.3753336892685531,0.0,0.0,-1.4814814814814814,0.0213561131873998,0.273972602739726,0.0,18.94717713880338,-0.0015335511059023,0.0013546611179747,-324.08306255077173,-81557000000.0,7737000000.0,-81917000000.0,-81557000000.0,1418500000.0,0.0,0.0,136.32140950347036,0.0,0.0,0.6602044413112442,0.0,0.0,0.0161561328680367,0.1624695369618196,2005-11-14,,amc,,2025-04-25,2005-09-30,,36.89083333333333,1319458.3333333333
2005-06-30,AMP,USD,820027,2005-06-30,2005-06-29 20:00:00,2005,Q2,1895000000.0,0.0,1895000000.0,1.0,0,651000000.0,0.0,651000000.0,1053000000.0,1704000000.0,1704000000.0,0.0,19000000.0,0.0,191000000.0,0.1007915567,191000000.0,0.1007915567,0.0,191000000.0,0.1007915567,42000000.0,155000000.0,0.0817941953,0.63,0.63,246200000,246200000,,,7.696994313566206,0.6295694557270511,0.8204711616571893,0.710804224207961,10.194963444354183,28.40373679935012,28.40373679935012,28.40373679935012,1.61251015434606,9111862000.0,6979862000.0,14.696551612903226,4.808370448548812,45.10822772277228,52.06778285714286,1.302997568997569,1.302997568997569,3.6833044854881263,36.54378010471204,34.55377227722772,39.884925714285714,0.0170107931836544,0.0192057342396098,0.054054054054054,0.0039394697348674,-11.162303664921463,0.0283356475993723,10.052631578947368,1.2546583850931676,0.0,0.0,0.3435356200527704,0.0,0.0,0.1336633663366336,0.0142480211081794,0.0,0.0,20.05860950168477,-0.0017311289516794,0.0016153910288477,-351.1332250203087,-86071000000.0,6993000000.0,-86449000000.0,-86071000000.0,0.0,0.0,0.0,0.0,0.0,0.0,0.0,0.0,0.0,0.0221650221650221,0.1096669374492282,2005-10-24,0.61,bmo,1504540983.0,2025-04-25,2005-06-30,0.1967213114754098,,
2005-03-31,AMP,USD,820027,2005-03-31,2005-03-30 19:00:00,2005,Q1,1847000000.0,0.0,1847000000.0,1.0,0,641000000.0,0.0,641000000.0,960000000.0,1601000000.0,1601000000.0,0.0,17000000.0,0.0,246000000.0,0.1331889551,246000000.0,0.1331889551,0.0,246000000.0,0.1331889551,71000000.0,183000000.0,0.0990795885,0.74,0.74,246200000,246200000,,,7.502030869212023,0.743298131600325,0.7879772542648253,0.6783103168155971,0.0,26.32818846466288,26.32818846466288,26.32818846466288,1.6328188464662876,9111862000.0,9496862000.0,12.447898907103824,4.93333080671359,46.96836082474226,54.562047904191616,1.4057176797284787,1.4057176797284787,5.141776935571197,38.605130081300814,48.9528969072165,56.8674371257485,0.020083710661992,0.0183277578172277,0.0593952483801295,0.0041160622647964,1.565040650406504,0.0,14.470588235294118,1.0157068062827226,0.0,0.0,0.3470492690850027,0.0,0.0,0.1391752577319587,0.0146182999458581,0.0,0.0,20.983757983726743,0.0,0.0019564659596305,-353.5905767668562,0.0,6482000000.0,-87054000000.0,0.0,1101500000.0,0.0,0.0,0.0,0.0,0.0,0.0,0.0,0.0,0.0282320271521135,0.1096669374492282,2005-03-30,,amc,,2025-04-25,2005-03-31,,,
2004-12-31,AMP,USD,820027,2004-12-31,2004-12-30 19:00:00,2004,Q4,2061000000.0,0.0,2061000000.0,1.0,0,598000000.0,0.0,598000000.0,1142000000.0,1740000000.0,1740000000.0,0.0,0.0,0.0,321000000.0,0.1557496361,321000000.0,0.1557496361,0.0,321000000.0,0.1557496361,55000000.0,235000000.0,0.1140223193,0.95,0.95,248000000,248000000,,,8.310483870967742,0.9475806451612904,1.810483870967742,1.685483870967742,4.346774193548387,27.024193548387096,27.024193548387096,27.024193548387096,1.5524193548387095,9178480000.0,8485480000.0,9.764340425531914,4.453410965550703,20.442048997772822,21.958086124401916,1.369513578036407,1.369513578036407,4.117166424065988,26.434517133956387,18.898619153674836,20.30019138755981,0.0256033678779057,0.0455413096721897,0.0574455386451805,0.0041347609893355,-2.1588785046728973,0.0,0.0,2.200980392156863,0.0,0.0,0.2901504124211548,0.0,0.0,0.0690423162583518,0.0150412421154779,0.0,0.0,24.003563528041933,0.0810728436452301,0.0025238151493346,-337.42237903225805,3281000000.0,6702000000.0,-83130000000.0,3281000000.0,,,,96.20087336244542,0.0,0.0,0.935542442124376,0.0,0.0,0.035064159952253,0.125,2004-12-30,,amc,,2025-04-25,2004-12-31,,,
2004-09-30,AMP,USD,820027,2004-09-30,2004-09-29 20:00:00,2004,Q3,1712000000.0,0.0,1712000000.0,1.0,0,560000000.0,0.0,560000000.0,891000000.0,1451000000.0,1451000000.0,0.0,0.0,0.0,261000000.0,0.152453271,261000000.0,0.152453271,0.0,261000000.0,0.152453271,73000000.0,199000000.0,0.1162383178,0.81,0.81,246000000,246000000,,,6.959349593495935,0.8089430894308943,,,,,,,,9104460000.0,,11.437763819095476,5.318025700934579,0.0,0.0,0.0,0.0,,,0.0,0.0,0.0218574193307455,,0.0,0.0,,0.0,0.0,0.0,,,0.3271028037383177,0.0,0.0,0.0,,0.0,,,0.0,0.0,,,,,,,,,,0.0,0.0,0.0,0.0,0.0,0.0,,2004-09-29,,amc,,2025-04-25,2004-09-30,,,
