date,symbol,reportedCurrency,cik,fillingDate,acceptedDate,calendarYear,period,revenue,costOfRevenue,grossProfit,grossProfitRatio,researchAndDevelopmentExpenses,generalAndAdministrativeExpenses,sellingAndMarketingExpenses,sellingGeneralAndAdministrativeExpenses,otherExpenses,operatingExpenses,costAndExpenses,interestIncome,interestExpense,depreciationAndAmortization,ebitda,ebitdaratio,operatingIncome,operatingIncomeRatio,totalOtherIncomeExpensesNet,incomeBeforeTax,incomeBeforeTaxRatio,incomeTaxExpense,netIncome,netIncomeRatio,eps,epsdiluted,weightedAverageShsOut,weightedAverageShsOutDil,link,finalLink,revenuePerShare,netIncomePerShare,operatingCashFlowPerShare,freeCashFlowPerShare,cashPerShare,bookValuePerShare,tangibleBookValuePerShare,shareholdersEquityPerShare,interestDebtPerShare,marketCap,enterpriseValue,peRatio,priceToSalesRatio,pocfratio,pfcfRatio,pbRatio,ptbRatio,evToSales,enterpriseValueOverEBITDA,evToOperatingCashFlow,evToFreeCashFlow,earningsYield,freeCashFlowYield,debtToEquity,debtToAssets,netDebtToEBITDA,currentRatio,interestCoverage,incomeQuality,dividendYield,payoutRatio,salesGeneralAndAdministrativeToRevenue,researchAndDdevelopementToRevenue,intangiblesToTotalAssets,capexToOperatingCashFlow,capexToRevenue,capexToDepreciation,stockBasedCompensationToRevenue,grahamNumber,roic,returnOnTangibleAssets,grahamNetNet,workingCapital,tangibleAssetValue,netCurrentAssetValue,investedCapital,averageReceivables,averagePayables,averageInventory,daysSalesOutstanding,daysPayablesOutstanding,daysOfInventoryOnHand,receivablesTurnover,payablesTurnover,inventoryTurnover,roe,capexPerShare,report_date,epsEstimated,time,revenueEstimated,updatedFromDate,fiscalDateEnding,surprise(%),QuarterAvgPrice,QuarterAvgVolume
2025-03-31,AMT,USD,1053507,2025-04-29,2025-04-29 16:07:27,2025,Q1,2562800000.0,634500000.0,1928300000.0,0.752419229,0,0.0,0.0,237500000.0,436700000.0,674200000.0,1308700000.0,26900000.0,325300000.0,492500000.0,1754200000.0,0.6844857187,1254100000.0,0.4893475886,-636600000.0,617500000.0,0.2409474013,118900000.0,488700000.0,0.1906898705,1.05,1.04,467640000,468519000,https://www.sec.gov/Archives/edgar/data/1053507/000105350725000102/0001053507-25-000102-index.htm,https://www.sec.gov/Archives/edgar/data/1053507/000105350725000102/amt-20250331.htm,5.480283979129244,1.0450346420323329,2.769224189547516,2.061200923787529,4.498545890000856,21.24775468308956,-35.55662475408434,7.558805919083055,95.60538020699684,101758464000.0,144038364000.0,52.0556906077348,39.70597159356954,78.57796447876447,105.56952380952382,28.787615706687788,28.787615706687788,56.20351334477915,82.11057120054726,111.2265359073359,149.43289137877372,0.0048025489063985,0.0094724307159353,12.556184225415866,0.715223122490154,24.10209782236917,0.5545871559633028,3.855210574853981,2.597272362615323,0.0,0.0,0.0,0.0,0.4280677328073534,0.2556756756756757,0.1291946308724832,0.6722842639593909,0.0208365849851724,13.331628402090228,0.0171215914546237,0.0137694553077347,-105.40025446924984,-2815900000.0,-16627700000.0,-48613200000.0,51180700000.0,876550000.0,220200000.0,0.0,34.00460433900422,28.31205673758865,0.0,2.646700402767737,3.178857715430862,0.0,0.1382539323299762,0.7080232657599863,2025-04-29,2.6,bmo,2568975730.0,2025-05-11,2025-03-31,0.0576923076923076,196.17216666666667,2523382.7666666666
2024-12-31,AMT,USD,1053507,2025-02-25,2025-02-25 16:15:22,2024,Q4,2547600000.0,654400000.0,1893200000.0,0.7431307898,0,0.0,0.0,243100000.0,570000000.0,813100000.0,1467500000.0,32100000.0,321200000.0,500900000.0,2127800000.0,0.8352174596,1080100000.0,0.4239676558,225600000.0,1305700000.0,0.5125215889,75200000.0,1229600000.0,0.4826503376,2.63,2.62,467337000,468418000,https://www.sec.gov/Archives/edgar/data/1053507/000105350725000025/0001053507-25-000025-index.htm,https://www.sec.gov/Archives/edgar/data/1053507/000105350725000025/amt-20241231.htm,5.451312436207704,2.631077787549456,2.5656004125502583,1.616820410110905,4.278711080012925,20.646129024665285,-35.506925409287085,7.237175742558368,94.73955625169846,85714279170.0,127668779170.0,17.427268861824984,33.645108796514364,71.48813942452043,113.43869662519852,25.34275890544616,25.34275890544616,50.11335341890407,60.00036618573174,106.47938212677232,168.9634451694018,0.0143453344285996,0.008815334006384,12.995712849624503,0.7196458919338413,19.71731365729861,0.4492622533778054,3.362702366127023,0.9744006501422188,0.0088433340085218,0.6164606376057254,0.0,0.0,0.4296581059442609,0.3698081734778982,0.1740461610927932,0.8852066280694749,0.0164468519390799,20.69868057797003,0.0174681125844202,0.0352978326395866,-104.5080958708598,-3896800000.0,-16593700000.0,-48249900000.0,49492000000.0,798750000.0,231050000.0,0.0,27.724917569477157,33.117359413202934,0.0,3.246177370030581,2.7176079734219267,0.0,0.3635503518419963,0.9487800024393532,2025-02-25,1.79,bmo,2546716510.0,2025-05-11,2024-12-31,0.2960893854748602,207.20859375,2411707.984375
2024-09-30,AMT,USD,1053507,2024-10-29,2024-10-29 16:05:52,2024,Q3,2522300000.0,651800000.0,1870500000.0,0.7415850613,0,0.0,0.0,227700000.0,503600000.0,731300000.0,1310700000.0,37700000.0,356800000.0,498500000.0,1710100000.0,0.6779923086,1139200000.0,0.4516512707,-588700000.0,550500000.0,0.2182531816,122400000.0,-792300000.0,-0.3141180668,-1.7,-1.69,467196000,468261000,https://www.sec.gov/Archives/edgar/data/1053507/000105350724000130/0001053507-24-000130-index.htm,https://www.sec.gov/Archives/edgar/data/1053507/000105350724000130/amt-20240930.htm,5.398804784287536,-1.69586212210721,3.145146790640331,2.236106473514328,4.602565090454542,21.81718165395252,-36.4898243991815,7.794801325353813,96.61491108656752,108651101760.0,151282101760.0,-34.28344748201439,43.07620099115886,73.94249473254389,104.00220327366708,29.83526972567757,29.83526972567757,59.97783838560044,88.46389202970586,102.95501685041512,144.80913349286877,-0.0072921487878706,0.0096151809146642,12.296811928494934,0.7128873167687625,24.92895152330273,0.480882664969234,3.192825112107623,-1.8828805740645824,0.0069736982665273,-0.9563296731036224,0.0,0.0,0.4336546911017435,0.2890295358649789,0.1683780676366808,0.828198127925117,0.0200214090314395,,0.0147460365429648,-0.0222706318866651,-106.73052637436965,-3669900000.0,-17047900000.0,-49224300000.0,51177300000.0,964800000.0,213650000.0,0.0,28.998533084882844,30.556919300398896,0.0,3.103605266395964,2.945323090826932,0.0,-0.217563225965895,0.9090403171260028,2024-10-29,2.54,bmo,2524761010.0,2025-04-25,2024-09-30,0.0393700787401575,221.72984375,2109328.046875
2024-06-30,AMT,USD,1053507,2024-07-30,2024-07-30 16:03:27,2024,Q2,2900300000.0,1383600000.0,1516700000.0,0.5229459021,0,0.0,0.0,234300000.0,87500000.0,794100000.0,1564400000.0,43700000.0,365400000.0,561700000.0,1855000000.0,0.639589008,1335900000.0,0.4606075234,-255900000.0,1028400000.0,0.3545840086,120000000.0,900300000.0,0.3104161638,1.93,1.92,467038000,467781000,https://www.sec.gov/Archives/edgar/data/1053507/000105350724000105/0001053507-24-000105-index.htm,https://www.sec.gov/Archives/edgar/data/1053507/000105350724000105/amt-20240630.htm,6.209987195902689,1.927680402879423,2.8659338212308207,2.169630736685237,5.606824284105362,22.31831242853901,-38.15257002642184,8.256287496948856,102.25056633507336,90614712760.0,135385612760.0,25.16236608908142,31.243220618556705,67.69870209936497,89.42535553143196,23.499666172199177,23.499666172199177,46.67986510360997,72.98415782210243,101.14726392230108,133.60861813875457,0.0099354726465283,0.0111825107550007,12.289808091286307,0.719791669831009,24.135256064690022,0.5972244400249684,3.6559934318555007,1.486726646673331,0.008355155326765,0.8409419082528046,0.0,0.0,0.4289663384864014,0.2429585356742622,0.1121263317587835,0.5789567384724942,0.0159638658069854,18.923487553544437,0.0185289654854375,0.0239469512389747,-111.25010170478632,-2774600000.0,-17818700000.0,-51300200000.0,54407400000.0,1148550000.0,194050000.0,0.5,34.65882839706237,13.399826539462271,0.0,2.596740979496821,6.716504854368932,0.0,0.2334802904564315,0.696303084545583,2024-07-30,2.53,bmo,2822730000.0,2025-04-25,2024-06-30,0.1027667984189724,186.9096825396825,2505269.73015873
2024-03-31,AMT,USD,1053507,2024-04-30,2024-04-30 16:06:15,2024,Q1,2834100000.0,1337700000.0,1496400000.0,0.5279983063,0,0.0,0.0,257000000.0,-274500000.0,274500000.0,1612200000.0,48000000.0,366700000.0,549400000.0,1786000000.0,0.6301824212,1221900000.0,0.4311421615,-205700000.0,1030900000.0,0.3637486327,109200000.0,917400000.0,0.3237006457,1.97,1.96,466519000,467660000,https://www.sec.gov/Archives/edgar/data/1053507/000105350724000084/0001053507-24-000084-index.htm,https://www.sec.gov/Archives/edgar/data/1053507/000105350724000084/amt-20240331.htm,6.0749937301589005,1.966479393122252,2.7514420634529357,1.901101562851674,5.394635588261143,22.853731573633656,-38.61450444676423,8.676602667844183,103.33491240442513,90042832190.0,135367132190.0,24.5375060469806,31.77122620585018,70.14866951542537,101.52534918254597,22.24488171105292,22.24488171105292,47.763710592427934,75.79346707166853,105.45896867404176,152.6295322922539,0.0101884844988459,0.0098497568149405,11.819012797074954,0.7174822657808305,25.37754759238522,0.6299890041308805,3.3321516225797656,1.3991715718334423,0.0089079827954265,0.8743187268367124,0.0,0.0,0.4300619385413698,0.3090526643814272,0.1399738894181574,0.7220604295595194,0.0228996859673264,19.59344553273021,0.0169513643685867,0.0241402629799304,-112.78308064516128,-2490100000.0,-18014400000.0,-51777600000.0,55480000000.0,1126450000.0,220400000.0,0.5,37.47856462369006,12.251625925095311,6.727965911639381e-08,2.4013726487036093,7.345963756177924,1337700000.0,0.2266416324917239,0.8503405006012617,2024-04-30,1.78,bmo,2795210000.0,2025-04-25,2024-03-31,0.1011235955056179,199.18327868852455,2337278.2622950817
2023-12-31,AMT,USD,1053507,2024-02-27,2024-02-27 16:21:21,2023,Q4,2786700000.0,1576300000.0,1210400000.0,0.4343488714,0,0.0,0.0,252300000.0,-413500000.0,413500000.0,1989800000.0,36300000.0,350700000.0,764900000.0,1561800000.0,0.5604478415,796900000.0,0.2859654789,-681700000.0,35200000.0,0.0126314279,21900000.0,84900000.0,0.0304661427,0.18,0.18,466249000,467453000,https://www.sec.gov/Archives/edgar/data/1053507/000105350724000011/0001053507-24-000011-index.htm,https://www.sec.gov/Archives/edgar/data/1053507/000105350724000011/amt-20231231.htm,5.976849280105695,0.1820915433598785,2.449120534306776,1.3239706680336043,4.489875581502588,23.303856951972016,-39.23718871246909,9.004201617590601,101.8886903778882,100653834120.0,145715234120.0,296.3893819787986,36.119364883195175,88.14592706892022,163.05497184513203,23.975473803058453,23.975473803058453,52.28953031183838,93.29954803431936,127.6077013048428,236.0525419083104,0.0008434850072256,0.0061329010007115,11.232147110666476,0.7141680145878391,28.85222179536432,0.5117735505497083,2.2723125178215,13.449941107184925,0.0075118847345504,8.905771495877502,0.0,0.0,0.4416289551642041,0.4594097556703739,0.1882513367064987,0.6858412864426723,0.0135285463092546,6.073775745661689,0.0047376511754314,0.002302816271065,-112.09520020418276,-3539300000.0,-18294300000.0,-51452200000.0,45409200000.0,1060250000.0,237450000.0,56350000.0,34.64420282054043,14.770665482458924,0.0,2.5978372331499955,6.093158098183224,0.0,0.0202229526940117,1.1251498662731716,2024-02-27,2.18,bmo,2742460000.0,2025-04-25,2023-12-31,0.0504587155963302,188.9879365079365,2221918.571428572
2023-09-30,AMT,USD,1053507,2023-10-26,2023-10-26 16:08:36,2023,Q3,2818600000.0,815800000.0,2002800000.0,0.710565529,0,0.0,0.0,231900000.0,59200000.0,1022100000.0,1837900000.0,45700000.0,359200000.0,762900000.0,1747700000.0,0.6200596041,658700000.0,0.2336975804,-341800000.0,643000000.0,0.2281274392,65700000.0,586900000.0,0.208223941,1.26,1.26,466168000,467161000,https://www.sec.gov/Archives/edgar/data/1053507/000105350723000161/0001053507-23-000161-index.htm,https://www.sec.gov/Archives/edgar/data/1053507/000105350723000161/amt-20230930.htm,6.046318065590087,1.2589881759365722,2.789981294297335,1.9518714283262688,4.545357038664172,24.09968080177104,-38.59188103859553,9.724605721542448,101.19828044825042,76661327600.0,121358627600.0,32.655191514738455,27.19837068047967,58.943047516530825,84.25247565666557,16.91071131405378,16.91071131405378,43.05634981905911,69.43904995136465,93.30972443487622,133.37578591053963,0.0076557505377717,0.011869087432814,10.327178876315267,0.713085464487533,25.574927046976025,0.5604990755164733,1.8337973273942096,2.2529014377273517,0.0095471866052056,1.247060828079741,0.0,0.0,0.4451403591610436,0.3003998154697831,0.1386149152061307,0.5121247869969852,0.0152912793585467,16.597324526230402,0.009313173280503,0.0161111446626514,-110.38381012853736,-3018800000.0,-17990300000.0,-50568600000.0,54619100000.0,1059600000.0,216200000.0,123200000.0,33.45703540764919,23.851434175042904,12.433194410394703,2.6900171788509257,3.773358001850138,7.23868677905945,0.1294641872366708,0.8381098659710662,2023-10-26,2.35,bmo,2762150000.0,2025-04-25,2023-09-30,0.0978723404255319,182.65285714285716,2111895.206349206
2023-06-30,AMT,USD,1053507,2023-07-27,2023-07-27 16:05:55,2023,Q2,2771700000.0,827300000.0,1944400000.0,0.7015189234,0,0.0,0.0,244400000.0,-81200000.0,1070700000.0,1898000000.0,30600000.0,348100000.0,764600000.0,1676800000.0,0.604971678,873700000.0,0.3152217051,-399000000.0,474700000.0,0.1712667316,13200000.0,475700000.0,0.171627521,1.02,1.02,466087000,466979000,https://www.sec.gov/Archives/edgar/data/1053507/000105350723000142/0001053507-23-000142-index.htm,https://www.sec.gov/Archives/edgar/data/1053507/000105350723000142/amt-20230630.htm,5.946743848251507,1.020624904792453,2.594794534067674,1.6917442451731115,4.32472907418572,25.761714014765484,-39.3263489434376,11.084625831658036,101.96508377191384,90392912780.0,135553712780.0,47.50520957536262,32.6128054190569,74.74194871837275,114.63907771718452,17.496305508671416,17.496305508671416,48.90634368077353,80.84071611402672,112.0834403671242,171.91339604311986,0.0052625807197713,0.0087230290047082,9.131406782285538,0.7054007984569147,26.932729007633583,0.5315563769727247,2.50991094513071,2.6205850487540627,0.0080504099007307,1.5297456380071477,0.0,0.0,0.4536057656364479,0.3480238134612204,0.1518562615001623,0.5504839131572064,0.0178229967168163,15.954560998102044,0.0131187506004398,0.0130177903416041,-111.5364728044335,-3244300000.0,-18329500000.0,-51190400000.0,55832900000.0,1071749999.5,211100000.0,128050000.0,34.789479380885375,23.519883959869457,14.544905113018253,2.58698898637297,3.826549491211841,6.18773373223635,0.0920757200371632,0.9030502888945626,2023-07-27,2.36,bmo,2728600000.0,2025-04-25,2023-06-30,0.0423728813559322,195.5074193548387,2087747.0
2023-03-31,AMT,USD,1053507,2023-04-26,2023-04-26 16:06:15,2023,Q1,2767200000.0,806100000.0,1961100000.0,0.7086947095,0,0.0,0.0,263900000.0,921600000.0,1185500000.0,1991600000.0,30800000.0,340200000.0,794100000.0,1578500000.0,0.5704322058,775600000.0,0.2802833189,-407200000.0,368400000.0,0.1331309627,53400000.0,335800000.0,0.1213501012,0.72,0.72,465741000,466810000,https://www.sec.gov/Archives/edgar/data/1053507/000105350723000114/0001053507-23-000114-index.htm,https://www.sec.gov/Archives/edgar/data/1053507/000105350723000114/amt-20230331.htm,5.941499674711911,0.7210015867187987,2.298487786130059,1.3067348590740346,3.871250330119101,26.30281637218969,-39.47258240094817,11.60859791171488,101.44951807979112,95169515940.0,140275515940.0,70.85282604228708,34.39199043798786,88.90192988323213,156.37449217877094,17.602470302963045,17.602470302963045,50.69222171870483,88.86633889135256,131.0373806071929,230.48885300690108,0.0035284407689086,0.0063949048599101,8.676247549291606,0.7020445181441445,28.57522964840038,0.4580528670623066,2.279835390946502,3.3984126984126983,0.0077083506494085,2.184633710541989,0.0,0.0,0.4584758230229415,0.4314806165343297,0.1669196299508528,0.5816647777358015,0.0236701358774212,13.72300601411209,0.0102464980449594,0.0092804987922638,-111.4334469173854,-4082000000.0,-18384000000.0,-51117300000.0,55348000000.0,1057099999.0,212300000.0,117350000.0,34.8688204358196,22.999627837737258,13.665798288053592,2.581102511501822,3.9131067961165047,6.58578431372549,0.062109273850479,0.9917529270560248,2023-04-26,2.38,bmo,2739010000.0,2025-04-25,2023-03-31,0.0672268907563025,209.80580645161288,2071428.9193548388
2022-12-31,AMT,USD,1053507,2023-02-23,2023-02-23 16:13:08,2022,Q4,2705000000.0,805000000.0,1900000000.0,0.7024029575,0,0.0,0.0,224300000.0,1483700000.0,1708000000.0,2513000000.0,28600000.0,303500000.0,814700000.0,1716000000.0,0.6343807763,-455100000.0,-0.1682439926,-950600000.0,-758600000.0,-0.2804436229,-42000000.0,-716600000.0,-0.2649168207,-1.54,-1.54,465609000,466696000,https://www.sec.gov/Archives/edgar/data/1053507/000105350723000023/0001053507-23-000023-index.htm,https://www.sec.gov/Archives/edgar/data/1053507/000105350723000023/amt-20221231.htm,5.809595604895954,-1.5390595972156895,2.54505389715405,1.1314214287094966,4.356444999989261,26.65004327665488,-39.80056227435466,11.967981718566437,101.7044344074105,98643922740.0,143666522740.0,-34.41387201367569,36.46725424768946,83.24381665822786,187.25118211845103,17.702232922977533,17.702232922977533,53.11146866543438,83.72174984848485,121.23757193248944,272.7154949506454,-0.0072645124007159,0.0053404202242494,8.44357906826502,0.7002210002306737,26.236946386946386,0.4357968695484787,-1.499505766062603,-1.653642199274351,0.0069390995510606,-0.9552051353614288,0.0,0.0,0.4604543526627923,0.5554430379746835,0.2433271719038817,0.807904750214803,0.0115341959334565,,-0.0066978053041219,-0.0197658221737991,-111.50960355308854,-4689600000.0,-18531500000.0,-51163700000.0,55167600000.0,1080549999.5,215300000.0,263500000.0,34.67245837707948,24.43975155279503,12.555279503105591,2.5957201828958065,3.6825251601097895,7.1682991985752444,-0.1285980905893331,1.4136324684445534,2023-02-23,2.23,bmo,2682084322.0,2025-04-25,2022-12-31,0.0493273542600896,208.14396825396824,2068962.4444444445
2022-09-30,AMT,USD,1053507,2022-10-27,2022-10-27 16:19:01,2022,Q3,2671500000.0,836500000.0,1835000000.0,0.6868800299,0,0.0,0.0,231200000.0,950900000.0,1182100000.0,2018600000.0,18800000.0,294000000.0,898100000.0,2048300000.0,0.7667228149,1150200000.0,0.4305446378,-294400000.0,855800000.0,0.3203443758,36100000.0,839700000.0,0.314317799,1.8,1.8,465594000,466801003,https://www.sec.gov/Archives/edgar/data/1053507/000105350722000118/0001053507-22-000118-index.htm,https://www.sec.gov/Archives/edgar/data/1053507/000105350722000118/amt-20220930.htm,5.737831673088571,1.803502622456475,2.002388346928869,1.0161213417698682,4.557189310858817,26.457815178030646,-40.13775950721014,13.492012354111091,100.8513855419099,99963031800.0,144503031800.0,29.761531439799928,37.41831622683885,107.22195838249488,211.2936626506024,15.913119137826737,15.913119137826737,54.09059771663859,70.54778684762974,154.99627995280488,305.43866370746144,0.0084001053677525,0.0047327496123421,7.428093858448215,0.7015461685570297,21.74486159254015,0.5676018482167124,3.912244897959184,1.1373673295107969,0.0066604622530066,0.7929022269858282,0.0,0.0,0.4661734282724528,0.4925453180306768,0.1718884521804229,0.5113016367887763,0.0146734044544263,23.398499789820427,0.0170967658450415,0.0236493242044369,-109.5929071250918,-2863600000.0,-18687900000.0,-50435200000.0,56403000000.0,1097450000.0,203250000.0,275550000.0,37.697922515440766,22.809324566646744,44.61805140466228,2.3873994638069704,3.945754716981132,2.0171208102242586,0.1336718774873443,0.9862670051590012,2022-10-27,1.13,bmo,2644471189.0,2025-04-25,2022-09-30,0.592920353982301,256.92859375,1505933.421875
2022-06-30,AMT,USD,1053507,2022-07-28,2022-07-28 16:21:40,2022,Q2,2674300000.0,822900000.0,1851400000.0,0.6922933104,0,0.0,0.0,222900000.0,846200000.0,1069100000.0,1892000000.0,14300000.0,276600000.0,826500000.0,1631400000.0,0.6100287926,1174900000.0,0.4393299181,-276600000.0,898300000.0,0.3359009834,7400000.0,898200000.0,0.3358635905,1.96,1.95,458776000,459819003,https://www.sec.gov/Archives/edgar/data/1053507/000105350722000099/0001053507-22-000099-index.htm,https://www.sec.gov/Archives/edgar/data/1053507/000105350722000099/amt-20220630.htm,5.829206410099918,1.9578181945001485,1.9950912863794097,1.188379514185572,4.504812806249673,23.38003731668614,-46.7960398974663,15.16796868188397,108.43025790363924,117258557840.0,164660457840.0,32.637095813849925,43.84644873050892,128.10942624276194,215.074390755686,16.850641332432783,16.850641332432783,61.571423490259136,100.93199573372564,179.89780163880695,302.01844798239176,0.0076599952834623,0.0046495540286614,7.108885280296607,0.7262320015033003,29.05596420252544,0.4992964069850034,4.24765003615329,1.0273880345717814,0.0054486428263238,0.7113115119127144,0.0,0.0,0.4726455147628778,0.4043483011034633,0.1383913547470366,0.4477918935269207,0.0157798302359495,25.848845502797985,0.0177127855832643,0.0250043845363665,-118.68270136188468,-3736100000.0,-21468900000.0,-53665000000.0,57334200000.0,1131500000.0,204950000.0,355550000.0,36.207979658228325,21.272329566168427,14.917973022238424,2.4856399293614646,4.230848329048843,6.032991202346041,0.1290758331297512,0.8067117721938375,2022-07-28,0.96,bmo,2650381105.0,2025-04-25,2022-06-30,1.03125,250.9217741935484,2141011.4032258065
2022-03-31,AMT,USD,1053507,2022-04-27,2022-04-27 16:10:42,2022,Q1,2660300000.0,799400000.0,1860900000.0,0.6995075743,0,0.0,0.0,293900000.0,841900000.0,1135800000.0,1935200000.0,9900000.0,262400000.0,815800000.0,1560800000.0,0.586700748,987600000.0,0.3712363267,-262400000.0,725200000.0,0.2726008345,22500000.0,711700000.0,0.2675262188,1.56,1.56,455946000,457211000,https://www.sec.gov/Archives/edgar/data/1053507/000105350722000068/0001053507-22-000068-index.htm,https://www.sec.gov/Archives/edgar/data/1053507/000105350722000068/amt-20220331.htm,5.834682177275379,1.5609304610633716,1.455435512100117,0.608624705557237,4.258179696718471,20.289025454768765,-53.25345545305804,11.76235782307554,115.11297390480452,114542754120.0,164824154120.0,40.23561687508781,43.05632978235538,172.60812857142858,412.7666815135135,21.3579627298154,21.3579627298154,61.956980084952825,105.60235399794976,248.37877353827608,593.9609157477478,0.0062134004500572,0.0024226761625556,9.737628193175462,0.7485705275681409,32.21514607893388,0.4077311827956989,3.763719512195122,0.9443574782979934,0.0055979097492998,0.9009414078965856,0.0,0.0,0.4806438897131021,0.5818264014466547,0.1451340074427696,0.4732777641578818,0.0213133857083787,20.324984844993796,0.0142327912281342,0.0196428029288945,-125.87811933869362,-5508100000.0,-24280700000.0,-56720900000.0,57206800000.0,1134750000.0,243900000.0,110600000.0,40.1605082133594,24.25068801601201,64.70227670753064,2.241007497262236,3.711234911792015,1.3909866017052377,0.13270557523774,0.8468108065428801,2022-04-27,2.54,bmo,2604739680.0,2025-04-25,2022-03-31,0.0039370078740156,244.01338709677415,2089232.0806451607
2021-12-31,AMT,USD,1053507,2022-02-25,2022-02-24 17:52:05,2021,Q4,2445200000.0,735500000.0,1709700000.0,0.6992066089,0,0.0,0.0,215900000.0,126500000.0,1083100000.0,1818600000.0,12000000.0,224100000.0,643900000.0,1349600000.0,0.5519384917,626600000.0,0.2562571569,-98100000.0,528500000.0,0.2161377392,87300000.0,453400000.0,0.1854245052,1.0,0.99,455502003,457131003,https://www.sec.gov/Archives/edgar/data/1053507/000105350722000017/0001053507-22-000017-index.htm,https://www.sec.gov/Archives/edgar/data/1053507/000105350722000017/amt-20211231.htm,5.368143243927733,0.9953853045954664,1.490443500859863,0.4805686880810489,4.280771516168284,19.91121869995377,-54.90140512071469,11.155164997155897,114.67062637702604,133234335877.5,183293035877.5,73.46401404802603,54.48811380561917,196.2503106164384,608.6538870603015,26.221037526076515,26.221037526076515,74.96034511594144,135.81286001593065,269.9853231366917,837.3368473161261,0.0034030266823776,0.0016429698737813,10.235495552231756,0.7441717378830957,37.0915085951393,0.4113021516879335,2.79607318161535,1.5387579329102448,0.0044778246993968,1.3158359064843406,0.0,0.0,0.4875994270825136,0.6775666519369569,0.1881236708653688,0.7143966454418388,0.0087927367904465,15.806105290089675,0.0079134699922598,0.0126610556650824,-127.84433354072428,-5337900000.0,-25007700000.0,-57088900000.0,57748500000.0,1080950000.0,244900000.0,124900000.0,39.83968591526256,33.33242692046227,-43.256288239293,2.2590539541759056,2.7000734214390603,-2.0806223479490806,0.0892308903408643,1.0098748127788144,2022-02-24,2.17,bmo,2410999758.0,2025-04-25,2021-12-31,0.0046082949308756,273.19203125,1649141.921875
2021-09-30,AMT,USD,1053507,2021-10-28,2021-10-28 16:19:33,2021,Q3,2454300000.0,724300000.0,1730000000.0,0.7048853033,0,0.0,0.0,205900000.0,166800000.0,902500000.0,1626800000.0,9400000.0,226100000.0,611400000.0,1461200000.0,0.59536324,827500000.0,0.337163346,-49900000.0,777600000.0,0.3168316832,51400000.0,723000000.0,0.2945850141,1.59,1.58,455224003,456977003,https://www.sec.gov/Archives/edgar/data/1053507/000105350721000159/0001053507-21-000159-index.htm,https://www.sec.gov/Archives/edgar/data/1053507/000105350721000159/amt-20210930.htm,5.391411665083047,1.5882290811453543,4.605205319105284,3.915435012771064,7.199093146237282,21.28270903149191,-42.96961467561279,11.886895164445008,93.07286021998272,120821002636.23,159686702636.23,41.77766342884855,49.22829427381738,57.63260953836578,67.78557149698722,22.327949925382544,22.327949925382544,65.06405192365645,109.28463087614976,76.1718673135995,89.59083406431218,0.0059840589320121,0.0147524019922801,7.788087670017741,0.6962316206839584,26.598480700793868,0.7728115755429867,3.6598850066342328,2.886808041861746,0.0047839364629364,0.7994467496542186,0.0,0.0,0.4832182388898067,0.1497805762259111,0.1279387197979057,0.5135754007196598,0.0114492930774558,20.610192457997503,0.0134211443192107,0.0231132196107516,-102.04454223385932,-1482200000.0,-19560800000.0,-45799700000.0,51057000000.0,1048300000.0,205600000.0,448600000.0,39.58562522918959,27.013668369460166,74.96479359381472,2.273552570634553,3.3316467341306346,1.2005635670479031,0.1336117681845062,0.6897703063342202,2021-10-28,2.33,bmo,2415310000.0,2025-04-25,2021-09-30,0.0686695278969957,285.060625,1418914.78125
2021-06-30,AMT,USD,1053507,2021-07-29,2021-07-29 16:16:35,2021,Q2,2298900000.0,647900000.0,1651000000.0,0.7181695594,0,0.0,0.0,207200000.0,177600000.0,801800000.0,1449700000.0,7600000.0,213700000.0,554800000.0,1471700000.0,0.6401757362,849200000.0,0.369394058,-28500000.0,820700000.0,0.3569968246,72800000.0,746300000.0,0.3246335204,1.66,1.65,450617003,452354003,https://www.sec.gov/Archives/edgar/data/1053507/000105350721000129/0001053507-21-000129-index.htm,https://www.sec.gov/Archives/edgar/data/1053507/000105350721000129/amt-20210630.htm,5.101671673938145,1.6561736353299568,2.112436933499378,1.4957269599522858,4.278578010071227,15.607045347110438,-49.548951440698296,12.769602482132704,98.87953562196142,121729677190.42,164144777190.41998,40.77772919416454,52.9512711255035,127.88074082405714,180.60782965937685,21.154926347784222,21.154926347784222,71.40144294680934,111.53412868819731,172.43909779432713,243.53824508964388,0.0061307974951134,0.0055368585176289,7.706214591081297,0.7517958594779165,28.820479717333697,0.5638346129937333,3.973795039775386,1.2727637384677095,0.004530530374588,0.7389789628835589,0.0,0.0,0.4977781696050889,0.2919424309276184,0.1208839009961285,0.500901225666907,0.0138762016616642,21.813878075721053,0.0135496484951022,0.0251936872309899,-108.98906315792082,-2596100000.0,-22327600000.0,-48594100000.0,50174000000.0,886850000.0,161950000.0,275050000.0,39.818608899908654,26.920821114369502,40.82574471369038,2.2602497296234394,3.343137254901961,2.204491323579449,0.1296965694623058,0.6167099735470922,2021-07-29,2.34,bmo,2205950000.0,2025-04-25,2021-06-30,0.0341880341880342,254.8536507936508,1781704.9365079366
2021-03-31,AMT,USD,1053507,2021-04-29,2021-04-29 16:19:15,2021,Q1,2158500000.0,574300000.0,1584200000.0,0.7339356034,0,0.0,0.0,182600000.0,95200000.0,755500000.0,1329800000.0,11400000.0,207000000.0,522500000.0,1403000000.0,0.6499884179,828700000.0,0.3839240213,-126100000.0,702600000.0,0.3255038221,50300000.0,645000000.0,0.298818624,1.45,1.45,444486003,446294003,https://www.sec.gov/Archives/edgar/data/1053507/000105350721000085/0001053507-21-000085-index.htm,https://www.sec.gov/Archives/edgar/data/1053507/000105350721000085/amt-20210331.htm,4.856170915240272,1.4511143110168985,2.4583451281366897,1.7276134564804282,4.305197434979747,10.240592435483284,-36.48686323200148,8.73683304713647,83.02286180201719,106258823877.18,141040723877.18,41.18559065006977,49.22808611405143,97.24427919573532,138.37586128034903,27.362317525153216,27.362317525153216,65.34200781893908,100.52795714695652,129.07543138755375,183.67069133634587,0.0060700841253948,0.0072266939533189,9.44932275840758,0.7817116685306492,24.791090520313613,0.7200114378306248,4.003381642512077,1.6751494711022537,0.0051280447130661,0.8448062015503875,0.0,0.0,0.4424498056132502,0.2972453555413196,0.150474866805652,0.6216267942583732,0.0176048181607597,16.88958933847904,0.0170237718629372,0.0246439051228756,-89.50011863478184,-1175000000.0,-16217900000.0,-39369100000.0,40027100000.0,755700000.0,134600000.0,185650000.0,31.54690757470465,20.38829879853735,40.14974751871844,2.85289452815226,4.414296694850115,2.241608118657299,0.1660915692434464,0.7307316716562614,2021-04-29,2.32,bmo,2165930000.0,2025-04-25,2021-03-31,0.0603448275862069,222.68409836065567,2378374.7540983604
2020-12-31,AMT,USD,1053507,2021-02-25,2021-02-25 16:15:20,2020,Q4,2122500000.0,572600000.0,1549900000.0,0.7302237927,0,217800000.0,-21500000.0,196300000.0,-70000000.0,875600000.0,1448200000.0,11500000.0,196100000.0,481200000.0,1369800000.0,0.6453710247,674300000.0,0.3176914016,-55500000.0,419700000.0,0.1977385159,58100000.0,365100000.0,0.1720141343,0.82,0.82,444293003,446347003,https://www.sec.gov/Archives/edgar/data/1053507/000105350721000026/0001053507-21-000026-index.htm,https://www.sec.gov/Archives/edgar/data/1053507/000105350721000026/amt-20201231.htm,4.777252816650817,0.8217550074719497,2.548543398960528,1.731740078742586,3.930514296215464,10.759791326265834,-36.78203322954424,9.21351444285518,83.07108091009032,99726007453.38,134691507453.38,68.28677585139688,46.98516252220495,88.07383860582885,129.61529432464258,24.36203919711249,24.36203919711249,63.4588963266808,98.32932358985254,118.95390572585003,175.06044639118795,0.0036610309519377,0.0077151389055626,8.968315622328081,0.7772407295669387,25.52598919550299,0.7948570646970319,3.4385517593064763,3.1313606194690267,0.0050779131034272,1.3870172555464255,0.1026148409893993,0.0,0.4471931997417087,0.3204981012099267,0.1709776207302709,0.7544698544698545,0.0102709069493521,13.051940915864044,0.0129366491369299,0.0139826126919689,-90.21760353943723,-749900000.0,-16342000000.0,-39547400000.0,40970500000.0,749500000.0,128050000.0,256350000.0,32.00565371024735,21.863429968564443,18.091163115612996,2.8120031796502385,4.11646297627606,4.9748045178106,0.0891901795529498,0.8168033202179419,2021-02-25,2.08,bmo,2060130000.0,2025-04-25,2020-12-31,-0.0048076923076924,232.4765625,2040183.9375
2020-09-30,AMT,USD,1053507,2020-10-29,2020-10-29 16:12:59,2020,Q3,2012900000.0,562600000.0,1450300000.0,0.7205027572,0,0.0,0.0,176000000.0,-64500000.0,665200000.0,1227800000.0,9700000.0,190900000.0,473200000.0,1262500000.0,0.6272045308,785100000.0,0.3900342789,-282900000.0,502200000.0,0.2494907844,39300000.0,464400000.0,0.2307119082,1.05,1.04,443766003,446156003,https://www.sec.gov/Archives/edgar/data/1053507/000105350720000161/0001053507-20-000161-index.htm,https://www.sec.gov/Archives/edgar/data/1053507/000105350720000161/amt-20200930.htm,4.535949095676894,1.0464974713261217,2.1639782982654485,1.614364316231769,3.664093213557867,10.690318699334885,-28.442692578232496,8.409161528311127,71.85070461560346,107271555905.19,137339555905.19,57.74739228315568,53.292044267072384,111.706295850453,149.73695687491625,28.74602886223169,28.74602886223169,68.22969641074569,108.78380665757624,143.01734448108925,191.70792281573145,0.004329199815191,0.0066783780094806,8.49318005198703,0.764407098513827,23.816237623762376,0.8733657879428064,4.112624410686223,2.0745301360985096,0.0045492022175133,1.0508182601205858,0.0,0.0,0.4188369165167309,0.2539831302717901,0.121168463410999,0.5154268808114962,0.0119727755973967,14.071380216431727,0.0181178075593122,0.0192726684179728,-77.37242097835963,-413600000.0,-12621900000.0,-33865700000.0,35847900000.0,738250000.0,112600000.0,388000000.0,33.274380247404245,18.71667259153928,63.60469249911127,2.704783660306369,4.808547008547008,1.414989939637827,0.1244473028378487,0.5496139820336801,2020-10-29,2.08,bmo,2129134615.0,2025-04-25,2020-09-30,0.0721153846153845,253.53484375,1638061.046875
2020-06-30,AMT,USD,1053507,2020-07-30,2020-07-30 19:14:33,2020,Q2,1913000000.0,540000000.0,1373000000.0,0.7177208573,0,0.0,0.0,188600000.0,-42500000.0,681700000.0,1221700000.0,8400000.0,197700000.0,454800000.0,1183600000.0,0.6187140617,691300000.0,0.3613695766,-231800000.0,459500000.0,0.2401986409,11100000.0,446100000.0,0.2331939362,1.01,1.0,443436003,445867003,https://www.sec.gov/Archives/edgar/data/1053507/000105350720000129/0001053507-20-000129-index.htm,https://www.sec.gov/Archives/edgar/data/1053507/000105350720000129/amt-20200630.htm,4.314038524291858,1.0060076245094605,2.229859536236168,1.7551574403849206,4.596153641588728,10.379400790332308,-28.941267540696284,8.164199513587985,72.1502083356998,114645944215.62,144404144215.62,64.2490160365501,59.92992379279666,115.94452287178396,147.30302481770528,31.66752595520261,31.66752595520261,75.4857000604391,122.0041772690267,146.03978986207522,185.53789569011948,0.0038911101744776,0.0067887268522662,8.782780432560838,0.7658824691262865,25.14210882054748,0.5427509293680297,3.4967121901871523,2.205173951828725,0.0041772083895031,1.0735261152208024,0.0,0.0,0.4199884863389689,0.2128843042071197,0.1100365917407213,0.4628408091468777,0.0142185049660219,13.594044893644924,0.0168964393467169,0.0185259783136833,-76.98241633302833,-2718300000.0,-12833600000.0,-33686700000.0,33197700000.0,758650000.0,114400000.0,356100000.0,34.452169367485624,18.03333333333333,63.06666666666667,2.6123173562747506,4.990757855822551,1.427061310782241,0.123221832444825,0.4747020958512473,2020-07-30,2.05,bmo,1970390000.0,2025-04-25,2020-06-30,0.0097560975609756,247.38888888888889,2252084.746031746
2020-03-31,AMT,USD,1053507,2020-04-29,2020-04-29 16:25:19,2020,Q1,1993100000.0,552000000.0,1441100000.0,0.7230445035,0,217800000.0,0.0,217800000.0,-63800000.0,704300000.0,1256300000.0,10100000.0,208800000.0,473300000.0,1227000000.0,0.6156239025,736800000.0,0.3696753801,-297100000.0,439700000.0,0.2206111083,21100000.0,415000000.0,0.2082183533,0.94,0.93,443055003,445832003,https://www.sec.gov/Archives/edgar/data/1053507/000105350720000093/0001053507-20-000093-index.htm,https://www.sec.gov/Archives/edgar/data/1053507/000105350720000093/amt-20200331.htm,4.4985385257008375,0.936678284163287,1.8056448851340472,1.3217320559181227,2.9928563971096835,10.396000426159278,-29.21398000780503,8.203044713163978,70.8733673863965,96475226903.25,126341226903.25,58.1176065682229,48.40460935389594,120.5940336290625,164.74594758068648,26.54502171011721,26.54502171011721,63.38930655925443,102.9675850882233,157.9265336290625,215.74663064079576,0.0043016224301413,0.0060699520363633,8.582434514637905,0.7647141025421007,24.34066829665852,0.4859731491541207,3.528735632183908,1.9111323459149543,0.0047152001047501,1.096144578313253,0.1092770056695599,0.0,0.430247296459103,0.268,0.1075711203652601,0.4529896471582506,0.0239325673573829,13.148433806120256,0.0178810446502302,0.0178573733740108,-76.96888596019308,-2649500000.0,-12943400000.0,-33678200000.0,33319500000.0,730400000.0,134350000.0,205300000.0,35.447293161406854,19.66304347826087,54.423913043478265,2.538980891719745,4.577114427860696,1.6536848412222889,0.1141866607968302,0.4839128292159247,2020-04-29,2.04,bmo,2250274193.0,2025-04-25,2020-03-31,0.0392156862745098,232.7272580645161,2397490.9677419355
2019-12-31,AMT,USD,1053507,2020-02-25,2020-02-25 16:10:15,2019,Q4,1923700000.0,550200000.0,1373500000.0,0.7139886677,0,179600000.0,0.0,179600000.0,5600000.0,712200000.0,1262400000.0,10500000.0,200900000.0,449800000.0,1191500000.0,0.6193793211,661300000.0,0.3437646203,-192400000.0,468900000.0,0.2437490253,-100500000.0,562700000.0,0.292509227,1.27,1.26,442940003,445923003,https://www.sec.gov/Archives/edgar/data/1053507/000105350720000028/0001053507-20-000028-index.htm,https://www.sec.gov/Archives/edgar/data/1053507/000105350720000028/amt1231201910k.htm,4.343026114080737,1.2703752115159488,2.243418958029853,1.6413058090849384,3.389172325444717,14.87086277009846,-26.88806592165034,11.413283888924342,70.576601319073,101796471489.46,131355571489.46,45.22679557910965,52.91702006001975,102.44185517707558,140.02265679430536,20.136185364058235,20.136185364058235,68.28277355588709,110.2438703226689,132.1883581457784,180.6816664229161,0.0055276965082062,0.0071417013710074,6.143984650077146,0.7256808156704422,24.808308854385228,0.4653680048107586,3.2916874066699853,1.7451703547593955,0.0041337385652268,0.7478229962679936,0.0933617507927431,0.0,0.4321497327202721,0.26839086243333,0.1386390809377761,27.49484536082474,0.0122160420023912,18.061864273266096,0.0197129206670047,0.0231517101489823,-77.13967979541464,-2933900000.0,-11909800000.0,-33660900000.0,35004600000.0,653250000.0,142150000.0,187850000.0,31.61719602848677,24.225736095965104,12.562704471101418,2.8465522343888723,3.715057393652937,7.1640625,0.1113067215254974,0.6021131489449147,2020-02-25,1.9,bmo,1572548412.0,2025-04-25,2019-12-31,0.0263157894736842,217.8240625,1583218.65625
2019-09-30,AMT,USD,1053507,2019-10-31,2019-10-31 16:12:37,2019,Q3,1953600000.0,559900000.0,1393700000.0,0.7134009009,0,187900000.0,0.0,187900000.0,2800000.0,665400000.0,1225300000.0,12200000.0,201300000.0,584100000.0,1191500000.0,0.6098996724,728300000.0,0.3727989353,-186300000.0,542000000.0,0.2774365274,36700000.0,498600000.0,0.2552211302,1.13,1.12,442763003,445829003,https://www.sec.gov/Archives/edgar/data/1053507/000105350719000134/0001053507-19-000134-index.htm,https://www.sec.gov/Archives/edgar/data/1053507/000105350719000134/amt10qq32019.htm,4.412292776865098,1.1261103493780396,2.1167080213339324,1.5288088557841857,3.0549074580199287,14.386703398522211,-22.60193361277749,11.8356772460503,64.61244459487958,97908182853.39,124962282853.39,49.09154776042419,50.11680121488022,104.46882506763764,144.64201928407445,18.68334151083696,18.68334151083696,63.96513250071151,104.87812241157364,133.3357691564127,184.6096659083912,0.0050925263391581,0.0069136202947776,5.420712159377147,0.7226843936988643,22.705916911456143,0.4933784517692275,3.6179831097863886,1.854739758559272,0.0041579772817314,0.8164861612515042,0.0961814086814086,0.0,0.4166463141612732,0.2777422108408024,0.1332411957411957,0.4456428693716829,0.0120290745290745,17.317224643983714,0.0181360156363693,0.0217444395987788,-69.92956681161547,-2425400000.0,-10007300000.0,-30575300000.0,32449700000.0,643800000.0,140550000.0,300450000.0,29.05558968058968,21.89319521343097,48.04607965708162,3.0975107023941653,4.110866372980911,1.8732017397122784,0.0951454087474238,0.5878991655497467,2019-10-31,1.96,bmo,1657071428.0,2025-04-25,2019-09-30,0.0204081632653061,218.25328125,1778170.953125
2019-06-30,AMT,USD,1053507,2019-07-31,2019-07-31 16:09:27,2019,Q2,1889600000.0,563300000.0,1326300000.0,0.7018945809,0,164800000.0,0.0,164800000.0,-5100000.0,642400000.0,1205700000.0,11700000.0,204500000.0,595100000.0,1151700000.0,0.6094940728,683900000.0,0.3619284505,-220000000.0,463900000.0,0.2455016935,29600000.0,429100000.0,0.2270850974,0.97,0.96,442203003,445337003,https://www.sec.gov/Archives/edgar/data/1053507/000105350719000105/0001053507-19-000105-index.htm,https://www.sec.gov/Archives/edgar/data/1053507/000105350719000105/amt10qq22019.htm,4.2731505376050105,0.9703688059305196,2.344172230779717,1.793520158432755,2.696046819926277,15.000576556464498,-22.20631685759945,12.386844871788444,63.53394212476662,89457667506.90001,116155867506.9,52.11935883646004,47.34211870602245,86.29911972496625,112.79494074757282,16.33184253891374,16.33184253891374,61.471140721263765,100.8560106858557,112.05466670547946,146.4580349349389,0.0047966821845304,0.0088656458647195,5.091811958010041,0.713807850494079,23.18155769731701,0.4629998340799734,3.3442542787286063,2.38682938061248,0.0044490317162506,0.9275227219762292,0.0872142252328535,0.0,0.4210868458028239,0.23490256608142,0.1288632514817951,0.4091749285834313,0.0115897544453852,16.445232653215598,0.0172158926791563,0.018970189701897,-69.2069587777087,-2589200000.0,-9819700000.0,-30207000000.0,32242400000.0,673150000.0,137450000.0,276550000.0,31.287574089754443,23.151074028049,48.2513758210545,2.876541330491704,3.8875086266390615,1.8652317880794704,0.0783386581469648,0.5506520723469623,2019-07-31,1.93,bmo,1771500000.0,2025-04-25,2019-06-30,0.0414507772020724,201.0252380952381,1717233.746031746
2019-03-31,AMT,USD,1053507,2019-05-03,2019-05-03 16:17:37,2019,Q1,1813400000.0,543400000.0,1270000000.0,0.7003418992,0,198100000.0,0.0,198100000.0,21900000.0,655100000.0,1198500000.0,12400000.0,207500000.0,589500000.0,1076000000.0,0.5933605382,614900000.0,0.3390867983,-173300000.0,441600000.0,0.2435204588,34000000.0,397400000.0,0.2191463549,0.9,0.89,441351003,444621003,https://www.sec.gov/Archives/edgar/data/1053507/000105350719000073/0001053507-19-000073-index.htm,https://www.sec.gov/Archives/edgar/data/1053507/000105350719000073/amt10qq12019.htm,4.108747884730648,0.9004171221969558,1.7788562723624308,1.278574187357177,2.3183361837743464,14.703263289060658,-22.865474262896377,12.115073861064728,63.95431257239037,84964481587.53,111978481587.53,53.45022747076623,46.85369007804676,108.22122224879632,150.56615556889952,15.890121860394611,15.890121860394611,61.75056886926768,104.06922080625463,142.6295778722838,198.43785501954636,0.0046772485699286,0.0066415988123067,5.240097250794838,0.7197817441968002,25.10594795539033,0.4674403318298238,2.9633734939759035,1.926153091265947,0.0044383252031204,0.9489179667840968,0.1092423072681151,0.0,0.425953327784457,0.2812380588460069,0.1217602294033307,0.3745547073791349,0.0234366383588838,15.666650844281554,0.0152937081364331,0.0177841026054113,-69.72160432588844,-2349600000.0,-10091700000.0,-30375200000.0,32514900000.0,680400000.0,130400000.0,173650000.0,34.21528620271314,21.5311004784689,41.58814869341185,2.630403249202205,4.18,2.164078056551175,0.0743220497475219,0.5002820850052537,2019-05-03,1.86,bmo,1731898876.0,2025-04-25,2019-03-31,-0.010752688172043,175.3831147540984,1855852.7704918035
2018-12-31,AMT,USD,1053507,2019-02-27,2019-02-27 16:46:19,2018,Q4,2131900000.0,540900000.0,1591000000.0,0.7462826587,0,192500000.0,0.0,192500000.0,9700000.0,1202100000.0,1743000000.0,10800000.0,208800000.0,765900000.0,1378500000.0,0.6466063136,388900000.0,0.1824194381,-191600000.0,197300000.0,0.0925465547,-95400000.0,277600000.0,0.1302124865,0.63,0.62,440838003,444304003,https://www.sec.gov/Archives/edgar/data/1053507/000105350719000012/0001053507-19-000012-index.htm,https://www.sec.gov/Archives/edgar/data/1053507/000105350719000012/amt1231201810k.htm,4.836016825890575,0.6297097757245761,2.86545168838359,2.1785780569376185,2.741823508351207,15.661989104873069,-22.166419259457538,12.104446449005442,48.4729080854674,69736163694.56999,89687363694.56999,62.802741079403816,32.71080430347108,55.20595605966592,72.61158235586213,13.068751278006408,13.068751278006408,42.06921698699282,65.06156234644178,71.000129587215,93.3854265874323,0.0039807179703178,0.0137719075601341,3.965424186203407,0.641007076557691,14.473122959738848,0.5085609501268684,1.8625478927203063,4.315681585240861,0.0049959731298945,1.255043227665706,0.0902950419813312,0.0,0.5051801856384655,0.239708676377454,0.1420329283737511,0.3953518736127431,0.012289507012524,13.095857582462882,0.0185659959050891,0.0169950165909563,-55.22584222395182,-2304800000.0,-9771800000.0,-23720900000.0,25618500000.0,707750000.0,126850000.0,317100000.0,28.34373094422816,21.763727121464225,16.00665557404326,3.175305332141793,4.135321100917431,5.622661122661123,0.0520230130619741,0.6868736314459714,2019-02-27,2.3,bmo,2647682258.0,2025-04-25,2018-12-31,0.0434782608695652,156.33333333333334,2284875.587301587
2018-09-30,AMT,USD,1053507,2018-10-30,2018-10-30 16:17:22,2018,Q3,1785500000.0,556700000.0,1228800000.0,0.6882105853,0,177900000.0,0.0,177900000.0,21100000.0,661600000.0,1218300000.0,10100000.0,208600000.0,448900000.0,1027400000.0,0.5754130496,567200000.0,0.3176701204,-177400000.0,389800000.0,0.2183141977,12500000.0,366900000.0,0.2054886586,0.83,0.83,440889003,444121003,https://www.sec.gov/Archives/edgar/data/1053507/000105350718000049/0001053507-18-000049-index.htm,https://www.sec.gov/Archives/edgar/data/1053507/000105350718000049/amt10qq32018.htm,4.04977213731956,0.8321822442915411,1.7085933077809154,1.2878524892579368,2.482937865429136,15.612773176835168,-22.821163448252303,12.136161173428045,48.703414813909525,63501243102.09,83738943102.09,43.26876744486918,35.564963932842346,84.2974155078853,111.8373425538746,11.867838432745248,11.867838432745248,46.89943606949874,81.50568727086821,111.16280778187972,147.47964618191264,0.0057778396465426,0.0089415572398662,3.974096847141495,0.6428657806585806,19.69797547206541,0.5321309256064808,2.719079578139981,1.996554465942221,0.0053463520305294,0.9253202507495232,0.0996359563147577,0.0,0.5122894319954531,0.2462498340634541,0.1038924670960515,0.4132323457340164,0.0245309437132455,15.074438677898168,0.0175185771383458,0.0227434741912088,-55.05223499530107,-2142700000.0,-10061600000.0,-23756700000.0,25798700000.0,734400000.0,129950000.0,492300000.0,37.50714085690283,19.86887012753727,86.97682773486618,2.39954307216772,4.529698942229455,1.0347583643122678,0.0685704674154783,0.4207408185229787,2018-10-30,1.82,bmo,1742475903.0,2025-04-25,2018-09-30,0.0164835164835164,146.6509523809524,1576432.6825396826
2018-06-30,AMT,USD,1053507,2018-07-31,2018-07-31 17:15:12,2018,Q2,1780900000.0,560300000.0,1220600000.0,0.6853837947,0,157900000.0,0.0,157900000.0,-34800000.0,674600000.0,1234900000.0,18400000.0,211300000.0,449700000.0,1033800000.0,0.5804930092,546000000.0,0.3065865574,-227700000.0,318300000.0,0.1787298557,3900000.0,306700000.0,0.1722162951,0.69,0.69,441497003,444362003,https://www.sec.gov/Archives/edgar/data/1053507/000105350718000038/0001053507-18-000038-index.htm,https://www.sec.gov/Archives/edgar/data/1053507/000105350718000038/amt10qq22018.htm,4.033775966538101,0.6946819523483833,2.1291197757009463,1.6163190127023357,2.073173756062847,16.162963624919556,-22.987472012352484,12.572452275514088,48.30180013702154,63650622922.51,83929922922.51,51.883455267777954,35.74070577938682,67.71342864096808,89.19650073221692,11.467134401518726,11.467134401518726,47.12781342159021,81.1858414804701,89.2871520452234,117.61480230172364,0.0048184917274632,0.0112112021412383,3.803808528654044,0.6358486645365103,19.616270071580576,0.4661728286835127,2.5840037860861336,2.989821882951654,0.0052049765546416,1.0802086729703293,0.0886630355438261,0.0,0.5205371366964106,0.2408510638297872,0.127126733673985,0.5034467422726262,0.0139255432646414,14.018264981181606,0.0171565753922631,0.0192639863324309,-55.23859694241232,-2435800000.0,-10148900000.0,-23942700000.0,25916000000.0,728450000.0,127850000.0,300050000.0,36.62361727216576,22.00606817776191,71.73656969480635,2.457430660963157,4.08978102189781,1.254590237348858,0.0552542922514277,0.5128007629986109,2018-07-31,1.78,bmo,2090621739.0,2025-04-25,2018-06-30,0.0674157303370785,138.94546875,2246663.59375
2018-03-31,AMT,USD,1053507,2018-05-02,2018-05-01 21:08:05,2018,Q1,1741800000.0,519900000.0,1221900000.0,0.7015156734,0,204900000.0,0.0,204900000.0,27800000.0,819000000.0,1338900000.0,15400000.0,196900000.0,446300000.0,998500000.0,0.5732575497,402900000.0,0.2313124354,-153700000.0,249200000.0,0.143070387,-31100000.0,285200000.0,0.1637386612,0.63,0.63,435124003,438520003,https://www.sec.gov/Archives/edgar/data/1053507/000105350718000026/0001053507-18-000026-index.htm,https://www.sec.gov/Archives/edgar/data/1053507/000105350718000026/amt10qq12018.htm,4.0029968192768255,0.6554453397966189,1.8197111502488177,1.363519355194018,3.481306454151186,18.400501799023942,-22.01855088191952,14.557229562902323,49.56954764915601,63240922596.02,83487522596.02,55.43559133592216,36.30779802274659,79.86981888863349,106.59181290412944,9.98404259354299,9.98404259354299,47.93175025606844,83.61294200903356,105.44016493561506,140.7172132075173,0.004509738129879,0.0093815835640155,3.374064601686085,0.621772511324394,20.277015523284927,0.6155301780095496,2.0462163534789237,2.824830538708526,0.0051106148793019,1.133239831697055,0.117636927316569,0.0,0.5116647804798575,0.2506946198534983,0.1139625674589505,0.4447680932108447,0.0245148696750488,14.652065937623362,0.0138879863846935,0.0169909564264181,-55.67493365793474,-1747300000.0,-9580800000.0,-23568800000.0,27134800000.0,708950000.0,130800000.0,153150000.0,37.83327592146056,20.54818234275822,26.572417772648585,2.3788582354547936,4.379949452401011,3.386970684039088,0.0450254175744371,0.4561917950547995,2018-05-01,1.76,bmo,2101219047.0,2025-04-25,2018-03-31,-0.0170454545454545,140.8772131147541,2815412.098360656
2017-12-31,AMT,USD,1053507,2018-02-28,2018-02-27 17:43:57,2017,Q4,1704500000.0,526400000.0,1178100000.0,0.6911704312,0,171600000.0,0.0,171600000.0,-8600000.0,849100000.0,1375500000.0,11700000.0,190400000.0,466100000.0,799318000.0,0.4689457319,329000000.0,0.1930184805,-187600000.0,141400000.0,0.0829568789,-53400000.0,238500000.0,0.1399237313,0.51,0.51,428836003,432472003,https://www.sec.gov/Archives/edgar/data/1053507/000105350718000006/0001053507-18-000006-index.htm,https://www.sec.gov/Archives/edgar/data/1053507/000105350718000006/amt1231201710k.htm,3.974712916070155,0.5561566620608578,1.8511691985898864,1.271383457046166,1.8727438796690767,18.548582545202017,-22.07697099536673,14.554514910913392,47.56013920780807,61182032548.01,80585032548.01,64.132109589109,35.89441627926664,77.07021060456157,112.21634134792696,9.802456548587678,9.802456548587678,47.27781316985039,100.81723737987885,101.5119173292746,147.80413698817895,0.0038982032807237,0.0089113580784058,3.2372186173195545,0.6083253297525464,24.274443963478863,0.8113132438995263,1.7279411764705883,4.07486038107753,0.0049427910026149,1.2679664570230609,0.1006746846582575,0.0,0.5245240754735159,0.3131997561245981,0.1458685831622176,0.5334888241844776,0.0129521853916104,13.495491272728568,0.0143993241018037,0.0151020098020591,-55.65350118236225,-474000000.0,-9467400000.0,-23221900000.0,28048700000.0,665328500.0,131322500.0,307405000.0,36.205925491346434,24.431990881458965,26.12462006079027,2.4857809537698703,3.68369489153254,3.445026178010471,0.0382119682768565,0.5797857415437202,2018-02-27,1.68,bmo,2473196078.0,2025-04-25,2017-12-31,-0.0535714285714284,142.75539682539682,2020838.111111111
2017-09-30,AMT,USD,1053507,2017-10-31,2017-10-31 16:46:37,2017,Q3,1680766000.0,519094000.0,1161672000.0,0.6911562942,0,148626000.0,0.0,148626000.0,-1114000.0,600521000.0,1119615000.0,11318000.0,189076000.0,432354000.0,986500000.0,0.5869347666,561151000.0,0.3338662253,-193055000.0,368096000.0,0.2190049061,33412000.0,317268000.0,0.1887639326,0.7,0.69,429281003,432831003,https://www.sec.gov/Archives/edgar/data/1053507/000105350717000056/0001053507-17-000056-index.htm,https://www.sec.gov/Archives/edgar/data/1053507/000105350717000056/amt10qq32017.htm,3.915304866169445,0.739068344004964,1.5218330078305375,1.0944789001063715,1.8647435931377565,19.233103590190783,-20.2577494443657,15.18382354320021,45.32657831122334,58674127490.04,77143423490.04001,46.2338838852642,34.90915897277789,89.81274508879616,124.8813476319335,9.001685221849774,9.001685221849774,45.89777725753616,78.19911149522555,118.0837777325982,164.19118781122896,0.0054072896108059,0.0080076009665376,2.956180970392261,0.5961994071287254,18.722043588443995,0.8687473343491564,2.9678594850747846,1.9519726069964505,0.0050025967586791,0.9251579106622791,0.0884275383961836,0.0,0.5245367121826736,0.2808153756195526,0.1091496377247041,0.4243166479320187,0.0145546732858708,15.890008645028256,0.0165942758056521,0.0206465259546109,-52.5243327620533,-296662000.0,-8696267000.0,-22099346000.0,27451068000.0,561174000.0,111235500.0,467781000.0,34.53552130397688,20.761268671955367,80.10283301290325,2.60601249385618,4.334995198129358,1.1235557671911864,0.0486747189798541,0.4273541077241659,2017-10-31,1.67,bmo,1875675362.0,2025-04-25,2017-09-30,0.0359281437125748,139.21222222222224,1779586.9206349207
2017-06-30,AMT,USD,1053507,2017-07-27,2017-07-27 16:53:10,2017,Q2,1662434000.0,516337000.0,1146097000.0,0.6894090232,0,153994000.0,0.0,153994000.0,11782000.0,569188000.0,1085525000.0,11372000.0,187319000.0,396355000.0,993000000.0,0.5973169461,576909000.0,0.347026709,-164439000.0,412470000.0,0.2481121055,23980000.0,367051000.0,0.2207913216,0.81,0.8,427298003,430487003,https://www.sec.gov/Archives/edgar/data/1053507/000105350717000045/0001053507-17-000045-index.htm,https://www.sec.gov/Archives/edgar/data/1053507/000105350717000045/amt10qq22017.htm,3.8905728281627376,0.8590047166684278,1.8613730801826376,1.38541953354273,1.8044455967185973,19.192652299851726,-20.825861430482743,15.17140018087096,45.4701188949858,56540071756.96,75012019756.95999,38.50968377484328,34.01041590641192,71.0873072189358,95.5089752933088,8.721673571489944,8.721673571489944,45.12180318554601,75.54080539472305,94.31191591863316,126.7122753657766,0.0064918736144832,0.0104702201748997,2.9681992512698008,0.5987256913188382,18.60216314199396,0.5498041880368207,3.0798210539240545,2.0473139591752685,0.0051512138373638,0.7934864637339225,0.0926316473315632,0.0,0.5320716679615947,0.2557002417770044,0.1223350821746908,0.5131107214492059,0.0154821183878578,17.123867759978435,0.0177621844644393,0.0244076173369483,-52.82349225020834,-1476152000.0,-8898849000.0,-22134469000.0,26349386000.0,479441500.0,106075000.0,460894500.0,25.84474932538675,17.905631399647902,82.54237058355298,3.4823320925614434,5.026351653914296,1.090349106328344,0.0566200025328917,0.4759535466399079,2017-07-27,1.61,bmo,1537720000.0,2025-04-25,2017-06-30,0.0434782608695651,128.09698412698413,2003446.5555555555
2017-03-31,AMT,USD,1053507,2017-04-27,2017-04-27 16:37:05,2017,Q1,1616238000.0,491830000.0,1124408000.0,0.6956945697,0,165674000.0,0.0,165674000.0,29302000.0,593029000.0,1084859000.0,12918000.0,183986000.0,421140000.0,941300000.0,0.5824018492,531379000.0,0.3287752175,-197206000.0,334173000.0,0.2067597718,26763000.0,316080000.0,0.1955652571,0.68,0.67,427279003,430199003,https://www.sec.gov/Archives/edgar/data/1053507/000105350717000031/0001053507-17-000031-index.htm,https://www.sec.gov/Archives/edgar/data/1053507/000105350717000031/amt10qq12017.htm,3.782629122077408,0.7397508367618055,1.5987141778647147,1.2052054895849866,1.6805693585649937,19.92802815073036,-20.34241780890881,16.037469550077564,44.640784747384366,51931490024.62,70108796024.62,41.07464093316565,32.131090857051994,76.02359551369719,100.84587321441126,7.578502308016054,7.578502308016054,43.37776739850195,74.48082016851163,102.63373433731958,136.14442319606027,0.0060864804736037,0.009916122178583,2.756680871755223,0.589258345400494,19.310853075533835,0.5332365448053603,2.888149098300958,2.222104030447936,0.005338129136456,0.8770469501392053,0.1025059428128778,0.0,0.5367472690929382,0.2461407384309988,0.1040304707598757,0.3992449066818635,0.0224113032857784,16.338113697188753,0.0159977659055276,0.0212838839020965,-52.04854753885484,-1497871000.0,-8691888000.0,-21831374000.0,26426005000.0,439596000.0,114062000.0,298759000.0,26.811818556425475,20.02350405627961,82.02291442164976,3.3567286683890907,4.494717794999269,1.097254354281329,0.046126406316901,0.393508688279728,2017-04-27,1.56,bmo,1592077611.0,2025-04-25,2017-03-31,0.0128205128205128,110.00822580645162,2131794.0
2016-12-31,AMT,USD,1053507,2017-02-27,2017-02-27 17:05:07,2016,Q4,1539549000.0,487461000.0,1052088000.0,0.683374157,0,138844000.0,0.0,138844000.0,-21896000.0,562792000.0,1050253000.0,12311000.0,186366000.0,388237000.0,835562000.0,0.5427316701,489296000.0,0.3178177505,-195613000.0,293683000.0,0.1907591119,60830000.0,229207000.0,0.1488793147,0.48,0.47,426071003,429896003,https://www.sec.gov/Archives/edgar/data/1053507/000105350717000009/0001053507-17-000009-index.htm,https://www.sec.gov/Archives/edgar/data/1053507/000105350717000009/amt1231201610k.htm,3.613362536196813,0.5379549379942197,1.702000358846293,1.2153889759073797,1.8569369763001684,18.93444975883515,-19.42838386493061,15.875041841324274,43.93594229175929,45027183597.04,62773487597.04,49.11192022608385,29.246996098883503,62.09164378298696,86.95158677171801,6.656990328359622,6.656990328359622,40.77394587443466,75.127264759575,86.56346498978864,121.22131383132307,0.0050904138720119,0.0115006526864816,2.7400580582637666,0.6001934962588025,21.238763849959668,1.0359235662542474,2.625457433222798,3.1142952850081382,0.00579496604396,1.1384076402553152,0.0901848528367723,0.0,0.5293309887092099,0.2859055701191302,0.1346699585398061,0.534032047434943,0.0127868616068731,13.86186444392016,0.0131567528141935,0.0157705534366337,-50.807558711053616,58601000.0,-8277871000.0,-21121860000.0,26921150000.0,378027000.0,112125500.0,296992000.0,23.24901643273452,21.9155994017983,27.56177417270305,3.871131506160423,4.106663858466723,3.2653921128609804,0.033886835913331,0.4866113829389136,2017-02-27,1.38,bmo,1899808510.0,2025-04-25,2016-12-31,0.0652173913043479,108.64746031746031,2731685.111111111
2016-09-30,AMT,USD,1053507,2016-10-27,2016-10-27 16:58:39,2016,Q3,1514845000.0,490639000.0,1024206000.0,0.6761127376,0,132135000.0,0.0,132135000.0,-12260000.0,545132000.0,1035771000.0,9397000.0,190439000.0,397999000.0,880043000.0,0.5809459054,479074000.0,0.3162528179,-193302000.0,285772000.0,0.1886476834,22037000.0,264509000.0,0.1746112639,0.56,0.55,425517003,429925003,https://www.sec.gov/Archives/edgar/data/1053507/000105350716000057/0001053507-16-000057-index.htm,https://www.sec.gov/Archives/edgar/data/1053507/000105350716000057/amt10qq32016.htm,3.5600105032700657,0.6216179333261567,1.5677751894675758,1.2017569131074182,1.24638497700643,18.50568354374314,-20.400371639203332,15.76293297967226,44.345055231553225,48223841949.99,66372619949.99,45.57863999900759,31.834175740745756,72.28714981673325,94.3035973115056,7.189651833586387,7.189651833586387,43.81479289959699,75.41974647828572,99.492021540499,129.79423810248196,0.0054850254418614,0.0106040493523993,2.7848565971056427,0.6093235976664175,20.622603668229846,0.9020784401728666,2.5156296766943744,2.529489828805429,0.0052294257322243,0.9534004514024096,0.0872267459707098,0.0,0.5400392562163423,0.2334634957990751,0.1028138192356313,0.3913251038319191,0.0133518610814967,14.848122473720649,0.0150492268672307,0.018759052530581,-51.13677913359434,-148797000.0,-8680705000.0,-21410288000.0,26858429000.0,367579000.0,113068500.0,293732000.0,21.290534675164785,19.36166917020457,81.57376400979132,4.227230615536592,4.648359560781044,1.1032959076057502,0.039435423225347,0.3660182763601576,2016-10-27,1.44,bmo,1514800000.0,2025-04-25,2016-09-30,0.0347222222222222,114.32171875,1853898.984375
2016-06-30,AMT,USD,1053507,2016-07-28,2016-07-28 17:06:57,2016,Q2,1442227000.0,459711000.0,982516000.0,0.681249207,0,138881000.0,-647000.0,138234000.0,-25842000.0,549710000.0,1009421000.0,6468000.0,178288000.0,397765000.0,815059000.0,0.565139191,432806000.0,0.300095616,-196832000.0,235974000.0,0.1636177939,43510000.0,187550000.0,0.1300419421,0.38,0.37,424909003,429004003,https://www.sec.gov/Archives/edgar/data/1053507/000105350716000048/0001053507-16-000048-index.htm,https://www.sec.gov/Archives/edgar/data/1053507/000105350716000048/amt10qq22016.htm,3.394202028710604,0.4413886236249035,1.7599156401023586,1.371114746655533,0.9661786337815016,18.65195122730784,-20.350778493624905,15.941095510277997,44.469201326854446,48273911830.83,66580449830.83,64.34805629276194,33.47178483749784,64.55423056152414,82.85958580572573,7.126862763399801,7.126862763399801,46.16502799547506,81.68788987156758,89.0346264941482,114.28177842878206,0.0038851212360259,0.0120686096880163,2.7632737212510787,0.6088794873735036,22.460383849512738,0.7976415034509501,2.427566633761105,3.885422728406352,0.0050412736563142,1.297584644094908,0.0962962141188592,0.0,0.5391185508954757,0.2209201876427513,0.1145485419424265,0.4153331741103415,0.015189703146592,12.582325287600122,0.0120074706448552,0.0132379635290046,-51.89415697082794,-335031000.0,-8647229000.0,-21494216000.0,26813005000.0,326058500.0,107318500.0,250381000.0,23.513885123493043,23.60774486579612,27.94905930029953,3.827525716287513,3.812308228152522,3.220144157017673,0.0276887258683268,0.3888008934468258,2016-07-28,1.39,bmo,2143810810.0,2025-04-25,2016-06-30,-0.0071942446043165,106.423125,1780646.359375
2016-03-31,AMT,USD,1053507,2016-04-29,2016-04-29 16:45:21,2016,Q1,1289047000.0,350787000.0,938260000.0,0.7278710551,0,135973000.0,0.0,135973000.0,12208000.0,486407000.0,837194000.0,6533000.0,160163000.0,341634000.0,812228000.0,0.6300996007,451853000.0,0.3505326028,-141422000.0,310431000.0,0.2408220957,29124000.0,275159000.0,0.2134592455,0.59,0.58,424059003,427888003,https://www.sec.gov/Archives/edgar/data/1053507/000105350716000032/0001053507-16-000032-index.htm,https://www.sec.gov/Archives/edgar/data/1053507/000105350716000032/amt10qq12016.htm,3.0397821786134798,0.6488696102509113,1.328852815323909,0.965172292309521,0.7932929088172195,16.507643866719178,-16.358987666629023,16.349727162849554,40.518554914397136,43410920137.11,60096612137.11,39.44166839637264,33.67675510443762,77.03637213956402,106.06396476119622,6.261266563065887,6.261266563065887,46.62096272448561,73.98983061050592,106.6465525793772,146.8313717342471,0.0063384742624881,0.0094282728563985,2.4551397187667714,0.6289497812894951,20.543113509999657,0.8650926924373787,2.8212071452208063,2.003192241927858,0.0054540424218651,0.8604661304918247,0.1054833532058955,0.0,0.5149729819505869,0.27368006360113,0.1196403234327375,0.4514246240128324,0.0217827588908705,15.449884289761068,0.0157460732556078,0.0209614224931903,-45.61207665245584,-161640000.0,-6937176000.0,-19027584000.0,23693736000.0,283539500.0,95382500.0,250097000.0,19.222084221909675,24.130284189550924,91.85086676530202,4.682114538725015,3.72975300634762,0.9798492182982728,0.0396868769605707,0.3636805230143882,2016-04-29,1.3,bmo,1133431034.0,2025-04-25,2016-03-31,0.0846153846153845,93.47475409836066,2525414.819672131
2015-12-31,AMT,USD,1053507,2016-02-26,2016-02-26 17:35:55,2015,Q4,1280041000.0,355882000.0,924159000.0,0.721976093,0,143874000.0,0.0,143874000.0,-11669000.0,522035000.0,877917000.0,4608000.0,146763000.0,352356000.0,749604000.0,0.5856093672,402124000.0,0.3141493124,-154637000.0,247487000.0,0.1933430257,25892000.0,232702000.0,0.1817926145,0.49,0.48,423736003,427802003,https://www.sec.gov/Archives/edgar/data/1053507/000105350716000018/0001053507-16-000018-index.htm,https://www.sec.gov/Archives/edgar/data/1053507/000105350716000018/amt1231201510k.htm,3.020845505072648,0.549167402232753,1.5090457159006148,1.0117195540733883,0.7568061192100308,15.841981687829344,-17.03150770504625,15.697696095934525,40.74653057035609,41081205490.85,57879528490.85,44.13499399537821,32.0936637895583,64.24589989451658,95.826950867619,6.176065545383354,6.176065545383354,45.21693327858248,77.21347336840519,90.5163894032563,135.0110997635887,0.0056644394247834,0.0104354776077708,2.5736372726344734,0.6362933366121187,22.409596266828885,0.8303699327266257,2.739954893263288,2.8856111374354114,0.0053947053732238,0.9523811570162696,0.1123979622527715,0.0,0.5177497833801264,0.3295633502596816,0.1646314453990145,0.5980741068691892,0.0142854799182213,13.927128820614133,0.0139802637275662,0.017935208901768,-46.210014870980885,-203561000.0,-7216863000.0,-19194986000.0,23592544000.0,275262500.0,98152000.0,240514000.0,20.514139781460123,24.45827549581041,35.95958772851675,4.387217838953133,3.679736129205699,2.502809561652121,0.034983949165316,0.4973261618272261,2016-02-26,1.15,bmo,1360000000.0,2025-04-25,2015-12-31,0.1043478260869566,97.43921875,1926041.25
2015-09-30,AMT,USD,1053507,2015-10-29,2015-10-29 16:28:28,2015,Q3,1237910000.0,364894000.0,873016000.0,0.7052338215,0,115327000.0,0.0,115327000.0,-66659000.0,472091000.0,836985000.0,7536000.0,149827000.0,341096000.0,682898000.0,0.5516539975,400925000.0,0.3238724948,-208950000.0,191975000.0,0.1550799331,94235000.0,102999000.0,0.0832039486,0.18,0.18,423375003,427227003,https://www.sec.gov/Archives/edgar/data/1053507/000162828015008027/0001628280-15-008027-index.htm,https://www.sec.gov/Archives/edgar/data/1053507/000162828015008027/amt10qq32015.htm,2.923909043349921,0.2432807777269741,1.19788602635097,0.7092034198344015,0.7130534345694471,15.787899504307768,-17.439305456585966,15.631274763758311,40.57215205971903,37248532763.94,53988536763.94,90.4099378730376,30.08985529153169,73.44605251637073,124.0546753434202,5.628459695685529,5.628459695685529,43.61265097134687,79.05798049480303,106.45372078346855,179.8065562195971,0.0027651827429753,0.0080609618076199,2.5729356980947555,0.6323594184349058,24.51318352081863,0.6866370988705432,2.6759195605598456,5.188817270308983,0.0057190709054244,2.068243381003699,0.0931626693378355,0.0,0.5224376557649579,0.4079541757450878,0.1671333134072751,0.6065623754016465,0.0148193325847597,9.250013261141888,0.0079725582502162,0.0080097393154483,-46.2408269531208,-429153000.0,-7383366000.0,-19302231000.0,23444605000.0,262119000.0,91220000.0,332323500.0,18.812603501062277,24.56357188663009,83.57262657100418,4.784026835781558,3.663962245205342,1.076907639411513,0.015563719620042,0.4886826065165685,2015-10-29,1.22,bmo,2819661111.0,2025-04-25,2015-09-30,0.0737704918032787,94.15125,2322545.1875
2015-06-30,AMT,USD,1053507,2015-07-29,2015-07-29 17:14:06,2015,Q2,1174375000.0,321970000.0,852405000.0,0.7258371474,0,116826000.0,0.0,116826000.0,-2129000.0,462631000.0,784601000.0,7436000.0,148877000.0,328356000.0,648369000.0,0.5520970729,389774000.0,0.3318990953,-218638000.0,171136000.0,0.145725173,13956000.0,156056000.0,0.1328843002,0.31,0.3,423154003,426933003,https://www.sec.gov/Archives/edgar/data/1053507/000119312515268479/0001193125-15-268479-index.htm,https://www.sec.gov/Archives/edgar/data/1053507/000119312515268479/d66554d10q.htm,2.775289827519368,0.368792446470133,1.244298757112313,0.885237992183191,0.7446201566477915,17.424289851276676,-15.400263151947543,17.27709521396162,38.692537194313154,39476036939.87,55425359939.87,63.24017810893206,33.614507239910594,74.97395578574822,105.3840897292788,5.399634536053975,5.399634536053975,47.19562315263013,85.48428431937678,105.26534089200996,147.96194243302045,0.0039531830471661,0.009489098426232,2.2191641434838414,0.6129275993611569,24.59914493135853,0.9073409168959355,2.618094131397059,3.3498536709505027,0.0050901512810435,1.2876082944583995,0.0994792974986695,0.0,0.5247444391658772,0.2885647541450629,0.1293777541245343,0.4627233855936849,0.0204747205960617,11.973403850481386,0.0140542360948762,0.0124052018285701,-43.528981456899984,-96053000.0,-6516683000.0,-18155992000.0,23380188000.0,244973000.0,77681000.0,318033500.0,20.34538371474188,23.15898996800944,91.0739509892226,4.423607893656372,3.8861798430899217,0.988207923587836,0.0213457437088216,0.359060764929122,2015-07-29,0.49,bmo,1996480000.0,2025-04-25,2015-06-30,1.5714285714285714,94.59571428571428,2375543.746031746
2015-03-31,AMT,USD,1053507,2015-04-30,2015-04-30 17:18:16,2015,Q1,1079190000.0,264069000.0,815121000.0,0.7553081478,0,123861000.0,0.0,123861000.0,-54503000.0,395155000.0,659224000.0,5930000.0,148304000.0,263520000.0,631188000.0,0.5848719873,419966000.0,0.3891492694,-200602000.0,219364000.0,0.2032672653,23872000.0,193317000.0,0.1791315709,0.45,0.45,405111003,409399003,https://www.sec.gov/Archives/edgar/data/1053507/000119312515162716/0001193125-15-162716-index.htm,https://www.sec.gov/Archives/edgar/data/1053507/000119312515162716/d912783d10q.htm,2.6639365309956786,0.4771951355762114,1.2587414220393318,0.865802205821598,0.833830721699751,18.34469798392516,-15.02135699829412,18.14733726202939,39.17051840727219,38141200932.450005,53537904932.450005,49.32468553263552,35.342433614516445,74.79693474094483,108.74308169572856,5.188088954350064,5.188088954350064,49.60934120261493,84.82085358474814,104.99069466877808,152.64010119131794,0.0050684560337356,0.0091959873162145,2.1382991602198462,0.6062470647153662,24.393214066173627,0.5347184440001063,2.831791455388931,2.6084443353180693,0.004192631487488,0.8272009186983038,0.1147721902538014,0.0,0.5212824863554819,0.3121683368305453,0.1475032200075983,0.6040680024286582,0.027669826443907,13.958723937551753,0.0149777800770986,0.0155734547263171,-44.03060671743838,-805595000.0,-6085317000.0,-17572736000.0,22134002000.0,236060500.0,81439000.0,242546500.0,18.719623050621298,24.71354077911455,105.7411131181623,4.807789118222278,3.641728265666373,0.8511353564003803,0.0262956007642328,0.3929392162177338,2015-04-30,0.53,bmo,1271057777.0,2025-04-25,2015-03-31,-0.1509433962264151,97.22983606557378,2901546.3278688523
2014-12-31,AMT,USD,1053507,2015-02-24,2015-02-24 06:35:58,2014,Q4,1046314000.0,276584000.0,769730000.0,0.7356587028,0,129540000.0,0.0,129540000.0,-7835000.0,423751000.0,700335000.0,5853000.0,144852000.0,263546000.0,605622000.0,0.5788147726,345979000.0,0.3306645997,-151754000.0,194225000.0,0.1856278326,12628000.0,180387000.0,0.1724023572,0.43,0.42,396553003,400899003,https://www.sec.gov/Archives/edgar/data/1053507/000119312515059026/0001193125-15-059026-index.htm,https://www.sec.gov/Archives/edgar/data/1053507/000119312515059026/d846752d10k.htm,2.6385224474015647,0.4548874895293631,1.424735144421539,0.7916520556521923,0.8064344427622453,10.221463384051084,-17.28157635462415,9.969814804302466,37.20450958229158,39199264346.55,53494480346.55,54.326620469532166,37.46414971657647,69.38131651138175,124.8654624139941,9.914928405424478,9.914928405424478,51.126602861617066,88.32981686026928,94.6833450679932,170.4014893242804,0.0046017955440502,0.0080086196828749,3.695076842137213,0.6848405964031203,23.604188751399388,0.4912535264695091,2.388499986192804,3.1111912641728665,0.0038417302597479,0.834832887070576,0.1238060467507841,0.0,0.5112809690999879,0.4443514229631688,0.2399384888284014,0.9525889218580438,0.0176285512761943,10.101521698068124,0.0159357871991215,0.0173030902630297,-42.07568565556922,-981724000.0,-6853061000.0,-16330225000.0,17551506000.0,246680500.0,100683500.0,276614000.0,21.30226681474204,29.404954733462528,56.892011106933154,4.224902484918475,3.0607086736161837,1.581944428556721,0.0456264733556592,0.6330830887693467,2015-02-23,0.51,bmo,1270507142.0,2025-04-25,2014-12-31,-0.1764705882352941,98.22921875,2027666.8125
2014-09-30,AMT,USD,1053507,2014-10-30,2014-10-30 16:40:17,2014,Q3,1038188000.0,283757000.0,754431000.0,0.7266805241,0,109354000.0,0.0,109354000.0,-34019000.0,369624000.0,653381000.0,6882000.0,143583000.0,249066000.0,609705000.0,0.5872780267,384807000.0,0.3706525215,-167751000.0,217056000.0,0.20907196,10426000.0,207593000.0,0.1999570405,0.5,0.5,396243003,400397003,https://www.sec.gov/Archives/edgar/data/1053507/000119312514389764/0001193125-14-389764-index.htm,https://www.sec.gov/Archives/edgar/data/1053507/000119312514389764/d811807d10q.htm,2.620079073042963,0.5239032574160054,1.2548461328918403,0.6059867257769597,0.8192447501716517,10.562493137575984,-15.320050963776891,10.585996391714202,35.528397709018975,37100232370.89,50738915370.89,44.67905031827903,35.735562702410355,74.61472569886007,154.5083349473592,8.844703562650505,8.844703562650505,48.872569679952,83.21879494327584,102.04438114590204,211.3082541537494,0.0055954636058528,0.0064721427510088,3.3219392332143003,0.6765333041375974,22.369314668569228,0.5144371433672632,2.680031758634379,2.406349513623385,0.0038485473237097,0.6877977581132312,0.105331596974729,0.0,0.4979350733118039,0.5170828439496082,0.2476487880807715,1.032280600322806,0.0175970055519809,11.170758919330227,0.0186717136864578,0.0200750654830875,-39.6554781561657,-940981000.0,-6070463000.0,-15414364000.0,16866906000.0,236960000.0,121867500.0,398089000.0,21.30021730168332,35.206497108441376,120.01501284549808,4.225309006255418,2.556346339222169,0.7499061814529983,0.0494902168893682,0.648859407114881,2014-10-30,0.56,bmo,1162784000.0,2025-04-25,2014-09-30,1.0535714285714282,95.16515625,1833847.1875
2014-06-30,AMT,USD,1053507,2014-07-30,2014-07-30 18:08:11,2014,Q2,1031457000.0,271822000.0,759635000.0,0.7364679284,0,98952000.0,0.0,98952000.0,-16463000.0,357136000.0,628958000.0,5313000.0,146604000.0,245427000.0,635492000.0,0.6161109964,402499000.0,0.3902237321,-159038000.0,243461000.0,0.2360360151,21802000.0,234431000.0,0.2272814087,0.58,0.58,395872003,399588003,https://www.sec.gov/Archives/edgar/data/1053507/000119312514287223/0001193125-14-287223-index.htm,https://www.sec.gov/Archives/edgar/data/1053507/000119312514287223/d760749d10q.htm,2.605531566221924,0.5921888848502378,1.505031918107126,0.8675632461939977,0.753417765691301,11.1353264858187,-15.370243295533076,11.131107950566538,35.67331585204322,35620562829.94,49313066829.94,37.98619085140191,34.534219875322,59.78610746884861,103.71578140814806,8.083651726279442,8.083651726279442,47.80913487420222,77.59824959234734,82.76781945273582,143.58401028971244,0.0065813390181177,0.0096417342319848,3.1715606557049663,0.6703587540460626,21.54630428077773,0.44508939278171,2.745484434258274,2.6879125142674107,0.0035573553569314,0.5405215180586185,0.0959341979355416,0.0,0.5033070495852859,0.4235582410204767,0.2446597386027725,1.0282324275650194,0.018260577028417,12.178409752461784,0.0184793836357435,0.0226395674173948,-39.81403617976996,-1244801000.0,-6084649000.0,-15441128000.0,16837827000.0,246241499.5,124230000.0,383120000.0,19.912773872299088,43.94809838791562,138.3292007269463,4.519711848141868,2.047870176443112,0.6506218464867349,0.053201252515038,0.6374686719131284,2014-07-30,0.54,bmo,960362068.0,2025-04-25,2014-06-30,0.0740740740740739,86.51174603174603,1819049.7936507936
2014-03-31,AMT,USD,1053507,2014-05-01,2014-05-01 16:35:07,2014,Q1,984089000.0,260265000.0,723824000.0,0.7355269696,0,110533000.0,0.0,110533000.0,-3743000.0,370187000.0,630452000.0,2018000.0,140712000.0,245763000.0,597675000.0,0.6073383607,353637000.0,0.3593546925,-142675000.0,210962000.0,0.214372887,17649000.0,202499000.0,0.2057730551,0.51,0.51,395146003,399120003,https://www.sec.gov/Archives/edgar/data/1053507/000119312514177280/0001193125-14-177280-index.htm,https://www.sec.gov/Archives/edgar/data/1053507/000119312514177280/d712271d10q.htm,2.4904440194982813,0.5124662743963021,1.2060909040752716,0.6647947796652773,0.9309698116824936,9.367689339881796,-16.8383330452162,9.290687422188096,36.6317484932272,32350603265.61,46351341265.61,39.93921360798078,32.87365600632666,67.88045554723007,123.15078653478804,8.81204977410793,8.81204977410793,47.100761481542825,77.55275235807086,97.25785125248122,176.44815111903338,0.0062595123292573,0.0081201267822801,3.9045170242358176,0.7020566813405835,23.42533651231857,0.8180211057995851,2.513197168684973,2.4653385959557816,1.7124873853246637e-05,0.0027358159793381,0.1123201255171026,0.0,0.5071753234874536,0.4488020949175588,0.2173492438183944,0.8703140830800405,0.0250018036986492,10.350178226540818,0.0166457257344024,0.0201247202153166,-40.42937137023249,-232024000.0,-6653600000.0,-15672821000.0,17467230000.0,258931499.5,144332000.0,261884500.0,24.16885049014876,40.01821220678923,120.49518759725665,3.7238014293101807,2.248976029587128,0.7469177964253326,0.0551591342070583,0.5412961244099943,2014-05-01,0.5,bmo,964803921.0,2025-04-25,2014-03-31,0.02,81.4760655737705,2285663.868852459
2013-12-31,AMT,USD,1053507,2014-02-26,2014-02-25 21:57:53,2013,Q4,941969000.0,251216000.0,690753000.0,0.7333075717,0,117161000.0,0.0,117161000.0,-58509000.0,397825000.0,649041000.0,4238000.0,127818000.0,244811000.0,506452000.0,0.537652513,292928000.0,0.3109741403,-182823000.0,110105000.0,0.1168881354,36180000.0,99982000.0,0.1061414972,0.25,0.25,394751003,398609003,https://www.sec.gov/Archives/edgar/data/1053507/000119312514068001/0001193125-14-068001-index.htm,https://www.sec.gov/Archives/edgar/data/1053507/000119312514068001/d636311d10k.htm,2.3862358622050164,0.2532786471476045,1.1516221530664483,0.451730327839091,0.7908478955783679,9.094441743571709,-17.330722273047652,8.95289682139199,37.00078249072872,31509025059.46,45693727059.46,78.78674426261728,33.45017199022473,69.31092788330062,176.69834208792008,8.91555008310591,8.91555008310591,48.508737611811,90.2232137684519,100.51325342377102,256.2442284389388,0.0031731226152293,0.0056593626639825,4.096661587673467,0.7141806532580401,28.00798891109128,1.0301678925729758,2.291758594251201,6.149529928982076,0.0071400495437561,2.250165029705347,0.1243788277533549,0.0,0.5145553565948788,0.607744322531258,0.293303707446848,1.1285563148714723,0.0159060436171466,7.142863283510379,0.0101284248875192,0.0101595220344325,-40.76617824325072,27898000.0,-6841320000.0,-15729875000.0,17721433000.0,225423000.0,131891500.0,306411500.0,24.22942793234172,61.95632443793389,62.808618877778486,3.714491330596665,1.4526362048826746,1.4329243598738286,0.028290133595913,0.6998918252273573,2014-02-25,0.47,bmo,1770960000.0,2025-04-25,2013-12-31,-0.4680851063829787,77.64953125,2304382.1875
2013-09-30,AMT,USD,1053507,2013-10-30,2013-10-30 17:20:11,2013,Q3,807880000.0,200482000.0,607398000.0,0.7518418577,0,98128000.0,0.0,98128000.0,-29622000.0,298519000.0,499001000.0,2342000.0,102791000.0,184922000.0,470436000.0,0.5823092538,308879000.0,0.3823327722,-130071000.0,178808000.0,0.2213299005,15586000.0,180123000.0,0.2229576175,0.46,0.45,394759003,398348003,https://www.sec.gov/Archives/edgar/data/1053507/000119312513418850/0001193125-13-418850-index.htm,https://www.sec.gov/Archives/edgar/data/1053507/000119312513418850/d607482d10q.htm,2.0465144401025857,0.4562859836790093,0.91175121343591,0.4870769217136765,10.304347637639566,9.149676061979516,-6.075757567966094,8.939537726008494,32.29463774889511,29263484892.39,37868939892.39,40.61597476778368,36.222563861452194,81.30507413381233,152.1936201353769,8.292375095003829,8.292375095003829,46.87446142049562,80.49753822494452,105.21429613191192,196.94889635002443,0.0061552135934036,0.0065705776570035,3.583434567038532,0.6955384977548384,18.29250950182384,5.759658164089497,3.0049226099561244,2.2051071546727767,0.003647104929316,0.5925228871382333,0.1214635837005495,0.0,0.3305797928863251,0.4657786964953517,0.2075110164875971,0.9065660116157084,0.0186389067683319,9.580040694658686,0.0161808168273919,0.0147994284419867,-25.6738318137864,3918717000.0,-2398460000.0,-9827367000.0,15807920000.0,189274000.0,90933000.0,354329000.0,21.97451354161509,40.7819654632336,196.40436547919512,4.095653805011837,2.2068578347735155,0.458238287017778,0.051041339906369,0.4246742917222333,2013-10-30,0.53,bmo,951526666.0,2025-04-25,2013-09-30,-0.1509433962264151,72.19234374999999,3866512.390625
2013-06-30,AMT,USD,1053507,2013-07-31,2013-07-31 16:47:22,2013,Q2,808830000.0,205303000.0,603527000.0,0.746172867,0,100209000.0,0.0,100209000.0,-141660000.0,290715000.0,496018000.0,1412000.0,97229000.0,184608000.0,358460000.0,0.4431833636,312812000.0,0.3867462878,-240146000.0,72666000.0,0.0898408813,-11447000.0,99821000.0,0.1234140672,0.25,0.25,395420003,399458003,https://www.sec.gov/Archives/edgar/data/1053507/000119312513312703/0001193125-13-312703-index.htm,https://www.sec.gov/Archives/edgar/data/1053507/000119312513312703/d556996d10q.htm,2.0454959128610395,0.2524429701144886,0.9875195919210996,0.59123210314679,1.1701583038023495,9.154486299470287,-6.137544842414054,8.897685937248855,22.64221064203472,28474194416.030003,36881701416.03,71.31313655450757,35.204176917312665,72.92007225893441,121.79649856077168,8.093115503047901,8.093115503047901,45.59882968736323,102.8893081962562,94.45100686589754,157.7590581775135,0.00350566546472,0.0082104166525036,2.517095218375345,0.6175961131969733,23.454519332701,1.2112708696097512,3.2172705674232995,4.642385838098748,0.0036167485020058,1.031686719227417,0.1238937724861837,0.0,0.4216897171526216,0.4012958244234734,0.1937366319251264,0.8488256196914543,0.0210860131300767,7.109047824129679,0.0265934799689176,0.0120373310289547,-25.25232834515961,165011000.0,-2426908000.0,-9773476000.0,12022867000.0,171576500.0,88895000.0,245841500.0,20.17302770668744,39.90146271608306,118.8666507552252,4.461402686229626,2.255556410059217,0.7571509706732755,0.0283717555210252,0.3962874887743097,2013-07-31,0.53,bmo,1682304000.0,2025-04-25,2013-06-30,0.7358490566037735,79.56859375,2610589.546875
2013-03-31,AMT,USD,1053507,2013-05-01,2013-05-01 16:40:41,2013,Q1,802728000.0,201328000.0,601400000.0,0.7491952442,0,101591000.0,0.0,101591000.0,22291000.0,301714000.0,503042000.0,1714000.0,108223000.0,185804000.0,474197000.0,0.5907318544,299686000.0,0.3733344296,-119516000.0,180170000.0,0.2244471353,19222000.0,171407000.0,0.2135306106,0.43,0.43,395239003,399659003,https://www.sec.gov/Archives/edgar/data/1053507/000119312513192592/0001193125-13-192592-index.htm,https://www.sec.gov/Archives/edgar/data/1053507/000119312513192592/d526997d10q.htm,2.0309938895377693,0.4336793653940069,0.99695626446057,0.6834624061633917,1.1504684420024205,9.567684290510163,-6.044689369889944,9.289606977376168,22.663112526877818,30729832483.25,39137249483.25,44.819978885416,38.28174983711793,77.98737293864012,113.75900020082848,8.369568291678187,8.369568291678187,48.75530625971687,82.53373488919162,99.32404522239084,144.8824810305,0.0055778696513698,0.0087905132625516,2.4101445821525407,0.6118143025247965,17.72979795317136,1.2225499374935735,2.7691525830923185,2.4482193006436863,0.0,0.0,0.1265571899821608,0.0,0.4266267922404578,0.3144509638713214,0.1543548997917102,0.6668586252179717,0.0262131132837025,9.52081899423234,0.019424525303827,0.0206685757991472,-25.29064420294573,164492000.0,-2389097000.0,-9778602000.0,12214624000.0,180225500.0,88173500.0,157800500.0,18.147143241546328,38.78849439720257,98.58434991655407,4.959458290600403,2.3202756744920423,0.9129238066303604,0.0466843609692192,0.3134938582971782,2013-05-01,0.48,bmo,896037209.0,2025-04-25,2013-03-31,-0.1041666666666666,76.884,2464742.333333333
2012-12-31,AMT,USD,1053507,2013-02-27,2013-02-26 21:32:48,2012,Q4,768374000.0,193788000.0,574586000.0,0.7477946937,0,89828000.0,0.0,89828000.0,-18832000.0,295351000.0,489139000.0,1427000.0,100500000.0,178488000.0,444974000.0,0.5791112141,279235000.0,0.3634102664,-117905000.0,161330000.0,0.2099628566,43187000.0,135679000.0,0.1765793741,0.34,0.34,395195003,399625003,https://www.sec.gov/Archives/edgar/data/1053507/000119312513077821/0001193125-13-077821-index.htm,https://www.sec.gov/Archives/edgar/data/1053507/000119312513077821/d448028d10k.htm,1.9442907783932684,0.3433216487304623,0.7536633756474902,0.2703020007568263,0.9479775734917376,9.32243821918973,-5.928511196281497,9.041361790700575,22.403815667679385,30536717881.81,38921475881.81,56.266478013933614,39.741997883595744,102.52587892255676,285.8654385970118,8.546278955397566,8.546278955397566,50.65433744740192,87.4691012998737,130.67738776611245,364.35823970539775,0.004443142859201,0.003498149356242,2.449798088551093,0.6212858154680818,18.843253763141217,1.31217473559662,2.778457711442786,2.520833157008286,0.0060831029948589,1.36909912366689,0.1169066105828672,0.0,0.4277836479458737,0.6413491626489034,0.2486054968023384,1.0702232082829095,0.0160455715576008,8.357161170332805,0.0151280509432723,0.0168293841625496,-24.88349340287585,197350000.0,-2342918000.0,-9575420000.0,12014444000.0,173700000.0,88479000.0,47535000.0,23.261289424160637,41.60226639420397,44.15288872375999,3.8690890414062937,2.1633436781352566,2.0383717260965604,0.0379723383134145,0.4833613748906638,2013-02-26,0.42,bmo,949199999.0,2025-04-25,2012-12-31,-0.1904761904761903,74.47,2092063.8064516129
2012-09-30,AMT,USD,1053507,2012-10-31,2012-10-31 16:36:10,2012,Q3,713335000.0,184904000.0,528431000.0,0.7407893907,0,81459000.0,0.0,81459000.0,151420000.0,232879000.0,417783000.0,6417000.0,103386000.0,144061000.0,487624000.0,0.6835834496,295552000.0,0.4143242656,-50675000.0,244877000.0,0.343284712,13054000.0,232089000.0,0.325357651,0.59,0.58,395244003,399487003,https://www.sec.gov/Archives/edgar/data/1053507/000119312512443907/0001193125-12-443907-index.htm,https://www.sec.gov/Archives/edgar/data/1053507/000119312512443907/d409389d10q.htm,1.804796517051772,0.5872043553814528,0.894819395906179,0.5137282247391872,0.9672809634002214,9.325839157640551,-4.102387354881637,8.998881635150324,19.210791162845297,28089991293.21,35197243293.21,30.257779659107065,39.37840046150826,79.42384834878078,138.34163002447696,7.897648050219385,7.897648050219385,49.34181456568092,72.18111350796926,99.51945105411228,173.3444470923624,0.0082623379116568,0.0072284821266242,2.105730112344008,0.5778403160669636,14.575271110527783,1.0256873402473778,2.8587236182848743,1.5255990510083035,0.0030948745797943,0.374576132431955,0.1141945930032873,0.0,0.409482410103181,0.425886131783121,0.2111546468349373,1.045557090399206,0.0183055647066245,10.90385739171028,0.0228581010202095,0.0303230597613392,-22.217679922647683,21858000.0,-1621444000.0,-8402539000.0,10572065000.0,123994000.0,144383000.0,0.0,18.774671087217087,42.5312594643707,0.0,4.793692501024817,2.1160906385900664,0.0,0.0652530368982504,0.3810911711669917,2012-10-31,0.38,bmo,467334482.0,2025-04-25,2012-09-30,0.5263157894736841,70.98253968253968,2482375.6666666665
2012-06-30,AMT,USD,1053507,2012-08-02,2012-08-02 16:33:47,2012,Q2,697734000.0,172384000.0,525350000.0,0.7529373658,0,76848000.0,0.0,76848000.0,178016000.0,254864000.0,427248000.0,5869000.0,100233000.0,172072000.0,326218000.0,0.4675392055,270486000.0,0.3876634935,-212987000.0,57499000.0,0.0824081957,23815000.0,48209000.0,0.0690936661,0.12,0.12,394743003,398811003,https://www.sec.gov/Archives/edgar/data/1053507/000119312512332009/0001193125-12-332009-index.htm,https://www.sec.gov/Archives/edgar/data/1053507/000119312512332009/d384259d10q.htm,1.7675652125491883,0.1221275605485526,0.9141593321668072,0.6472261650195735,1.2955999121281447,8.831543494135094,-4.556197288695197,8.50565551379767,19.16601926443773,27596483339.73,34579965339.73,143.10856551541207,39.55158174853168,76.47463362244983,108.01479263108249,8.219237175382153,8.219237175382153,49.560384530107456,106.00262811901857,95.8270714234685,135.34868698228487,0.001746925483458,0.0092579912032552,2.223473499113043,0.5873953989339666,21.40740854275362,1.0138070564251462,2.698572326479303,10.71144884086794,0.0061507652696323,3.520908778236429,0.1101393940957442,0.0,0.41581302408721,0.2919985146511924,0.151017436444261,0.0,0.0194214414089036,4.834504790797632,0.0132813136129466,0.0064931076811514,-21.88095592412565,12516000.0,-1798527000.0,-8304160000.0,10376962000.0,102150500.0,213834500.0,0.0,12.793256455898666,105.14166047893076,0.0,7.03495629203174,0.855988003138252,0.0,0.0143583948762608,0.2669331671472337,2012-08-01,0.4,bmo,2325666666.0,2025-04-25,2012-06-30,0.8749999999999999,65.68539682539684,2400735.8095238097
2012-03-31,AMT,USD,1053507,2012-05-03,2012-05-03 17:28:11,2012,Q1,696517000.0,170985000.0,525532000.0,0.7545142473,0,79584000.0,0.0,79584000.0,171502000.0,251086000.0,422071000.0,5796000.0,95117000.0,149655000.0,478817000.0,0.6874448147,274446000.0,0.3940262765,-36858000.0,237588000.0,0.3411086879,27248000.0,221306000.0,0.3177323741,0.56,0.56,393885003,398453003,https://www.sec.gov/Archives/edgar/data/1053507/000119312512208966/0001193125-12-208966-index.htm,https://www.sec.gov/Archives/edgar/data/1053507/000119312512208966/d339181d10q.htm,1.7683257668990255,0.561854344071079,1.02064561214076,0.7133681096256411,1.279751694430468,9.105203226028893,-4.327321393345865,8.832445951236178,18.74546871234902,24822632889.06,31639816889.06,28.041075353876536,35.6382297762438,61.74523189084044,88.34148758496005,7.135056398638907,7.135056398638907,45.42576403599625,66.07914273941819,78.70268393888816,112.60322397658238,0.0089154926066499,0.0113197097687343,2.095001161263915,0.5766990979574158,14.237556310657308,1.0384363551577986,2.885351724717979,1.911108681390772,0.0,0.0,0.1142599534541152,0.0,0.4186409052044254,0.3010618953924834,0.1737674744478598,0.8087401022351408,0.0187289039607073,10.56680334092051,0.0205450420362463,0.0301205770363571,-21.50091507799803,36102000.0,-1704467000.0,-8076434000.0,10333619000.0,103045500.0,221107000.0,0.0,13.583013767072448,119.10676375120624,0.0,6.625922754946728,0.7556245939818722,0.0,0.0636125425700954,0.3072775025151186,2012-05-03,0.4,bmo,497499999.0,2025-04-25,2012-03-31,0.4000000000000001,62.53387096774193,3078519.6774193547
2011-12-31,AMT,USD,1053507,2012-02-29,2012-02-28 19:04:51,2011,Q4,653199000.0,188502000.0,464697000.0,0.7114171945,8668000,73895000.0,0.0,73895000.0,143064000.0,216959000.0,405461000.0,4626000.0,84661000.0,143615000.0,387798000.0,0.5936904374,247738000.0,0.3792687986,-88216000.0,159522000.0,0.2442165404,-36901000.0,205110000.0,0.3140084415,0.52,0.51,393885000,398453000,https://www.sec.gov/Archives/edgar/data/1053507/000119312512086162/0001193125-12-086162-index.htm,https://www.sec.gov/Archives/edgar/data/1053507/000119312512086162/d278077d10k.htm,1.658349518260406,0.5207357477436307,0.8021224469070922,0.4824174568719296,0.8948322479911649,8.65770973761377,-4.4355078258882665,8.345633877908526,18.58656460642065,23637038850.0,30543155850.0,28.810198003510312,36.18658150119642,74.81401403413263,124.39433761189788,7.190586224834359,7.190586224834359,46.75934263524592,78.76047800659106,96.6726883561644,160.73906992532247,0.0086774828819135,0.0080389511226783,2.2013458180468604,0.5915674972184595,17.808542076029273,1.0810424953597464,2.9262352204675115,1.6083977315536009,0.0058323612731211,0.6721259324265029,0.1131278523084083,0.0132700754287743,0.4216024126032194,0.3985737978882334,0.1927850471295883,0.2266843318926333,0.0172259908542419,9.88848181980751,0.0261696125921521,0.0289899604364988,-21.311039389669578,63180000.0,-1747080000.0,-7979517000.0,10103875000.0,100517000.0,284356000.0,0.0,13.912130912631524,103.09593532164116,0.0,6.469174317378257,0.8729733109187657,0.0,0.0623961888769233,0.3197049900351625,2012-02-23,0.3,bmo,485000255.0,2025-04-25,2011-12-31,0.7000000000000001,57.25301587301588,3019820.984126984
2011-09-30,AMT,USD,1053507,2011-11-02,2011-11-01 18:44:40,2011,Q3,630403000.0,160265000.0,470138000.0,0.7457737352,8668000,76476000.0,0.0,76476000.0,156689000.0,241833000.0,402098000.0,5320000.0,77796000.0,142113000.0,226048000.0,0.3585769738,228305000.0,0.3621572232,-223352000.0,4953000.0,0.0078568789,24681000.0,-15701000.0,-0.0249062901,-0.0397,-0.0397,395183003,395183003,https://www.sec.gov/Archives/edgar/data/1053507/000119312511291078/0001193125-11-291078-index.htm,https://www.sec.gov/Archives/edgar/data/1053507/000119312511291078/d234886d10q.htm,1.5952178995916988,-0.0397309597852314,0.7355073416454604,0.3293461485234981,0.4611331930184254,8.471115849079167,-3.8826998842356586,8.25766790379899,14.95372512263641,21260845561.4,26915001561.4,-338.52693397554293,33.72580010152235,73.14678855501273,163.3539673719958,6.515156655216054,6.515156655216054,42.69491350992936,119.06763856083664,92.5996062801899,206.7966805074067,-0.0007384936763054,0.0061216756231133,1.787049879109733,0.5352438878433855,25.01307686862967,0.5934429983198768,2.9346624505115946,-14.734867687316232,0.0,0.0,0.1213128744628436,0.0137499345656667,0.448083289950856,0.5522190875937522,0.2546117324949278,0.0,0.0192575225688964,,-0.0875621925376214,-0.0026110376999852,-18.44820170567913,-557523000.0,-1534377000.0,-6733890000.0,8450382000.0,99943000.0,346356000.0,0.0,14.28557605214442,198.11119084017096,0.0,6.300060961594196,0.4542903387654097,0.0,-0.0048114019900162,0.4061611931219623,2011-11-01,0.25,bmo,3939999999.0,2025-04-25,2011-09-30,-1.16,52.3459375,3371329.40625
2011-06-30,AMT,USD,1053507,2011-08-04,2011-08-04 16:40:40,2011,Q2,597235000.0,151077000.0,446158000.0,0.7470392726,0,72321000.0,0.0,72321000.0,148048000.0,220369000.0,371446000.0,6301000.0,74512000.0,138558000.0,392107000.0,0.656537209,225789000.0,0.3780572137,-46752000.0,179037000.0,0.2997764699,65877000.0,115211000.0,0.1929073145,0.29,0.29,396599003,400250003,https://www.sec.gov/Archives/edgar/data/1053507/000119312511210453/0001193125-11-210453-index.htm,https://www.sec.gov/Archives/edgar/data/1053507/000119312511210453/d10q.htm,1.505891329736903,0.2904974524103884,0.6947117817136822,0.3450412103027904,0.8419057977309136,9.076644098371574,-3.84781098403316,8.98101854280254,12.59100492494178,20754025826.99,25340551826.99,45.03481834848669,34.75018347382521,75.32620199835222,151.6630432465672,5.826733321014873,5.826733321014873,42.42978363121719,64.6266244341213,91.9728799405855,185.17974486813355,0.0055512603174161,0.00659356411815,1.381037956822034,0.4482563170552655,11.697128589900206,0.6963102811472475,3.030236740390809,2.391455676975289,0.0,0.0,0.1210930370792066,0.0,0.4670974023181065,0.5033318573471447,0.2322017296374124,0.0,0.0195685115574271,7.661701354890337,0.0136607581109399,0.0197010648845289,-17.562398536841506,-397798000.0,-1526038000.0,-6461911000.0,8637663000.0,98826000.0,385669500.0,0.0,15.042772108131642,202.50461685100976,0.0,5.98293980345211,0.4444343116691328,0.0,0.0323457134651164,0.3496705714108918,2011-08-02,0.23,bmo,473641379.0,2025-04-25,2011-06-30,0.2608695652173912,51.88746031746032,3348038.111111111
2011-03-31,AMT,USD,1053507,2011-05-05,2011-05-05 16:35:36,2011,Q1,562695000.0,135328000.0,427367000.0,0.7595002621,0,66132000.0,0.0,66132000.0,142935000.0,209067000.0,344395000.0,5803000.0,74427000.0,131231000.0,369041000.0,0.6558455291,218300000.0,0.387954398,-54917000.0,163383000.0,0.2903580092,71423000.0,91842000.0,0.1632180844,0.23,0.23,397768003,401899003,https://www.sec.gov/Archives/edgar/data/1053507/000119312511128578/0001193125-11-128578-index.htm,https://www.sec.gov/Archives/edgar/data/1053507/000119312511128578/d10q.htm,1.4146311311018147,0.230893383347378,0.7135214443078268,0.4673955637402036,0.9390348071813106,8.821765384683292,-4.025673226410823,8.797072599125073,14.17977302714316,20612337915.46,25815347915.46,56.10814745829795,36.63145738892295,72.62570790744708,110.8696873058118,5.890595924507187,5.890595924507187,45.87804745992056,69.95251995160429,90.95804294141274,138.8556486322244,0.0044556808828131,0.0090195979108491,1.5906042934458622,0.5173308718327754,14.098731577250224,1.1512692898293455,2.933075362435676,3.090263713769299,0.0,0.0,0.1175272572174979,0.0,0.4749901684666126,0.3449453166840488,0.1739859071077582,0.7460203762830429,0.0219621642275122,6.760301898525039,0.0121527754998457,0.0162596847382352,-17.102540170884485,125010000.0,-1601284000.0,-6298316000.0,9005981000.0,89395000.0,361975500.0,0.0,15.64721563191427,286.9082525419721,0.0,5.751822056854307,0.3136891295478989,0.0,0.0262466156492037,0.2461258805676232,2011-05-03,0.23,bmo,562700000.0,2025-04-25,2011-03-31,0.0,51.79741935483871,3605802.870967742
2010-12-31,AMT,USD,1053507,2011-02-28,2011-02-28 16:59:57,2010,Q4,547642000.0,132945000.0,414697000.0,0.7572410443,0,65365000.0,0.0,65365000.0,145891000.0,211256000.0,344201000.0,5417000.0,68623000.0,124105000.0,329514000.0,0.6016959985,203441000.0,0.3714853864,-66655000.0,136786000.0,0.2497726617,53099000.0,83514000.0,0.1524974345,0.21,0.21,397768000,401899000,https://www.sec.gov/Archives/edgar/data/1053507/000119312511050129/0001193125-11-050129-index.htm,https://www.sec.gov/Archives/edgar/data/1053507/000119312511050129/d10k.htm,1.3767874741055088,0.2099565575913597,0.6193509784598057,0.3222330604774642,2.33902928340138,8.810557913155407,-2.44134520625088,8.802729229098368,14.219371593491683,20540739520.0,25244164520.0,61.48891060181526,37.50760445692624,83.37760300051146,160.25667857755863,5.866362426473192,5.866362426473192,46.09610753010178,76.61029431222953,102.46943277669084,196.95230327523524,0.0040657737721022,0.0062399895522359,1.595738215433404,0.5389062939151124,14.273824480902178,2.5897951843893803,2.964618276671087,2.9432397882991053,0.0,0.0,0.1193571712907337,0.0,0.4316783329960781,0.479724628386332,0.2158052158161718,0.2565168885628334,0.0226589633373627,6.448588321709069,0.0125715339510365,0.0141732515982117,-14.763239501417912,861979000.0,-971089000.0,-5459282000.0,8961461000.0,86915000.0,269247500.0,0.0,13.305206686119764,198.04332618752116,0.0,6.764269216042292,0.454446013064746,0.0,0.0238513024912007,0.2971179179823414,2011-02-23,0.22,bmo,602359999.0,2025-04-25,2010-12-31,-0.0909090909090908,51.15703125,2539064.421875
2010-09-30,AMT,USD,1053507,2010-11-05,2010-11-05 16:53:39,2010,Q3,513322000.0,122973000.0,390349000.0,0.7604369187,0,57295000.0,0.0,57295000.0,119682000.0,176977000.0,299950000.0,5539000.0,62904000.0,115383000.0,343645000.0,0.6694530918,213372000.0,0.4156689174,-49129000.0,164243000.0,0.3199609602,70649000.0,93439000.0,0.1820280448,0.23,0.23,400602003,403455003,https://www.sec.gov/Archives/edgar/data/1053507/000119312510250228/0001193125-10-250228-index.htm,https://www.sec.gov/Archives/edgar/data/1053507/000119312510250228/d10q.htm,1.281376518728989,0.2332464623248526,0.644587391141926,0.4050229374414785,1.0349374114337615,8.6211501044342,-1.9549752475900624,8.613536562871355,12.151372093863444,20534858673.78,24967940673.78,54.941883672181845,40.00385464441423,79.5237398441657,126.5607333841593,5.951097975360806,5.951097975360806,48.63991933675159,72.65620240009312,96.69138951131386,153.88276749138691,0.0045502626282647,0.0079013448583979,1.3924998550976642,0.508516370765177,12.900178963756202,1.5357922932926955,3.39202594429607,2.7587632610762705,0.0,0.0,0.1116161006152084,0.0,0.4483889157113076,0.3716555070617257,0.1869586731135622,0.8317516445230233,0.0260148600683391,6.723409176630489,0.0134908859804206,0.0179271131494211,-13.756991249991328,329441000.0,-783167000.0,-5051020000.0,8060660000.0,70870500.0,225496000.0,0.0,16.28258675840895,180.0043912078261,0.0,5.527377273363555,0.4999878024980484,0.0,0.0270790587144264,0.2395644537004474,2010-11-05,0.2,bmo,446347826.0,2025-04-25,2010-09-30,0.15,47.3409375,3336060.796875
2010-06-30,AMT,USD,1053507,2010-08-06,2010-08-05 20:55:41,2010,Q2,469937000.0,112199000.0,357738000.0,0.7612467203,0,53582000.0,0.0,53582000.0,115440000.0,169022000.0,281221000.0,4279000.0,56074000.0,110403000.0,303398000.0,0.6456141994,188716000.0,0.4015772327,-58549000.0,130167000.0,0.276988192,30352000.0,99665000.0,0.2120816195,0.25,0.25,402733003,405024003,https://www.sec.gov/Archives/edgar/data/1053507/000119312510179874/0001193125-10-179874-index.htm,https://www.sec.gov/Archives/edgar/data/1053507/000119312510179874/d10q.htm,1.166869852978004,0.2474716481082629,0.6524099044348745,0.4600914219091203,0.8213481327230587,8.516833670072973,-1.0488959108225853,8.509357252750403,10.452893029975993,17921618633.5,21772376633.5,44.95464464330507,38.13621535120665,68.20865179621461,96.71990800295748,5.229537164586275,5.229537164586275,46.3304158504225,71.76176716227529,82.86441570598332,117.5017897692316,0.0055611606316463,0.0103391330766094,1.2120374123248945,0.4837745458467307,12.692100804883356,2.1474221057912044,3.3654813282448197,2.632234344162935,0.0,0.0,0.1140195387892419,0.0,0.4486920043424568,0.2947816721028213,0.1648157093397625,0.7559118901457111,0.0281463259968889,6.883389785040741,0.0175861884584481,0.0210552979113921,-11.889949332014393,411718000.0,-422425000.0,-4385375000.0,7452614000.0,61206500.0,194447000.0,0.0,9.359722686232413,164.4720541181294,0.0,9.615669504010476,0.5472054233320328,0.0,0.0290822962014287,0.1923184825257541,2010-08-03,0.2,bmo,375920000.0,2025-04-25,2010-06-30,0.2499999999999999,42.08,4377147.222222222
2010-03-31,AMT,USD,1053507,2010-05-06,2010-05-06 16:53:56,2010,Q1,454434000.0,106469000.0,347965000.0,0.7657107523,0,53527000.0,0.0,53527000.0,115589000.0,169116000.0,275585000.0,4001000.0,58417000.0,110835000.0,294081000.0,0.647136878,178849000.0,0.393564302,-54020000.0,124829000.0,0.2746911543,28389000.0,96318000.0,0.2119515705,0.24,0.24,402346003,406080003,https://www.sec.gov/Archives/edgar/data/1053507/000119312510111052/0001193125-10-111052-index.htm,https://www.sec.gov/Archives/edgar/data/1053507/000119312510111052/d10q.htm,1.1294607044971687,0.2393909701645526,0.6304250523398389,0.4935851195718229,0.9241597958660472,8.594209894512112,-1.10335879240734,8.586912692655728,10.658368588291903,17143963187.83,21021011187.83,44.49833672789613,37.72596942092801,67.5893190504595,86.32756197545721,4.962202542998226,4.962202542998226,46.25756696864672,71.4803444895454,82.87440986493147,105.85024164029772,0.0056181875185297,0.0115837859556869,1.2243256698437874,0.4876426794659274,13.18360587729231,1.9375016260220288,3.061591659961997,2.628950177751521,0.0,0.0,0.1177882816866695,0.0,0.4498115168675659,0.2170597952288398,0.1211551072322933,0.4967474173320702,0.0298503192982919,6.800857343364601,0.0165888918441204,0.0201819895052313,-11.903727672920365,396386000.0,-443932000.0,-4397208000.0,7477360000.0,70745000.0,184496000.0,0.0,14.564689261806992,155.4148155801219,0.0,6.179328537822439,0.5790953691516094,0.0,0.0278785843914892,0.1368399327680161,2010-05-04,0.18,bmo,340800000.0,2025-04-25,2010-03-31,0.3333333333333333,43.16360655737705,3632225.1147540985
2009-12-31,AMT,USD,1053507,2010-03-01,2010-03-01 17:12:48,2009,Q4,447973000.0,107502000.0,340471000.0,0.7600257158,0,46337000.0,0.0,46337000.0,117685000.0,164022000.0,271524000.0,3546000.0,61458000.0,106745000.0,275129000.0,0.6141642465,176449000.0,0.3938831135,-69523000.0,106926000.0,0.2386884924,42682000.0,64350000.0,0.1436470502,0.16,0.16,402346000,406080000,https://www.sec.gov/Archives/edgar/data/1053507/000119312510044876/0001193125-10-044876-index.htm,https://www.sec.gov/Archives/edgar/data/1053507/000119312510044876/d10k.htm,1.1134023949535972,0.1599369696728686,0.4790081173914988,0.3104094485840545,0.6389252036804144,8.246944172428705,-1.288338892396097,8.23938103025754,10.620309385454313,17385370660.0,21349658660.0,67.54223255633255,38.80896987095204,90.20723956684844,139.20323687666144,5.2443259804734845,5.2443259804734845,47.65836034761024,77.59872154516609,110.77668754248238,170.94496573039106,0.0037013878656067,0.0071837409993995,1.270430414692608,0.4947427762952813,14.40883367438547,1.6648331987199805,2.8710501480685995,2.997216260769494,0.0,0.0,0.1034370375000279,0.0,0.4506792700008974,0.3519745546809736,0.1514265368671772,0.1636080353288199,0.0235415973730559,5.445189323071234,0.0129414049342633,0.0137612177448069,-12.145049907293725,260112000.0,-518358000.0,-4543187000.0,7272106000.0,69610000.0,175547500.0,0.0,13.651291484084975,154.99637216051792,0.0,6.592782822410926,0.5806587518499714,0.0,0.0194112845474108,0.1685986688074443,2010-02-24,0.18,bmo,504000000.0,2025-04-25,2009-12-31,-0.111111111111111,39.79125,2918333.578125
2009-09-30,AMT,USD,1053507,2009-11-05,2009-11-05 16:54:05,2009,Q3,444105000.0,108594000.0,335511000.0,0.7554767454,0,47865000.0,0.0,47865000.0,108569000.0,156434000.0,265028000.0,4321000.0,64122000.0,105543000.0,288592000.0,0.6498283064,179077000.0,0.4032312178,-60150000.0,118927000.0,0.2677902748,51348000.0,67355000.0,0.1516645838,0.17,0.17,397315003,405728003,https://www.sec.gov/Archives/edgar/data/1053507/000119312509225699/0001193125-09-225699-index.htm,https://www.sec.gov/Archives/edgar/data/1053507/000119312509225699/d10q.htm,1.1177654924850648,0.1695254382326962,0.6041881081445092,0.4315970922447144,0.5877402016958317,8.142534199746795,-1.3507393276060105,8.134137839239864,10.699009521168271,14462266109.2,18419347109.2,53.679259554598765,32.564970241722115,60.24613776624329,84.3379175950548,4.47496719620399,4.47496719620399,41.47520768556985,63.824870783666896,76.73033500601949,107.41396728014928,0.00465729225914,0.0118570629737558,1.2954810222738615,0.4987305272868139,13.71167946443422,1.8355664646144736,2.7927544368547457,3.552183370573699,0.0,0.0,0.1077785658796906,0.0,0.4493030467345116,0.2856577505800802,0.154407178482566,0.6568987153818889,0.0291597707749293,5.570118835487411,0.0126227242322159,0.014569530980289,-12.26407689920534,284929000.0,-536669000.0,-4533743000.0,7184869000.0,71898500.0,169310000.0,0.0,14.443408653359002,137.54102436598708,0.0,6.231216062634171,0.6543502232506011,0.0,0.0208412300827862,0.1725910158997947,2009-11-03,0.17,bmo,444100000.0,2025-04-25,2009-09-30,0.0,33.386875,3513464.6875
2009-06-30,AMT,USD,1053507,2009-08-06,2009-08-06 16:06:27,2009,Q2,423358000.0,102573000.0,320785000.0,0.7577156922,0,49861000.0,0.0,49861000.0,104477000.0,154338000.0,256911000.0,4067000.0,62654000.0,102463000.0,267966000.0,0.6329536704,166447000.0,0.3931589813,-63598000.0,102849000.0,0.2429362384,51428000.0,56488000.0,0.1334284459,0.14,0.14,397418003,408832003,https://www.sec.gov/Archives/edgar/data/1053507/000119312509167155/0001193125-09-167155-index.htm,https://www.sec.gov/Archives/edgar/data/1053507/000119312509167155/d10q.htm,1.065271318370547,0.1421374964737065,0.5123270673774686,0.3507163715479693,0.836970135950283,7.777793096101889,-1.735432201847182,7.7696052435752385,11.340515442125051,12530589634.59,16651223634.59,55.456865327990016,29.59809342114712,61.54271754837728,89.9017056456045,4.058121231586696,4.058121231586696,39.33130739135672,62.13931481826052,81.7807926731268,119.46551993880084,0.0045080081342755,0.0111232594845534,1.4393090053990227,0.5236879523883086,15.377450870632842,2.063266478937992,2.656606122514125,3.6045107723901073,0.0,0.0,0.1177750272818749,0.0,0.4454996513869638,0.3154443833248202,0.1517084831277547,0.0,0.0303194931948847,4.9847693379927085,0.0101969595716002,0.0120040121043147,-12.602424807614968,370038000.0,-689692000.0,-4677394000.0,7238564000.0,66291500.0,158465500.0,0.0,15.418015013298437,151.4986399929806,0.0,5.837327303311915,0.5940647388265001,0.0,0.0182940435218689,0.1616106958294992,2009-07-29,0.16,bmo,521107692.0,2025-04-25,2009-06-30,-0.1875,31.023650793650795,4040829.936507937
2009-03-31,AMT,USD,1053507,2009-05-08,2009-05-08 16:54:43,2009,Q1,408678000.0,97705000.0,310973000.0,0.7609242484,0,57631000.0,0.0,57631000.0,103057000.0,160688000.0,258393000.0,3998000.0,61568000.0,99868000.0,254222000.0,0.6220594209,150285000.0,0.3677345,-57499000.0,92786000.0,0.2270393806,37107000.0,58601000.0,0.1433916188,0.15,0.15,397180003,408250003,https://www.sec.gov/Archives/edgar/data/1053507/000119312509105524/0001193125-09-105524-index.htm,https://www.sec.gov/Archives/edgar/data/1053507/000119312509105524/d10q.htm,1.02894908332029,0.1475426747504204,0.5179968740772681,0.3930484888988734,0.7653960363155544,7.759882110681186,-1.6038873940992442,7.751951197804891,11.06323069341434,12086187491.29,16115675491.29,51.5613534380386,29.57386375408023,58.7455282509308,77.42047319721223,3.925463308981721,3.925463308981721,39.43367514593396,63.39213557949351,78.33105936331644,103.23215847243308,0.0048485926635037,0.0129164800821187,1.4071577046496824,0.5203691626220444,15.850272596392127,2.0660083680960075,2.440959589397089,3.501387021562654,0.0,0.0,0.1410181120588825,0.0,0.44669229762175,0.2412145544333084,0.1214330108300422,0.4969259422437617,0.0595529977145821,5.072891810478943,0.011261486447189,0.0127206319050579,-12.323775650910603,340385000.0,-637032000.0,-4584107000.0,7062702000.0,55685000.0,148126500.0,0.0,13.22588933096472,132.89104958804566,0.0,6.804835406363955,0.6772465134333324,0.0,0.019032972600782,0.1249483851783948,2009-04-29,0.14,bmo,408700000.0,2025-04-25,2009-03-31,0.0,29.28819672131148,4326510.918032787
2008-12-31,AMT,USD,1053507,2009-02-26,2009-02-26 16:58:54,2008,Q4,408324000.0,98566000.0,309758000.0,0.75860836,0,44962000.0,0.0,44962000.0,100866000.0,145828000.0,244394000.0,371920000.0,14253000.0,104174000.0,277154000.0,0.6787600043,163930000.0,0.401470401,-65885000.0,98045000.0,0.2401156924,15255000.0,85839000.0,0.2102227643,0.22,0.21,397180000,408250000,https://www.sec.gov/Archives/edgar/data/1053507/000119312509039177/0001193125-09-039177-index.htm,https://www.sec.gov/Archives/edgar/data/1053507/000119312509039177/d10k.htm,1.0280578075431794,0.2161211541366634,0.4706480688856438,0.2735334105443376,0.3653381338435973,7.539349916914245,-1.908225489702402,7.531401379727076,10.945664434261545,11645317600.0,15835386600.0,33.91616165146379,28.51979702393197,62.29707915177711,107.189830820493,3.8930337823878536,3.8930337823878536,38.78142504481736,57.135695678215,84.71201613420924,145.75750262329487,0.0073711171260799,0.009329243197283,1.4485722366231386,0.5276817795173087,15.1181978250359,1.5651340679674206,11.501438293692557,2.17770477288878,0.0,0.0,0.1101135372890155,0.0,0.4569582417207716,0.4188153981126827,0.1917349947590639,0.7515310922111084,0.1342242924736238,6.051705632728198,0.0174938943593492,0.0192495330521068,-12.673337655471071,171035000.0,-757909000.0,-4743506000.0,6946059000.0,48729500.0,150507000.0,0.0,11.310062597349164,138.77655581032,0.0,7.9575156393116755,0.6485245254465901,0.0,0.0286960079857668,0.1971146583413062,2009-02-26,0.14,bmo,285810000.0,2025-04-25,2008-12-31,0.4285714285714285,28.8575,5696795.15625
2008-09-30,AMT,USD,1053507,2008-11-06,2008-11-06 17:03:29,2008,Q3,409268000.0,103857000.0,305411000.0,0.7462371844,0,44719000.0,0.0,44719000.0,106325000.0,151044000.0,254901000.0,1017000.0,3586000.0,104389000.0,263459000.0,0.6437322244,154367000.0,0.3771782793,-58843000.0,95524000.0,0.2334020739,34918000.0,60466000.0,0.147741822,0.15,0.15,393567003,416541003,https://www.sec.gov/Archives/edgar/data/1053507/000119312508228090/0001193125-08-228090-index.htm,https://www.sec.gov/Archives/edgar/data/1053507/000119312508228090/d10q.htm,1.039894088885292,0.1536358473629457,0.5772663822632509,0.4048027369814841,0.1886540269739026,7.224256551812602,-2.3983336834770164,7.216158820103117,11.266058806256174,14156605097.91,18520733097.91,58.5312617748404,34.590061030693825,62.31092110192655,88.85809485434699,4.98464638829637,4.98464638829637,45.25331347163716,70.29835039953086,81.51982278463684,116.25082758217891,0.0042712217782303,0.0112538987206417,1.5599639019422953,0.5449443882461067,16.564733032464254,0.8842660652723883,43.04712771890686,3.757367776932491,0.0,0.0,0.1092658111555264,0.0,0.465825807238827,0.2987592047290189,0.1658473176500483,0.6502217666612382,0.1092658111555264,4.994483475618183,0.0125206665117667,0.0139232688941379,-13.156208372478828,-35820000.0,-943905000.0,-5013024000.0,6765393000.0,43460000.0,143523000.0,0.0,10.14772716166424,129.1449781911667,0.0,8.868981060113553,0.6968912090935321,0.0,0.0212905302104687,0.1724636452817666,2008-11-03,0.14,bmo,382013333.0,2025-04-25,2008-09-30,0.0714285714285712,39.9490625,4563357.3125
2008-06-30,AMT,USD,1053507,2008-08-06,2008-08-06 17:04:28,2008,Q2,393728000.0,96874000.0,296854000.0,0.7539570465,0,41784000.0,0.0,41784000.0,100280000.0,142064000.0,238938000.0,979000.0,3584000.0,99697000.0,257513000.0,0.6540378129,154790000.0,0.3931394262,-59482000.0,95308000.0,0.2420655884,44535000.0,158786000.0,0.4032885647,0.4,0.38,396935003,421617003,https://www.sec.gov/Archives/edgar/data/1053507/000119312508168411/0001193125-08-168411-index.htm,https://www.sec.gov/Archives/edgar/data/1053507/000119312508168411/d10q.htm,0.9919205840357695,0.4000302286266248,0.4452895276660698,0.3125398341350107,0.4129542589117543,7.627777790108372,-2.01018805086333,7.619637918402475,11.146157347075787,16770503876.75,21039089876.75,26.4042545891168,42.59413574028263,94.88208766428478,135.18276835633333,5.54488290027016,5.54488290027016,53.43559481863114,81.70107869020205,119.0323668706259,169.59075494325236,0.0094681710917544,0.0073973925239055,1.46163482835681,0.5348369253551493,16.576196153203917,1.2864956836336283,43.18917410714285,1.1131396974544356,0.0,0.0,0.1061240247074122,0.0,0.4628428390643563,0.2981199540596658,0.133830969603381,0.528531450294392,0.1061240247074122,8.281420392504502,0.0103229675371485,0.0357634664250993,-12.705635587396156,79981000.0,-797914000.0,-4878657000.0,6916546000.0,38947000.0,143775000.0,0.0,9.32029218140442,128.22356875941946,0.0,9.65634963457105,0.7018990414224334,0.0,0.0524998999835014,0.132749693531059,2008-07-30,0.12,bmo,393700000.0,2025-04-25,2008-06-30,0.0,42.82796875,3565453.421875
2008-03-31,AMT,USD,1053507,2008-05-08,2008-05-08 17:02:56,2008,Q1,382184000.0,90558000.0,291626000.0,0.7630513051,0,48909000.0,0.0,48909000.0,97861000.0,146770000.0,237328000.0,963000.0,3541000.0,97072000.0,245629000.0,0.6426982815,144856000.0,0.3790216231,-61813000.0,83043000.0,0.2172853913,40801000.0,42155000.0,0.1103002742,0.11,0.1,397128003,421622003,https://www.sec.gov/Archives/edgar/data/1053507/000119312508107972/0001193125-08-107972-index.htm,https://www.sec.gov/Archives/edgar/data/1053507/000119312508107972/d10q.htm,0.962369808003693,0.1061496537175697,0.4592524289957966,0.346883118186959,0.3234095783469593,7.344090514815698,-2.372426504509177,7.335838767330643,11.176222695129358,15571388997.63,19884605997.63,92.34603841554976,40.7431734390503,85.37788267279666,113.03519238681156,5.344992064795297,5.344992064795297,52.02888137030855,80.9538205897105,109.0272395172221,144.3455214445001,0.0027072087150617,0.0088468023001009,1.522294386336714,0.5413485246441535,17.55988502986211,1.0825876035403543,40.90821801750918,4.3264618669197015,0.0,0.0,0.127972390262282,0.0,0.4710197849742201,0.2446787511925519,0.1167631298013522,0.4597103181143893,0.0425554183325309,4.185770748595963,0.0093420998575982,0.0097276444170405,-12.891077842224083,25315000.0,-942157000.0,-4943845000.0,6914404000.0,38718000.0,162498500.0,0.0,8.74133925020409,148.6116080302127,0.0,10.295905172413793,0.6056054516394375,0.0,0.0144700090997495,0.1123693108088376,2008-05-02,0.09,bmo,343979999.0,2025-04-25,2008-03-31,0.1111111111111112,38.522295081967215,4418365.901639344
2007-12-31,AMT,USD,1053507,2008-03-14,2008-03-14 14:01:23,2007,Q4,378112000.0,93520000.0,284592000.0,0.7526658768,0,46747000.0,0.0,46747000.0,137379000.0,184126000.0,277646000.0,0.0,0.0,129613000.0,230079000.0,0.6084943086,100466000.0,0.2657043416,-58843000.0,41623000.0,0.11008114,42095000.0,-5549000.0,-0.0146755459,-0.014,-0.0132,397128000,421622000,https://www.sec.gov/Archives/edgar/data/1053507/000119312508057075/0001193125-08-057075-index.htm,https://www.sec.gov/Archives/edgar/data/1053507/000119312508057075/d10k.htm,0.9521161942748936,-0.0139728248826574,0.3245250901472573,0.2051303358111238,0.1015969662174412,7.618284281138575,-2.138635402187708,7.609868858403336,10.790687133619388,16917652800.0,21169813800.0,-762.193764642278,44.74243821936358,131.2687409798414,207.67284288572725,5.59799397238734,5.59799397238734,55.98820931364252,92.01106489510124,164.26243268827884,259.87029448952285,-0.0003280005840999,0.0048152660988526,1.4179859514534965,0.527065575772678,18.481308594004663,0.7740738173408365,0.0,-23.225446026311047,0.0,0.0,0.1236326802640487,0.0,0.4765717351435473,0.3679060817206971,0.1253993525727826,0.0906721384205856,0.1444095929248476,,-0.000145782209501,-0.0013038949308352,-12.67711921597067,-71704000.0,-849312000.0,-4859349000.0,6848228000.0,43371000.0,189664000.0,0.0,9.596204299255248,168.85970915312234,0.0,9.378708205179086,0.532986823507956,0.0,-0.0018361452927309,0.1193947543361334,2008-02-25,0.08,bmo,3024800000.0,2025-04-25,2007-12-31,-1.1645,43.26234375,4375280.765625
2007-09-30,AMT,USD,1053507,2007-11-09,2007-11-08 17:47:22,2007,Q3,367585000.0,88777000.0,278808000.0,0.7584857924,0,49030000.0,0.0,49030000.0,131287000.0,180317000.0,269094000.0,2345000.0,3584000.0,131484000.0,229975000.0,0.6256376076,98491000.0,0.2679407484,-52757000.0,45734000.0,0.1244174817,-14483000.0,59628000.0,0.162215542,0.15,0.14,410071003,418012003,https://www.sec.gov/Archives/edgar/data/1053507/000119312507240592/0001193125-07-240592-index.htm,https://www.sec.gov/Archives/edgar/data/1053507/000119312507240592/d10q.htm,0.8963935448027766,0.1454089647006813,0.442940365622487,0.3469082157950095,0.2144848071591153,8.24030466743341,-1.2768983814249355,8.23200122735818,9.8287832363509,18096433362.39,22040613362.39,75.87221339970317,49.23060887247847,99.6296644537732,127.20944039583289,5.360786372739916,5.360786372739916,59.96058969324102,95.8391710507229,121.34429308120042,154.9351762119966,0.0032950139293152,0.0078610517968504,1.1929108141854812,0.4908813841221205,17.150472877486685,0.8437391083464771,27.480747767857142,3.046169584758838,0.0,0.0,0.1333841152386523,0.0,0.4757430969795834,0.2168060472260607,0.1071316838282302,0.2995041221745612,0.1333841152386523,5.189667856174425,0.0164849208949291,0.0138646906823967,-11.4652205730333,-52904000.0,-523619000.0,-4538670000.0,6920950000.0,45920500.0,204871000.0,0.0,11.367003550199271,206.6724489451097,0.0,7.91765390083143,0.4354716870070242,0.0,0.0176638657702613,0.0960321498274775,2007-11-07,0.07,bmo,183800000.0,2025-04-25,2007-09-30,1.0,41.13333333333333,3088327.1587301586
2007-06-30,AMT,USD,1053507,2007-08-07,2007-08-07 07:28:50,2007,Q2,358423000.0,90042000.0,268381000.0,0.7487828627,0,42063000.0,0.0,42063000.0,133022000.0,175085000.0,265127000.0,3224000.0,3584000.0,131637000.0,224933000.0,0.6275629633,93296000.0,0.2602957957,-66610000.0,26686000.0,0.0744539273,14566000.0,-19991000.0,-0.0557748805,-0.0479,-0.0465,417682003,429846003,https://www.sec.gov/Archives/edgar/data/1053507/000119312507172914/0001193125-07-172914-index.htm,https://www.sec.gov/Archives/edgar/data/1053507/000119312507172914/d10q.htm,0.8581241169732658,-0.0478617700940301,0.5046351015511674,0.4181075525056797,0.5474379991421369,8.715302488146706,-0.7413750120327784,8.707013885872406,9.530094596869668,17542644126.0,21306588126.0,-219.38177337301784,48.9439687910653,83.22845531533326,100.45262217412215,4.823697372086111,4.823697372086111,59.44537076582697,94.72415397473914,101.08592553267196,122.0057040129183,-0.0011395659546197,0.0099549417263257,1.0935452763900204,0.474346592850674,16.73362290104164,1.3105354870040216,26.03125,-10.54359461757791,0.0,0.0,0.1173557500495224,0.0,0.4711165468027482,0.1714655773637541,0.1008333728583266,0.2745504683333713,0.1173557500495224,,0.0052501421901484,-0.0045083596683691,-10.728615831695292,97837000.0,-309659000.0,-4330970000.0,7163609000.0,39574500.0,189732500.0,0.0,11.403704561370224,205.7819684147398,0.0,7.89217218980513,0.4373561041004867,0.0,-0.0054969213006181,0.0865275490454876,2007-08-02,0.05,bmo,358400000.0,2025-04-25,2007-06-30,-2.0,40.58952380952381,2502450.4285714286
2007-03-31,AMT,USD,1053507,2007-05-08,2007-05-08 13:00:02,2007,Q1,352474000.0,87283000.0,265191000.0,0.7523703876,0,48643000.0,0.0,48643000.0,130438000.0,179081000.0,266364000.0,3617000.0,3498000.0,130194000.0,216304000.0,0.6136736327,86110000.0,0.2443017074,-47313000.0,38797000.0,0.11007053,17631000.0,22228000.0,0.0630628075,0.05,0.05,421627003,439557003,https://www.sec.gov/Archives/edgar/data/1053507/000119312507105663/0001193125-07-105663-index.htm,https://www.sec.gov/Archives/edgar/data/1053507/000119312507105663/d10q.htm,0.8359853555205049,0.0527195835225003,0.406489619451627,0.3319094816135389,0.1458160875905758,9.4799905403592,0.0630035548268714,9.471684620730992,8.480087789823083,16422371766.85,19947156766.85,184.70365942561185,46.59172525306831,95.82040508819222,117.35127243322232,4.112256853944317,4.112256853944317,56.591852922059495,92.21815947393482,116.38663823306318,142.53874295672492,0.0013535194742618,0.0085214244316698,0.8944334293722979,0.4293237716937391,16.295514646053704,0.8475636430115109,24.6169239565466,7.710410293323736,0.0,0.0,0.1380045052968445,0.0,0.4772233167850814,0.1834736590289812,0.089212253953483,0.2064078664076038,0.047285757247343,3.3518984979234845,0.005861082949278,0.0051105241667003,-10.04705929615234,-46694000.0,26564000.0,-4063268000.0,7088918000.0,31551000.0,180610500.0,0.0,8.613571497472153,178.99052507361114,0.0,10.448627497480286,0.502819911629327,0.0,0.0055660197349805,0.0745801378380881,2007-05-07,0.06,bmo,423000000.0,2025-04-25,2007-03-31,-0.1666666666666666,39.17688524590164,2738182.721311476
2006-12-31,AMT,USD,1053507,2007-02-28,2007-02-28 17:07:06,2006,Q4,337646000.0,88626000.0,249020000.0,0.7375179922,0,44017000.0,0.0,44017000.0,129018000.0,173035000.0,261661000.0,0.0,0.0,130622000.0,206607000.0,0.6119041837,75985000.0,0.2250433886,-43908000.0,32077000.0,0.0950018659,13656000.0,18285000.0,0.054154351,0.043,0.042,421627000,439557000,https://www.sec.gov/Archives/edgar/data/1053507/000119312507042779/0001193125-07-042779-index.htm,https://www.sec.gov/Archives/edgar/data/1053507/000119312507042779/d10k.htm,0.8008168357339545,0.0433677160143918,0.3452554034727377,0.2588377879025774,0.721609384598235,10.408505622268024,0.8962044650840671,10.39998861552984,0.6022076385051242,15718254560.0,15690897560.0,214.90640634399784,46.55246785094448,107.97803488380082,144.02842916441406,3.58461930855688,3.58461930855688,46.471445122998645,75.94562410760525,107.79010338739704,143.7777533834862,0.0011632971033903,0.006943073709833,0.0579046440114246,0.0294787581739184,-0.1324108089270934,0.8532255204703412,0.0,7.9611156685808036,0.0,0.0,0.1303643460902839,0.0,0.465638108121946,0.2503005447588429,0.1079118366573275,0.0690009108968641,0.1169923529376921,3.185597971920209,0.0052589642940106,0.0039727752458623,-9.246172564849974,-83607000.0,377864000.0,-3738690000.0,7145160000.0,31436500.0,178608000.0,0.0,7.828080297115915,190.5429557917541,0.0,11.497071642604196,0.472334438321413,0.0,0.0041699772584013,0.0864176155701603,2007-02-20,0.03929,bmo,337600000.0,2025-04-25,2006-12-31,0.0180707559175363,37.04555555555555,2514115.9206349207
2006-09-30,AMT,USD,1053507,2006-11-29,2006-11-28 21:48:09,2006,Q3,333467000.0,87562000.0,245905000.0,0.7374192949,0,42384000.0,0.0,42384000.0,131514000.0,173898000.0,261460000.0,2292000.0,3584000.0,131357000.0,203364000.0,0.6098474512,72007000.0,0.2159344103,-54881000.0,17126000.0,0.0513574057,13350000.0,3472000.0,0.0104118249,0.01,0.008,425942003,435138003,https://www.sec.gov/Archives/edgar/data/1053507/000119312506243134/0001193125-06-243134-index.htm,https://www.sec.gov/Archives/edgar/data/1053507/000119312506243134/d10q.htm,0.7828929705249097,0.0081513444918462,0.4285278247142017,0.3496015864864119,0.4864558990205997,10.301031523298724,0.7628221629037134,10.292746357771154,8.374435897086205,15546883109.5,18903121109.5,1119.4472285066245,46.62195392497608,85.1753326037649,104.40456053656573,3.546186676643599,3.546186676643599,56.68663198907238,92.95215037813968,103.5628567096555,126.94326176549592,0.0002233245066259,0.0095781256571619,0.8128075165945768,0.4140775971358618,16.503599457131056,0.7228880676294521,20.091238839285715,52.57142857142857,0.0,0.0,0.1271010324859731,0.0,0.4720952202776522,0.184179961430575,0.1008135737569234,0.2559285001941274,0.1271010324859731,1.3739518659368075,0.0019116222641463,0.0007642516870988,-9.35751163756442,-153640000.0,324918000.0,-3817295000.0,7177416000.0,32143500.0,168121000.0,0.0,9.04272386772904,174.30369338297436,0.0,9.95275332039994,0.5163401776131901,0.0,0.0007919503899648,0.0789262382277899,2006-11-28,,bmo,,2025-04-25,2006-09-30,,34.29539682539683,2269761.9206349207
2006-06-30,AMT,USD,1053507,2006-11-29,2006-11-28 21:45:12,2006,Q2,325863000.0,85737000.0,240126000.0,0.7368924978,0,36610000.0,0.0,36610000.0,132744000.0,169354000.0,255091000.0,1371000.0,3584000.0,132811000.0,203583000.0,0.6247502785,70772000.0,0.2171832948,-49571000.0,21201000.0,0.065061084,12936000.0,7664000.0,0.0235190862,0.02,0.0176,423252003,435601003,https://www.sec.gov/Archives/edgar/data/1053507/000119312506243133/0001193125-06-243133-index.htm,https://www.sec.gov/Archives/edgar/data/1053507/000119312506243133/d10q.htm,0.7699030310318461,0.0181074157846336,0.3330049214203009,0.2652722236497012,0.2137119242410295,10.344303084136852,0.6258257447632208,10.335816414317122,1.4783887508265376,13171602333.36,13703295333.36,429.6582180767224,40.42067474171661,93.45207232154388,117.31345095932382,3.010889392045773,3.010889392045773,42.05232055606191,67.31060713988889,97.22441614360211,122.04899786563588,0.0005818578336964,0.0085241717111086,0.142216243338046,0.0722781787507287,2.61167680994975,0.516111790405503,19.746651785714285,16.956809432146294,0.0,0.0,0.1123478271543562,0.0,0.4778718385477888,0.2033984887722161,0.087975621656954,0.2158556143692917,0.1123478271543562,2.0520686681914,0.0033138086822281,0.001705267706337,-9.724434783123757,-270689000.0,264882000.0,-3940712000.0,7163498000.0,31999000.0,170835000.0,0.0,8.501670947606817,174.94663914062772,0.0,10.586154245987917,0.5144425777031081,0.0,0.0017519095791553,0.0677326977705998,2006-11-28,0.02571,bmo,500250000.0,2025-04-25,2006-06-30,-0.2220925709840528,31.75857142857143,4047554.222222222
2006-03-31,AMT,USD,1053507,2006-11-29,2006-11-28 21:40:04,2006,Q1,320409000.0,81612000.0,238797000.0,0.7452880537,0,34975000.0,0.0,34975000.0,134775000.0,169750000.0,251362000.0,1358000.0,3498000.0,133261000.0,200970000.0,0.6272295722,69047000.0,0.2154964436,-68587000.0,1798000.0,0.0056115777,3812000.0,-2585000.0,-0.0080678133,-0.0062,-0.0062,417379003,417379003,https://www.sec.gov/Archives/edgar/data/1053507/000119312506243129/0001193125-06-243129-index.htm,https://www.sec.gov/Archives/edgar/data/1053507/000119312506243129/d10qa.htm,0.767669187230293,-0.0061934116987672,0.3634490448960126,0.2954628745423497,0.205024688316676,10.593611485530335,0.6057204559473252,10.569839326584429,8.65651835389525,12654931370.96,16178909370.96,-1223.8811770754353,39.49617947985232,83.42297338730091,102.61864556406098,2.8685393470212475,2.8685393470212475,50.49455343314327,80.50410196029259,106.65350023046092,131.1945294433993,-0.0002042681958696,0.0097448177619508,0.8181900608596053,0.4164498781184554,17.534845996914964,0.3946631772768529,19.738993710691823,-58.68317214700193,0.0,0.0,0.1091573582514848,0.0,0.4809655270442272,0.1870583271806771,0.0885618069405041,0.1788963351973622,0.0279455321167632,,-0.0092418226658481,-0.0005746109539297,-9.908011592044558,-348809000.0,252815000.0,-4018467000.0,7206189000.0,35105500.0,176980500.0,15679500.0,9.330074997893318,192.9973533303926,0.0,9.64622471098266,0.4663276384206616,0.0,-0.000585951357197,0.0679861703536629,2006-04-26,,bmo,,2025-04-25,2006-03-31,,30.27241935483871,2925296.8225806453
2005-12-31,AMT,USD,1053507,2006-11-29,2006-11-28 21:36:22,2005,Q4,307625000.0,102410000.0,205215000.0,0.667094677,0,12674000.0,0.0,12674000.0,127747000.0,140421000.0,242831000.0,0.0,0.0,127747000.0,192541000.0,0.6258951646,64794000.0,0.2106265746,-97474000.0,-32680000.0,-0.1062332385,18833000.0,-87341000.0,-0.2839203576,-0.21,-0.21,413807002,417379000,https://www.sec.gov/Archives/edgar/data/1053507/000119312506243125/0001193125-06-243125-index.htm,https://www.sec.gov/Archives/edgar/data/1053507/000119312506243125/d10ka.htm,0.743402113819234,-0.2110669939799617,0.3310722132246568,0.2600028503142632,0.272351602208993,10.962535621859775,0.7648758925543749,10.938867583492462,8.732160119417216,11214169754.2,14714897754.2,-32.09881314102197,36.45402601934173,81.85525368029197,104.22962658772576,2.477404520454736,2.477404520454736,47.833881362698094,76.42474981536401,107.40801280437957,136.76699495496837,-0.0077884499623602,0.0095942011186074,0.7982691126634236,0.412105193528447,18.18172752816283,0.4983892889924451,0.0,-1.5685645916579842,0.0,0.0,0.041199512393336,0.0,0.4812679198286539,0.2146642335766423,0.0956001625355546,0.071510550657258,0.0076846810239739,,0.0120481220983189,-0.0192027582707338,-9.849324033429475,-227338000.0,316511000.0,-4005968000.0,7453051000.0,37274000.0,186555500.0,62418000.0,10.823405119869973,157.2657943560199,27.558929792012496,8.315312880118935,0.5722795625618186,3.265729136770943,-0.0192951411440867,0.0710693629103936,2006-02-24,-0.029,bmo,70984615.0,2025-04-25,2005-12-31,3.4827586206896552,25.57555555555556,3140893.6825396824
2005-09-30,AMT,USD,1053507,2005-11-09,2005-11-09 16:14:42,2005,Q3,264746000.0,90618000.0,174128000.0,0.6577172082,0,11887000.0,0.0,11887000.0,116752000.0,128639000.0,219257000.0,1351000.0,3609000.0,116752000.0,156154000.0,0.5898257197,45489000.0,0.1718212929,-63770000.0,-26597000.0,-0.1004623299,-6646000.0,-20870000.0,-0.0788302751,-0.0625,-0.0625,334141002,334141002,https://www.sec.gov/Archives/edgar/data/1053507/000119312505221558/0001193125-05-221558-index.htm,https://www.sec.gov/Archives/edgar/data/1053507/000119312505221558/d10q.htm,0.7923182082275554,-0.0624586622865277,0.2848946984363206,0.2169533208019768,0.3266854392206557,13.899311883909416,1.0596335016676584,13.881606783474002,10.904875421424636,8336817999.9,11867815999.9,-99.866051747724,31.4898733121558,87.57621723724985,115.0016967141655,1.7973423674342135,1.7973423674342135,44.82717774735029,76.00071724003227,124.66848048637009,163.70982025712826,-0.0025033531978568,0.0086955238798387,0.7847848424051842,0.414329420251799,22.612280184945632,0.7776057412663093,12.604322527015794,-4.561332055582176,0.0,0.0,0.0448996396546123,0.0,0.4883256907649159,0.2384789117075476,0.0857501152047623,0.1944463478141702,0.0,,0.0040263930965764,-0.0046425275993483,-11.843104337132502,-69663000.0,354067000.0,-3897751000.0,7624989000.0,30335500.0,156891500.0,68922000.0,12.766085228860872,192.8358604250811,92.83950208567836,7.0499294330679305,0.4667181705809641,0.9694149362944896,-0.0044993827631599,0.0679413776343437,2005-11-03,-0.02571,bmo,132350000.0,2025-04-25,2005-09-30,1.3337222870478411,22.9946875,3143565.625
2005-06-30,AMT,USD,1053507,2005-08-08,2005-08-08 14:29:28,2005,Q2,188060000.0,62719000.0,125341000.0,0.6664947357,0,6443000.0,0.0,6443000.0,86257000.0,92700000.0,155419000.0,808000.0,3584000.0,84784000.0,117425000.0,0.6244017867,32641000.0,0.1735669467,-66199000.0,-33558000.0,-0.1784430501,-3846000.0,-31818000.0,-0.1691906838,-0.14,-0.14,230793001,230793001,https://www.sec.gov/Archives/edgar/data/1053507/000119312505160509/0001193125-05-160509-index.htm,https://www.sec.gov/Archives/edgar/data/1053507/000119312505160509/d10q.htm,0.8148427343340451,-0.1378637994312488,0.3139349966682915,0.2244825439918778,0.370990453042378,6.205101514321918,-0.4277296086634793,6.179515816426339,13.36030116441876,4851268881.02,7845526881.02,-38.11733044990257,25.79638881750505,66.95653629916913,93.63757032600512,3.401560999993689,3.401560999993689,41.718211640008505,66.81308819263359,108.28286748861346,151.4317373626204,-0.0065586964524856,0.0106794740243519,2.159517427213364,0.6382293997736684,25.49932297210986,0.5749344227363904,9.107421875,-2.2771387265070087,0.0,0.0,0.0342603424439008,0.0,0.3172229391070201,0.2849394098324454,0.1097787940019142,0.2415636993353926,0.0,,0.0062265632325664,-0.009656882919172,-14.161716281855533,-115702000.0,-98717000.0,-3237073000.0,3607562000.0,26771000.0,120144500.0,43138500.0,11.063596724449644,171.65563864219774,63.66539645083627,8.134786746258326,0.5243055265291792,1.4136407690400523,-0.0223098060635722,0.0894524526764137,2005-07-28,-0.08,bmo,115753846.0,2025-04-25,2005-06-30,0.625,18.0046875,3405897.015625
2005-03-31,AMT,USD,1053507,2005-05-10,2005-05-09 19:17:50,2005,Q1,184355000.0,62382000.0,121973000.0,0.6616202436,0,6973000.0,0.0,6973000.0,84748000.0,91721000.0,154103000.0,699000.0,3498000.0,81971000.0,112223000.0,0.6087331507,30252000.0,0.1640964444,-64891000.0,-34639000.0,-0.187892924,-4338000.0,-31561000.0,-0.1711968756,-0.14,-0.14,230158001,230158001,https://www.sec.gov/Archives/edgar/data/1053507/000119312505101201/0001193125-05-101201-index.htm,https://www.sec.gov/Archives/edgar/data/1053507/000119312505101201/d10q.htm,0.8009932272569573,-0.1371275378777729,0.4021367912384675,0.3331363657438091,0.533533483374319,6.336086486952065,-0.4414836745127969,6.310147784086811,13.68921778217912,4195780358.23,7220168358.23,-33.23548333568328,22.75924362360663,45.33283299908163,54.72233557959674,2.888997314131558,2.888997314131558,39.16448351403542,64.33768798044963,78.00949012187347,94.1671017323995,-0.0075220810684461,0.0182740738202857,2.1669887924997813,0.6390353103616317,26.94980529837912,1.0025047468993658,8.648370497427102,-2.9325750134659865,0.0,0.0,0.0378237639337148,0.0,0.3167398322808585,0.1715844632920966,0.0861435816766564,0.0,0.0,,0.0055921682574681,-0.0093792310700662,-14.338102458580185,496000.0,-101611000.0,-3268079000.0,3791686000.0,34529000.0,121169000.0,46683500.0,14.852648422879769,174.08771761084927,60.46455708377416,6.059525374704181,0.5169807567997613,1.4884753042233356,-0.0217312720034207,0.0690004254946583,2005-05-04,-0.13,bmo,171228571.0,2025-04-25,2005-03-31,0.0769230769230769,18.33622950819672,1736795.0983606558
2004-12-31,AMT,USD,1053507,2005-03-30,2005-03-30 13:13:43,2004,Q4,128321000.0,19714000.0,108607000.0,0.8463696511,0,7077000.0,0.0,7077000.0,97469000.0,104546000.0,124260000.0,0.0,0.0,91695000.0,95756000.0,0.7462223642,4061000.0,0.0316471973,-101737000.0,-97676000.0,-0.7611848411,-23456000.0,-88268000.0,-0.6878687043,-0.39,-0.38,228500001,230158000,https://www.sec.gov/Archives/edgar/data/1053507/000119312505064722/0001193125-05-064722-index.htm,https://www.sec.gov/Archives/edgar/data/1053507/000119312505064722/d10k.htm,0.5615798662512916,-0.3862932149396358,0.2955667383126182,0.2361838064061978,0.9433566698321372,6.464043735387117,-0.4418030615238378,6.437431044037501,14.414065582432974,4204400018.4,7282457018.4,-11.908052800561924,32.764707400971,62.25328365784681,77.90542577823895,2.8582830439857694,2.8582830439857694,56.75187240124375,76.05222668448974,107.8291457778699,134.94027976578712,-0.0209941964641106,0.0128360764351194,2.239102133106904,0.6475879143652383,32.144795104223235,0.9302599298625848,0.0,-0.765135723025332,0.0,0.0,0.0551507547478588,0.0,0.3102624237805477,0.2009120926307061,0.1057426298111766,0.0,0.0,,0.0006307627564086,-0.0251620160399727,-14.61127783539922,-23168000.0,-100952000.0,-3299901000.0,3828174000.0,40169000.0,113252500.0,54054000.0,27.09657811270174,555.467180683778,234.91579588109977,3.3214526065123984,0.1620257742126372,0.3831159997667955,-0.0600073557754734,0.0593829319064204,2005-03-30,-0.17,bmo,104663333.0,2025-04-25,2004-12-31,0.764705882352941,17.383125,1970498.4375
2004-09-30,AMT,USD,1053507,2004-11-09,2004-11-08 20:10:02,2004,Q3,199188000.0,80185000.0,119003000.0,0.5974406089,0,6861000.0,0.0,6861000.0,87510000.0,94371000.0,174556000.0,1166000.0,3584000.0,78695000.0,109048000.0,0.5474626986,24632000.0,0.123662068,-116525000.0,-86280000.0,-0.433158624,-29076000.0,-55904000.0,-0.2806594775,-0.25,-0.25,224839001,224839001,https://www.sec.gov/Archives/edgar/data/1053507/000119312504189891/0001193125-04-189891-index.htm,https://www.sec.gov/Archives/edgar/data/1053507/000119312504189891/d10q.htm,0.8859139166874345,-0.2486401369484825,0.1946859744319892,0.1504498767987321,0.5641058688034288,7.26693764308266,0.028398098068404,7.214175444588459,14.329991619203112,3451278665.35,6542802665.35,-15.433952245590657,17.326739890706268,78.84491959312818,102.0273351272652,2.127755294822284,2.127755294822284,32.84737366382513,59.99929082009758,149.47119606492586,193.41953662311167,-0.0161980545243311,0.0098012949054548,1.984156253776137,0.6349805482324521,28.35012104761206,1.3938000011371972,6.872767857142857,-0.7830030051516886,0.0,0.0,0.0344448460750647,0.0,0.3211062825322378,0.2272176912708747,0.0499327268710966,0.1207302566094535,0.0,,0.0033333677824576,-0.0162467799384352,-14.446366002133232,69258000.0,6385000.0,-3189414000.0,4087967000.0,50981000.0,104559000.0,54409000.0,18.84330381348274,117.66502463054186,63.58533391532082,4.776232495683868,0.7648831951770911,1.4154207339676264,-0.0344654962799655,0.0442360976332571,2004-10-28,-0.15,bmo,164330100.0,2025-04-25,2004-09-30,0.6666666666666667,14.71515625,1799729.71875
2004-06-30,AMT,USD,1053507,2005-03-30,2005-03-30 06:28:17,2004,Q2,192972000.0,79734000.0,113238000.0,0.5868105217,0,6651000.0,0.0,6651000.0,87298000.0,93949000.0,173683000.0,1122000.0,3652000.0,81925000.0,98603000.0,0.5109705035,19289000.0,0.0999575068,-95290000.0,-77137000.0,-0.3997315673,-17194000.0,-60535000.0,-0.3136983604,-0.27,-0.27,223578001,223578001,https://www.sec.gov/Archives/edgar/data/1053507/000119312505064066/0001193125-05-064066-index.htm,https://www.sec.gov/Archives/edgar/data/1053507/000119312505064066/d10qa.htm,0.8631081731516153,-0.2707556187515962,0.3295225812489485,0.2944833557215676,0.8849528983846671,7.433003213943218,0.1139065555917552,7.380685902098212,14.627865824777636,3398385615.2,6467346615.2,-14.034796461551167,17.610770553240883,46.12733956619702,51.61582040097205,2.059429191490032,2.059429191490032,33.51443015152457,65.58975502976583,87.78329689171214,98.2282292709599,-0.0178128696547102,0.019373904981682,1.9796983199800744,0.6323357083543834,31.1244181211525,1.5852807989326,5.281763417305586,-1.217047988766829,0.0,0.0,0.0344661401654126,0.0,0.3167447694371374,0.1063333061867144,0.0405965632319714,0.0908584815940247,0.0,,0.0030130129654803,-0.0171493033334551,-14.470480036182092,115806000.0,25467000.0,-3190744000.0,4203116000.0,60974500.0,102581000.0,111356500.0,28.103662707543062,117.712017458048,58.88366318007374,3.2024295529224336,0.7645778395742436,1.5284375179711311,-0.0366843437511173,0.0350392255273809,2004-08-02,-0.16,bmo,149251779.0,2025-04-25,2004-06-30,0.6875000000000001,13.485645161290323,2047096.822580645
2004-03-31,AMT,USD,1053507,2004-05-10,2004-05-10 12:32:23,2004,Q1,186179000.0,76480000.0,109699000.0,0.589212532,0,6879000.0,0.0,6879000.0,81048000.0,87927000.0,164407000.0,1114000.0,3540000.0,77134000.0,95561000.0,0.5132748591,21772000.0,0.1169412232,-72760000.0,-53044000.0,-0.2849086095,-10450000.0,-42880000.0,-0.2303159862,-0.19,-0.19,220408001,220408001,https://www.sec.gov/Archives/edgar/data/1053507/000119312504083317/0001193125-04-083317-index.htm,https://www.sec.gov/Archives/edgar/data/1053507/000119312504083317/d10q.htm,0.8447016403909947,-0.1945482913753208,0.1438967726040036,0.0947515512379244,0.4477968111511524,7.703245763750655,0.2781568714467856,7.586162899776038,14.984873439326734,2501630811.35,5702178811.35,-14.585067696770055,13.43669700315288,78.87598724145542,119.7869570652174,1.496145040641703,1.496145040641703,30.62740057337293,59.67056447033832,179.78871267972002,273.0405483312584,-0.0171408186233762,0.0083481542940902,1.9731730670894607,0.6347254954395132,33.49219870030661,1.3144045410233027,6.150282485875707,-0.7396455223880597,0.0,0.0,0.0369483131824749,0.0,0.3148475060168413,0.3415310884096355,0.0581805681628969,0.0,0.0,,0.0034783730984721,-0.0120403407573677,-14.835277009748843,79982000.0,61308000.0,-3165679000.0,4200135000.0,59713000.0,104217000.0,194404500.0,29.821784411775766,118.70985878661088,200.6948221757322,3.0179280608192443,0.7581510155932473,0.4484420625520387,-0.0256451507759033,0.0491452213660791,2004-04-27,-0.16,bmo,142147368.0,2025-04-25,2004-03-31,0.1875,11.438387096774193,2671869.3387096776
2003-12-31,AMT,USD,1053507,2004-03-12,2004-03-12 14:29:33,2003,Q4,191521000.0,83522000.0,107999000.0,0.5639016087,1616000,6761000.0,0.0,6761000.0,88812000.0,95573000.0,179095000.0,0.0,0.0,76500000.0,88926000.0,0.4643146182,12426000.0,0.0648806136,-72466000.0,-60040000.0,-0.3134904266,-15684000.0,-51217000.0,-0.2674223714,-0.23,-0.23,219789001,220408000,https://www.sec.gov/Archives/edgar/data/1053507/000119312504040332/0001193125-04-040332-index.htm,https://www.sec.gov/Archives/edgar/data/1053507/000119312504040332/d10k.htm,0.8713857341751147,-0.2330280394695456,0.3474286686438872,0.2761148179567002,1.25347946779193,7.871849783784222,0.3657416869554814,7.787227714820907,15.292962726556096,2378116990.82,5633876990.82,-11.608045135501884,12.417003831538056,31.143083390998022,39.18659664870566,1.3894546809523782,1.3894546809523782,29.41649735966291,63.35466557384792,73.77950774374354,92.83498922042612,-0.0215367873816585,0.0255189295708595,1.963852000558559,0.6303295947407664,36.61201448395295,1.3960166633873627,0.0,-1.490930745650858,0.0,0.0,0.0353016118336892,0.0084377170127557,0.3093790365772975,0.205261848325716,0.0818395893922859,0.0,0.0,,0.0017946064096986,-0.0139073534618902,-14.442980474714474,116737000.0,80386000.0,-3190827000.0,4313022000.0,65085000.0,99795500.0,274793500.0,27.13096736128153,115.8991642920428,235.19156629391057,3.3172425738287,0.7765370919605419,0.3826667827345908,-0.0299243900401216,0.071313850687187,2004-02-18,-0.16,bmo,87120000.0,2025-04-25,2003-12-31,0.25,10.94484375,1587982.8125
2003-09-30,AMT,USD,1053507,2003-11-14,2003-11-14 14:09:21,2003,Q3,186874000.0,83032000.0,103842000.0,0.5556792277,0,6493000.0,0.0,6493000.0,85333000.0,91826000.0,174858000.0,1177000.0,3523000.0,77687000.0,89703000.0,0.4800186222,12016000.0,0.0643000096,-63307000.0,-51291000.0,-0.2744683584,-13593000.0,-52862000.0,-0.2828750923,-0.25,-0.25,213788001,213788001,https://www.sec.gov/Archives/edgar/data/1053507/000119312503081690/0001193125-03-081690-index.htm,https://www.sec.gov/Archives/edgar/data/1053507/000119312503081690/d10q.htm,0.8741089262535365,-0.2472636432013787,0.1376971572880743,0.0757526143855005,1.6364482494974075,8.301223603283516,0.5243839667128933,8.219231162557154,16.3438592608385,2169948210.15,5594415210.15,-10.262325537011463,11.6118251343151,73.71248760615532,133.98877493979623,1.2349086914891134,1.2349086914891134,29.93683021795434,62.3659767248587,190.04060092907125,345.44088979005863,-0.0243609500691013,0.0074633117621182,1.9864851098895784,0.6244018441205466,38.17561285575733,1.261029137326134,3.4107294919103035,-0.5568839620143013,0.0,0.0,0.0347453364298939,0.0,0.2974067434936936,0.4498607242339832,0.0708659310551494,0.1704661011494844,0.0,,0.0016682914070251,-0.0134587260980438,-15.18216052733474,125886000.0,112107000.0,-3207451000.0,4405889000.0,74187500.0,92228000.0,289705000.0,34.885270289071784,99.75744291357547,359.12852875999613,2.5798854145095604,0.9021883217071952,0.2506066569279617,-0.0300835489732655,0.0619445429025738,2003-10-30,-0.2,bmo,207666666.0,2025-04-25,2003-09-30,-0.1,10.12578125,1778629.734375
2003-06-30,AMT,USD,1053507,2003-08-14,2003-08-14 14:08:52,2003,Q2,178222000.0,78626000.0,99596000.0,0.5588311207,1003000,5962000.0,0.0,5962000.0,88806000.0,95771000.0,174397000.0,1930000.0,3528000.0,80770000.0,84595000.0,0.4746608163,3825000.0,0.0214619968,-102770000.0,-98945000.0,-0.555178373,-17985000.0,-107715000.0,-0.6043866638,-0.53,-0.53,202913001,202913001,https://www.sec.gov/Archives/edgar/data/1053507/000119312503037631/0001193125-03-037631-index.htm,https://www.sec.gov/Archives/edgar/data/1053507/000119312503037631/d10q.htm,0.8783173040745674,-0.5308432651883158,0.2145155795118322,0.1461611619454585,1.4808415356293507,8.3904086559737,0.0670780084712265,8.308023594801597,17.34912490895544,1795780058.85,5205018058.85,-4.167896901197605,10.076085213105005,41.25574478151994,60.54960074347562,1.0652352992277878,1.0652352992277878,29.205249962686988,61.52867260299072,119.578617415227,175.50131697518378,-0.0599822898517871,0.0165153855305602,2.0861445504405607,0.630680787023255,40.300703351261895,1.0424465276367407,1.0841836734693877,-0.404103421064847,0.0,0.0,0.0334526601654116,0.0056278125035068,0.3028758384664107,0.3186454695827972,0.0778242865639483,0.1717221740745326,0.0,,0.0005962338391418,-0.027709179027304,-16.717750874918064,23826000.0,13611000.0,-3288585000.0,4347313000.0,84779500.0,102644000.0,128676500.0,38.348800933667,105.7917228397731,283.9740035102892,2.346879115090861,0.8507281816017831,0.3169304192900848,-0.0638952524786363,0.0683544175663736,2003-07-24,-0.39,bmo,170917500.0,2025-04-25,2003-06-30,0.0256410256410256,7.625555555555556,1742050.825396825
2003-03-31,AMT,USD,1053507,2003-05-12,2003-05-12 16:49:57,2003,Q1,177161000.0,84328000.0,92833000.0,0.52400359,613000,6035000.0,0.0,6035000.0,84536000.0,91184000.0,175512000.0,926000.0,3502000.0,80840000.0,81715000.0,0.4612471142,1649000.0,0.0093079177,-101162000.0,-99940000.0,-0.5641196426,-19508000.0,-91623000.0,-0.5171736443,-0.47,-0.47,195703001,195703001,https://www.sec.gov/Archives/edgar/data/1053507/000092701603002557/0000927016-03-002557-index.htm,https://www.sec.gov/Archives/edgar/data/1053507/000092701603002557/d10q.htm,0.9052543859559926,-0.4681737098144959,0.0360699629741497,-0.060101275605886,1.627971969627589,8.820299081668145,0.0084311430666308,8.738450566734027,18.341129066283457,1080280565.52,4564781565.52,-2.947623864968403,6.097733505229706,153.0359208839779,-91.84497241285496,0.6316909339756196,0.6316909339756196,25.766289225732528,55.86222316000735,646.6612219181188,-388.0956950790682,-0.0848140778649449,-0.0108879122474431,2.0968516631084806,0.626590344016326,42.642122009423,0.9965998765512214,0.470873786407767,-0.0770439736747323,0.0,0.0,0.0340650594656837,0.003460129486738,0.3013349707324804,2.666241677291401,0.1062366999508921,0.0,0.0,,0.000248266352431,-0.0229149847388497,-18.412038811811577,-2253000.0,1650000.0,-3336368000.0,4417696000.0,90231500.0,113123000.0,9179500.0,47.55962090979392,120.45749928849256,9.890309268570345,1.892361593266324,0.7471514893767831,9.09981655336139,-0.0535762840607879,0.0961712385800358,2003-04-30,-0.29,bmo,114231707.0,2025-04-25,2003-03-31,0.4137931034482758,4.849180327868853,1592421.31147541
2002-12-31,AMT,USD,1053507,2003-03-24,2003-03-24 09:37:50,2002,Q4,10941000.0,-79488000.0,90429000.0,8.2651494379,1232000,5405000.0,0.0,5405000.0,-149751000.0,-143114000.0,-222602000.0,0.0,0.0,31866000.0,265409000.0,24.2582030893,233543000.0,21.345672242,-37312000.0,196231000.0,17.9353806782,2906000.0,-52444000.0,-4.7933461292,-0.27,-0.27,195604001,195703000,https://www.sec.gov/Archives/edgar/data/1053507/000092701603001267/0000927016-03-001267-index.htm,https://www.sec.gov/Archives/edgar/data/1053507/000092701603001267/d10k.htm,0.0559344386825707,-0.2681131251502365,0.3579170141821383,0.231943108362083,0.6507637847346487,8.9767591205867,0.0530970734080229,8.897174858913035,17.712720508206782,690482123.53,4027869123.53,-3.291521067853329,63.109599079608806,9.862621390229966,15.219249344927151,0.3967551561003331,0.3967551561003331,368.1445136212412,15.17608341665128,57.5327685120697,88.78020506358968,-0.0759527266714551,0.0657062629920915,1.990825266344236,0.6118959352040186,12.574505762803824,0.8000265555114622,0.0,-1.3349477537945236,0.0,0.0,0.4940133443012521,0.1126039667306462,0.3082729460600406,0.3519640051421225,2.252170733936569,0.0,0.0,,0.0437252401614587,-0.0133898469093489,-18.96352825625484,-134041000.0,10386000.0,-3370060000.0,4346348000.0,119771500.0,132130500.0,14618500.0,714.3734576364135,-128.37409420289856,-10.294384057971014,0.1259845239740223,-0.7010760275180807,-8.742630884293884,-0.0301346359267791,0.1259739058200553,2003-02-24,-0.29,bmo,202785185.0,2025-04-25,2002-12-31,-0.0689655172413791,2.25859375,2073957.796875
2002-09-30,AMT,USD,1053507,2002-11-14,2002-11-14 17:13:15,2002,Q3,266607000.0,177258000.0,89349000.0,0.3351337362,1185000,5641000.0,0.0,5641000.0,368247000.0,375073000.0,552331000.0,766000.0,3514000.0,97207000.0,-6743000.0,-0.0252919091,-285724000.0,-1.0717047939,-70049000.0,-355773000.0,-1.3344473326,-1836000.0,-353877000.0,-1.3273357414,-1.81,-1.81,195565001,195565001,https://www.sec.gov/Archives/edgar/data/1053507/000092701602005565/0000927016-02-005565-index.htm,https://www.sec.gov/Archives/edgar/data/1053507/000092701602005565/d10q.htm,1.363265403506428,-1.8095108950501837,0.0136374094871914,-0.1121059488553373,0.3316544354477824,9.235210752255206,0.0964947710659127,9.158509911494848,18.544437815844155,310948351.59000003,3869217351.59,-0.2196726204231979,1.1663172819543377,116.5910579640045,-14.183011840448824,0.1736090276000455,0.1736090276000455,14.512812310216912,-573.8124501838944,1450.7751599512562,-176.48318516648422,-1.1380571666982284,-0.0705068860725392,2.022869390827008,0.6322426329254586,-527.6982055464927,1.124020779815347,-81.31018782014797,-0.0075365169253723,0.0,0.0,0.0211584842108421,0.0044447445115844,0.3118719352025852,9.22047244094488,0.0922368880036908,0.2529756087524561,0.0,,-0.0519675667777203,-0.0897393762619231,-19.09880720426044,39009000.0,18871000.0,-3570970000.0,4816211000.0,159984500.0,161850500.0,22206000.0,51.547446241096445,76.6074873912602,10.228311275090546,1.745964282673757,1.1748198911725134,8.799106478034252,-0.1975769980637424,0.1257433583425287,2002-11-08,-0.37,bmo,35753038.0,2025-04-25,2002-09-30,3.891891891891892,2.1775,1254165.625
2002-06-30,AMT,USD,1053507,2002-08-14,2002-08-14 17:55:48,2002,Q2,257381000.0,172784000.0,84597000.0,0.3286839355,1030000,6474000.0,0.0,6474000.0,101231000.0,108735000.0,281519000.0,787000.0,3471000.0,96214000.0,46314000.0,0.1799433525,-24138000.0,-0.0937831464,-61521000.0,-120369000.0,-0.4676685536,-36111000.0,-101168000.0,-0.3930670873,-0.52,-0.52,195361001,195361001,https://www.sec.gov/Archives/edgar/data/1053507/000092701602004144/0000927016-02-004144-index.htm,https://www.sec.gov/Archives/edgar/data/1053507/000092701602004144/d10q.htm,1.3174635607031928,-0.5178515644481162,0.2071805518645965,-0.0385900971095044,0.1508540591476596,11.043089403498705,1.4352557499436644,10.968939496783188,18.572652583818407,601711883.08,4197141883.08,-1.486912568895303,2.3378255701858337,14.866260236689316,-79.81322232126277,0.2807928698032529,0.2807928698032529,16.307116232666747,90.62361020598524,103.6971434979617,-556.7239531874254,-0.1681336248208169,-0.0125292523082806,1.6915842667633578,0.5932433869967317,77.63160167551928,1.2460970447839588,-6.95419187554019,-0.0609758853367119,0.0,0.0,0.0251533718495149,0.0040018493983627,0.3071850691699766,1.1862631253860407,0.1865483466145519,0.4990334047020184,0.0,,-0.0028996879777299,-0.0238980618966606,-19.378811434325115,79653000.0,280393000.0,-3549603000.0,5194592000.0,160893500.0,171526500.0,36534500.0,58.49033145414774,90.01875173627188,12.640232891934438,1.5387158486279668,0.9997916907765304,7.120121976346479,-0.0472107230238606,0.245770648974101,2002-08-08,-0.39,bmo,119325000.0,2025-04-25,2002-06-30,0.3333333333333333,4.18484375,1604948.4375
2002-03-31,AMT,USD,1053507,2002-05-15,2002-05-15 16:26:56,2002,Q1,270347000.0,192183000.0,78164000.0,0.2891247175,2449000,6829000.0,0.0,6829000.0,89430000.0,98708000.0,290891000.0,0.0,0.0,93136000.0,69525000.0,0.2571694896,-20544000.0,-0.0759912261,-57799000.0,-100721000.0,-0.3725619297,-30015000.0,-71771000.0,-0.265477331,-0.37,-0.37,195288001,195288001,https://www.sec.gov/Archives/edgar/data/1053507/000092701602002916/0000927016-02-002916-index.htm,https://www.sec.gov/Archives/edgar/data/1053507/000092701602002916/d10q.txt,1.3843502858119787,-0.367513619026701,-0.040980500384148,-0.4672790930969691,0.1513866691686807,14.415453000617278,1.7238693533454723,14.34331851243641,18.4839518122775,1036979285.31,4617109285.309999,-3.612111038267545,3.835734390653493,-129.5738204810696,-11.3636584183707,0.3702072149758057,0.3702072149758057,17.078455782050472,66.40933887536856,-576.9223147957016,-50.59624000383544,-0.0692116043364785,-0.0879998292084687,1.288680286661064,0.5360817301373422,51.49413879899317,1.4444436884451173,0.0,0.1115074333644508,0.0,0.0,0.0252601286494764,0.0090587282270563,0.3680882848489717,-10.402474072222915,0.3079412754718935,0.0,0.0,,-0.0022304163963573,-0.0168675967335086,-19.194519022190207,130642000.0,336651000.0,-3493725000.0,5889677000.0,191791000.0,192386000.0,49067000.0,51.439557309679785,79.72073492452506,22.8541546338646,1.7496262547163095,1.1289409221478797,3.938014835457563,-0.0256226352854151,0.4262985927128211,2002-04-30,-0.4,bmo,181777777.0,2025-04-25,2002-03-31,-0.1,5.8935,2964600.083333333
2001-12-31,AMT,USD,1053507,2002-04-01,2002-04-01 00:00:00,2001,Q4,312559000.0,232643000.0,79916000.0,0.2556829271,1592000,7591000.0,0.0,7591000.0,122518000.0,131701000.0,364344000.0,0.0,0.0,122518000.0,70733000.0,0.226302874,-51785000.0,-0.1656807195,-141893000.0,-193678000.0,-0.6196526096,-43969000.0,-149709000.0,-0.4789783689,-0.77,-0.77,195204001,195288000,https://www.sec.gov/Archives/edgar/data/1053507/000092701602001828/0000927016-02-001828-index.htm,https://www.sec.gov/Archives/edgar/data/1053507/000092701602001828/d10k.txt,1.6011915657404994,-0.76693612442913,0.2412245638346316,-0.4057447572501344,0.1842072898905386,14.76984582913339,1.9222044531761413,14.698448726980756,18.2473718866039,1848581889.47,5374583889.47,-3.086958515303021,5.914345417889103,39.25802517562861,-23.339796339406337,0.6442856777543257,0.6442856777543257,17.19542195063972,75.98410769329733,114.13914138357968,-67.85833730376375,-0.0809858631920939,-0.042845275316804,1.241448823991111,0.521537989168814,49.84946206155543,1.523739911413015,0.0,-0.3145301885658176,0.0,0.0,0.024286614687147,0.0050934383588378,0.3672053756792186,2.6820208970438326,0.4040549144321552,0.0,0.0,,-0.0061586478108421,-0.0346403314165447,-19.02710616059555,179493000.0,375222000.0,-3424383000.0,5974977000.0,250640500.0,192935000.0,49873000.0,65.95826707917544,82.99630764733949,19.08452005863061,1.36449915962718,1.0843855895664658,4.71586394226871,-0.0521780317552373,0.6469693210847661,2002-02-26,-0.63,bmo,243101444.0,2025-04-25,2001-12-31,0.2222222222222222,10.2121875,2900047.015625
2001-09-30,AMT,USD,1053507,2001-11-14,2001-11-14 00:00:00,2001,Q3,296196000.0,219567000.0,76629000.0,0.2587104485,1736000,7353000.0,0.0,7353000.0,118898000.0,127987000.0,347554000.0,0.0,0.0,118898000.0,64137000.0,0.2165356723,-51358000.0,-0.1733919432,-96700000.0,-148031000.0,-0.4997737984,-23093000.0,-124938000.0,-0.4218085322,-0.65,-0.65,193135001,193135001,https://www.sec.gov/Archives/edgar/data/1053507/000092701601503809/0000927016-01-503809-index.htm,https://www.sec.gov/Archives/edgar/data/1053507/000092701601503809/d10q.txt,1.5336215521079992,-0.646894655826781,0.0718512953537613,-0.6552670377960129,1.429538916149124,15.64415556142514,2.6277525946734017,15.616138889294334,18.371537948214783,2588009013.4,5860102013.4,-5.178586605756456,8.737488059933288,186.4962897888593,-20.44967811149303,0.8580866304401525,0.8580866304401525,19.7845413624762,91.36850824641002,422.2888241983137,-46.30478458693848,-0.0482757205840881,-0.0489005252086576,1.1764456040288818,0.5128542869569152,51.01724433634252,2.435547132064545,0.0,-0.1110710912612655,0.0,0.0,0.0248247781874164,0.0058609839430647,0.3633619613705785,10.11976652014124,0.4741184891085632,0.0,0.0,,-0.0065410631825088,-0.0283654354802017,-17.560835593958444,436280000.0,507511000.0,-3156883000.0,6127854000.0,263057500.0,162881000.0,55907500.0,82.71360855649638,70.2281763653008,20.66458074300783,1.0880918094454404,1.281536908090188,4.355278295711509,-0.0414247504080705,0.7271183331497744,2001-11-06,-0.49,bmo,206327692.0,2025-04-25,2001-09-30,0.326530612244898,15.74322033898305,1532327.1355932204
2001-06-30,AMT,USD,1053507,2001-08-14,2001-08-14 00:00:00,2001,Q2,262968000.0,197431000.0,65537000.0,0.2492204375,2557000,6407000.0,0.0,6407000.0,103956000.0,112920000.0,310351000.0,0.0,0.0,103956000.0,55151000.0,0.2097251377,-47383000.0,-0.1801854218,-84034000.0,-131576000.0,-0.5003498525,-27636000.0,-103940000.0,-0.3952572176,-0.54,-0.54,190755001,190755001,https://www.sec.gov/Archives/edgar/data/1053507/000092701601502472/0000927016-01-502472-index.htm,https://www.sec.gov/Archives/edgar/data/1053507/000092701601502472/d10q.txt,1.3785641195325726,-0.5448874181809786,0.0136929568625044,-0.8139498266679781,2.912453131438478,16.084810274515423,2.634924365626462,16.05327768051544,18.822510451508425,3942905870.670001,7092551870.67,-9.483610425894748,14.99386187927809,1509.535172538285,-25.39468567075645,1.2875875202163904,1.2875875202163904,26.971159497239206,128.6024164687857,2715.372079123277,-45.68030058718964,-0.0263612684170768,-0.0393783176907584,1.172502639405168,0.5127512032306647,57.10949937444471,3.421261428297424,0.0,-0.0251298826245911,0.0,0.0,0.0243641811931489,0.0097236165617109,0.366393484060746,60.442955589586525,0.600365823978583,0.0,0.0,,-0.0055862637992949,-0.0234269788911515,-16.552385171804747,757419000.0,502625000.0,-2863901000.0,6235207000.0,260928500.0,157665500.0,56958000.0,86.89616227069453,70.39821507260764,27.989981309926,1.0357189276050711,1.2784415046201865,3.215436230680282,-0.0339424402309026,0.8276427835304826,2001-08-02,-0.54,bmo,246700000.0,2025-04-25,2001-06-30,-0.0,22.91,1269287.3015873015
2001-03-31,AMT,USD,1053507,2001-05-15,2001-05-15 00:00:00,2001,Q1,262468000.0,198401000.0,64067000.0,0.2440945182,2745000,5127000.0,0.0,5127000.0,94999000.0,102871000.0,301272000.0,0.0,0.0,94999000.0,56195000.0,0.2141022906,-38804000.0,-0.1478427846,-54792000.0,-93596000.0,-0.3565996617,-22089000.0,-71507000.0,-0.2724408309,-0.38,-0.38,187179001,187179001,https://www.sec.gov/Archives/edgar/data/1053507/000092701601501079/0000927016-01-501079-index.htm,https://www.sec.gov/Archives/edgar/data/1053507/000092701601501079/d10q.txt,1.4022299435180765,-0.3820246909000225,-0.2003803834811577,-0.9673360741999044,5.952980804721786,16.959899257075318,3.2705057550766607,16.870802724286364,19.0336788900802,3462811518.5,6033580518.5,-12.106547325786286,13.19327125020955,-92.32440660410056,-19.12468736917681,1.0965690431178077,1.0965690431178077,22.987870972842405,107.36863632885488,-160.86545227557522,-33.322732270179216,-0.0206499832918931,-0.052288436443238,1.1282023268922623,0.5034334659636385,45.74729068422457,5.3236161237858886,0.0,0.5245220747619114,0.0,0.0,0.0195338098358657,0.0104584177880732,0.3620791785682088,-3.827498866878183,0.5469542953807702,0.0,0.0,,-0.0043748350376393,-0.0158395923132999,-13.68090430186664,1334536000.0,612170000.0,-2259079000.0,6327952000.0,252810500.0,161118500.0,50193500.0,91.88251520185318,72.98854340451913,23.822208557416545,0.9795117145224252,1.2330702299564946,3.777987241740455,-0.0226441324187899,0.7669556907187468,2001-05-03,-0.39,bmo,255860526.0,2025-04-25,2001-03-31,-0.0256410256410256,30.85677419354839,1458762.9193548388
2000-12-31,AMT,USD,1053507,2001-04-02,2001-04-02 00:00:00,2000,Q4,243753000.0,179571000.0,64182000.0,0.2633075285,4022000,5001000.0,0.0,5001000.0,85096000.0,94119000.0,273690000.0,0.0,0.0,85096000.0,55159000.0,0.2262905482,-29937000.0,-0.1228169499,-41154000.0,-71091000.0,-0.2916517951,-16620000.0,-54471000.0,-0.2234680189,-0.3,-0.29,179128001,187179000,https://www.sec.gov/Archives/edgar/data/1053507/000092701601001627/0000927016-01-001627-index.htm,https://www.sec.gov/Archives/edgar/data/1053507/000092701601001627/0000927016-01-001627-0001.txt,1.3607755272164288,-0.3040898111736311,0.0711223255374797,-1.0611964569403085,0.4579853487004525,16.152561206776376,2.1643461537875366,16.06130802520372,13.77910201766836,6785368677.88,9171553677.88,-31.14211542784233,27.837067350473635,532.6035068979593,-35.69555830333,2.35846295585378,2.35846295585378,37.62642378916362,166.27483598107293,719.9021725180535,-48.24848060329318,-0.0080277141281317,-0.0280146899931443,0.8579065911721463,0.4360294939882653,43.26012074185537,1.5821831785241751,0.0,-0.2338859209487617,0.0,0.0,0.0205166705640545,0.0165003097397775,0.4426467213562189,15.92072213500785,0.8321128355343319,0.0,0.0,,-0.0042683065460347,-0.0172649871727335,-13.862052477211533,173366000.0,387695000.0,-2296151000.0,4975717000.0,215195000.0,103999500.0,40499500.0,87.75141229031028,80.86121923918674,23.993183754615167,1.025624518751341,1.113018092564012,3.751065340909091,-0.0189330663913827,1.132318782477788,2001-02-28,-0.34,bmo,272429823.0,2025-04-25,2000-12-31,-0.1176470588235295,36.212698412698415,854900.0
2000-09-30,AMT,USD,1053507,2000-11-13,2000-11-13 00:00:00,2000,Q3,208958000.0,145136000.0,63822000.0,0.3054297993,5311000,3442000.0,0.0,3442000.0,75973000.0,84726000.0,229862000.0,0.0,0.0,75973000.0,55069000.0,0.2635409987,-20904000.0,-0.1000392423,-31445000.0,-53349000.0,-0.2553096795,-12822000.0,-39527000.0,-0.1891624154,-0.22,-0.22,178056001,178056001,https://www.sec.gov/Archives/edgar/data/1053507/000092701600003903/0000927016-00-003903-index.htm,https://www.sec.gov/Archives/edgar/data/1053507/000092701600003903/0000927016-00-003903-0001.txt,1.1735521343085764,-0.2219919563396237,0.0276710696203943,-0.8148166823088429,1.159579002338708,16.112071392640118,3.351013145577722,15.93146529220321,11.003431442897565,6710930677.69,8463687677.69,-42.44523159922331,32.116170128399006,1362.0723924680333,-46.25580307610127,2.3657585356222897,2.3657585356222897,40.5042529010136,153.69241638108554,1717.8176735721534,-58.33686701880992,-0.0058899431238955,-0.0216189090556869,0.6906729067967524,0.3805415650274846,31.82837894278088,2.120917199913919,0.0,-0.1246489741189566,0.0,0.0,0.0164722097263564,0.0254165908938638,0.441327153437986,30.446519180028417,0.7178954622460015,0.0,0.0,,-0.0032219467448889,-0.0137421167177732,-10.738718376585354,255225000.0,596668000.0,-1796754000.0,4530308000.0,172923000.0,42738000.0,30145000.0,83.00916930675064,28.9354812038364,20.542318928453312,1.084217572005998,3.1103681796751106,4.381199625682978,-0.0139341832196857,0.8424877519292372,2000-10-27,-0.25,bmo,237499999.0,2025-04-25,2000-09-30,-0.12,40.89238095238096,1103028.5714285714
2000-06-30,AMT,USD,1053507,2000-08-14,2000-08-14 00:00:00,2000,Q2,167047000.0,119659000.0,47388000.0,0.2836806408,4196000,3084000.0,0.0,3084000.0,67093000.0,74373000.0,194032000.0,0.0,0.0,67093000.0,40108000.0,0.2401000916,-26985000.0,-0.1615413626,-48421000.0,-75406000.0,-0.4514058918,-16774000.0,-58632000.0,-0.3509910385,-0.36,-0.36,161021001,161021001,https://www.sec.gov/Archives/edgar/data/1053507/000092701600003012/0000927016-00-003012-index.htm,https://www.sec.gov/Archives/edgar/data/1053507/000092701600003012/0000927016-00-003012-0001.txt,1.037423683634907,-0.3641264160319063,-0.188043794361954,-0.7680550936334075,3.2216791398533164,17.79478442069802,4.080498791583093,17.68758722348273,12.142124243781096,6712965531.69,8149344531.69,-28.62330097766577,40.18608853610061,-221.7036735589022,-54.27996031219425,2.3570201787980856,2.3570201787980856,48.78474041251863,203.1850137551112,-269.1417989923709,-65.89429003654799,-0.0087341428647614,-0.0184230053641978,0.6864771373486565,0.3842383691039757,35.812780492669795,3.605394688127205,0.0,0.5164244781006959,1.2066202279398283e-05,-0.0013814981580024,0.0184618700126311,0.0251186791741246,0.4339895258653896,-3.08444796723802,0.5590881608170156,0.0,0.0,,-0.0042919147663384,-0.0203579374845489,-9.78649517897358,534825000.0,657046000.0,-1482909000.0,4517189000.0,128015500.0,35751500.0,26236000.0,82.49600411860135,29.19345807670129,20.430306119890687,1.0909619315695636,3.082882465089916,4.405220336487133,-0.0205865509767481,0.5800112992714535,2000-08-08,-0.31,bmo,143805555.0,2025-04-25,2000-06-30,0.1612903225806451,42.67460317460318,812607.9365079365
2000-03-31,AMT,USD,1053507,2000-05-15,2000-05-15 00:00:00,2000,Q1,115517000.0,79708000.0,35809000.0,0.3099890059,988000,3431000.0,0.0,3431000.0,55198000.0,59617000.0,139325000.0,0.0,0.0,55198000.0,31390000.0,0.2717348962,-23808000.0,-0.2060995351,-27292000.0,-51100000.0,-0.4423591333,-13440000.0,-41998000.0,-0.3635655358,-0.27,-0.27,156515001,156515001,https://www.sec.gov/Archives/edgar/data/1053507/000092701600001893/0000927016-00-001893-index.html,https://www.sec.gov/Archives/edgar/data/1053507/000092701600001893/,0.738057050518755,-0.268332107029153,-0.0794109185738688,-0.7359422372555842,0.8991662083559645,14.00260668943803,1.5737341368320343,13.90552334341422,12.034673916016525,7728710749.38,9471584749.38,-46.00642143304444,66.90539703576097,-621.8288478059378,-67.09765726199365,3.5511069077013064,3.5511069077013064,81.99299453223335,301.7389216113412,-762.0552537919383,-82.2286106764711,-0.0054340240386624,-0.0149036500051758,0.8654599772195019,0.4426662812504406,55.5232239566741,1.6997681477582016,0.0,0.2959426639363779,1.048040256992382e-05,-0.0019286632696795,0.0297012560921769,0.0085528536925301,0.4571659216853029,-8.267519510821465,0.8895400676956638,0.0,0.0,,-0.0042990145299241,-0.0181822511131747,-11.711021233038233,124952000.0,246313000.0,-1760008000.0,3739111000.0,87378500.0,29126500.0,18285500.0,80.17936753897695,36.9098459376725,28.576930797410547,1.1224832866915422,2.4383737648750343,3.149393496384685,-0.0192968003003092,0.6565313186817153,2000-05-09,-0.27,bmo,129937500.0,2025-04-25,2000-03-31,-0.1111111111111112,43.56888888888889,1188507.9365079366
1999-12-31,AMT,USD,1053507,2000-03-29,2000-03-29 00:00:00,1999,Q4,88981000.0,56332000.0,32649000.0,0.3669210281,0,2741000.0,0.0,2741000.0,41227000.0,43968000.0,100300000.0,0.0,0.0,39620000.0,28301000.0,0.3180566638,-11319000.0,-0.1272069318,-4406000.0,-15725000.0,-0.1767231207,1156000.0,-18253000.0,-0.2051336802,-0.12,-0.12,156232001,156515000,https://www.sec.gov/Archives/edgar/data/1053507/000092701600001049/0000927016-00-001049-index.html,https://www.sec.gov/Archives/edgar/data/1053507/000092701600001049/,0.5695440078246198,-0.1168326583745157,0.2589098247547888,-0.511598132830674,0.1613753894120577,13.785498401188628,4.799522474272092,13.730112821124273,4.74180702582181,4774449950.559999,5490059950.559999,-65.39267449953432,53.656959919083846,118.03337331421508,-59.73438532879591,2.225764667642231,2.225764667642231,61.699238607792665,193.9881965499452,135.72459704721877,-68.68756819337403,-0.0038230581928833,-0.0167407765978623,0.3453581982608598,0.2453974439408705,25.285678951273805,1.1153719986878636,0.0,-2.216074070015888,0.0,0.0,0.0308043290140591,0.0,0.4650411777137508,2.9759703337453645,1.352850608556883,0.0,0.0,,-0.0041920363551073,-0.0113023841324508,-4.995156210026395,14420000.0,749839000.0,-725723000.0,2510663000.0,60032500.0,20530500.0,9192500.0,72.66776053314753,40.84286018603991,17.992970247816515,1.2385134664903612,2.2035675168205286,5.001953471852247,-0.0085092278480599,0.7705079575854629,2000-03-02,-0.13,bmo,105181818.0,2025-04-25,1999-12-31,-0.1538461538461538,24.02140625,1056765.625
1999-09-30,AMT,USD,1053507,1999-11-15,1999-11-15 00:00:00,1999,Q3,67539000.0,40505000.0,27034000.0,0.4002724352,0,2255000.0,0.0,2255000.0,35111000.0,37366000.0,77871000.0,0.0,0.0,35111000.0,24779000.0,0.3668843187,-10332000.0,-0.1529782792,-2954000.0,-13286000.0,-0.1967159715,-195000.0,-13091000.0,-0.1938287508,-0.0841,-0.0841,155625001,155625001,https://www.sec.gov/Archives/edgar/data/1053507/000092701699003758/0000927016-99-003758-index.html,https://www.sec.gov/Archives/edgar/data/1053507/000092701699003758/,0.4339855393800126,-0.0841188749614851,0.1973783119847176,-0.2005076292336859,0.2680224882376065,13.902926818294446,5.704970244466055,13.86495734062678,2.4330280968158835,3054918769.63,3391847769.63,-58.34005747517378,45.23192184708094,99.45368263925512,-97.90151165331366,1.4157995237735512,1.4157995237735512,50.22058025185448,136.8839650361193,110.42249469772436,-108.69913375304446,-0.0042852203240695,-0.0102143468789447,0.1754803882220885,0.1444883112680581,13.59736066830784,1.5412653592748746,0.0,-2.346421205408296,0.0,0.0,0.0333881164956543,0.0,0.4868455496882725,2.01585441286584,0.916818430832556,0.0,0.0,,-0.0039991154189117,-0.0097348877227085,-2.4127068118059,41980000.0,887836000.0,-337376000.0,2210032000.0,47907000.0,11786000.0,5378500.0,64.25620752454137,34.43352672509567,15.826934946302924,1.4006428867689755,2.613731690004517,5.686508493612242,-0.0060670128940824,0.3978859412184036,1999-11-04,-0.11,bmo,92812500.0,2025-04-25,1999-09-30,-0.2727272727272727,22.99421875,561750.0
1999-06-30,AMT,USD,1053507,1999-08-16,1999-08-16 00:00:00,1999,Q2,59153000.0,33850000.0,25303000.0,0.4277551434,0,2300000.0,0.0,2300000.0,33139000.0,35439000.0,69289000.0,0.0,0.0,33139000.0,23003000.0,0.3888729228,-10136000.0,-0.171352256,332000.0,-9804000.0,-0.165739692,79000.0,-9883000.0,-0.1670752117,-0.0635,-0.0635,155604001,155604001,https://www.sec.gov/Archives/edgar/data/1053507/000092701699003014/0000927016-99-003014-index.html,https://www.sec.gov/Archives/edgar/data/1053507/000092701699003014/,0.3801508934207932,-0.0635137910110679,0.111025422797451,-0.3167463540992111,2.2699994712860887,13.930117388176928,6.132284477697974,13.893813694417794,1.8259234863761635,3734496024.0,3665396024.0,-94.46767236669028,63.13282545263976,216.1667066450567,-75.77040647635279,1.72738749258187,1.72738749258187,61.96466830084696,159.34426048776243,212.16693818013428,-74.36841406456064,-0.0026464079587944,-0.0131977647541337,0.1314198913657361,0.1128101752736467,-3.003956005738382,6.259768321229218,0.0,-1.7480522108671457,0.0,0.0,0.0388822206819603,0.0,0.4817698572526697,3.8529173419773097,1.1252683718492722,0.0,0.0,,-0.0041632611026261,-0.0075720080110205,0.2553886773129953,350532000.0,954208000.0,66182000.0,2289752000.0,44020000.0,8515000.0,3792000.0,72.41323347928254,21.469719350073856,9.662038404726736,1.2428667479094004,4.191950464396285,9.314804623004951,-0.0045713720082907,0.4277717768966622,1999-08-16,-0.09,bmo,88800000.0,2025-04-25,1999-06-30,-0.3333333333333333,23.809047619047615,411212.6984126984
1999-03-31,AMT,USD,1053507,1999-05-17,1999-05-17 00:00:00,1999,Q1,42408000.0,25170000.0,17238000.0,0.4064799095,0,1840000.0,0.0,1840000.0,24669000.0,26509000.0,51679000.0,0.0,0.0,24669000.0,15398000.0,0.3630918695,-9271000.0,-0.2186144124,-1055000.0,-10326000.0,-0.243491794,-826000.0,-9500000.0,-0.2240143369,-0.0724,-0.0724,131269001,131269001,https://www.sec.gov/Archives/edgar/data/1053507/000092701699002038/0000927016-99-002038-index.html,https://www.sec.gov/Archives/edgar/data/1053507/,0.3230618019253456,-0.0723704753416993,0.0652705508134399,-0.2804317829766983,3.6814708447426976,16.505260065169537,7.330100729569809,16.474384535005335,2.192985379693717,3216090524.5,3020698524.5,-84.63396117105263,75.83688276976042,375.3607054738562,-87.36527557589916,1.4871572256882537,1.4871572256882537,71.22945020986606,196.17473207559425,352.5558501984127,-82.05744117407367,-0.0029538969527224,-0.0114461952235387,0.1331148593159269,0.1138488382807924,-12.689440187037276,8.143811851315473,0.0,-0.9018947368421052,0.0,0.0,0.0433880399924542,0.0,0.4763284065054219,5.296451914098973,1.0700811167704207,0.0,0.0,,-0.0034605940175969,-0.0071745600673049,1.1706076745415317,473549000.0,962215000.0,177929000.0,2320601000.0,28648000.0,7825500.0,1975000.0,85.83616298811545,32.020262216924905,14.123957091775925,1.0485091232754784,2.8107202680067003,6.372151898734177,-0.0043929091971796,0.3457023337901383,1999-05-10,-0.11,bmo,66628571.0,2025-04-25,1999-03-31,-0.3636363636363636,25.78344262295082,552891.8032786886
1998-12-31,AMT,USD,1053507,1999-03-19,1999-03-19 00:00:00,1998,Q4,32059000.0,19225000.0,12834000.0,0.4003244019,0,2069000.0,0.0,2069000.0,19066000.0,21135000.0,40360000.0,0.0,0.0,19066000.0,10765000.0,0.3357871425,-8301000.0,-0.2589288499,-3304000.0,-11605000.0,-0.3619888331,443000.0,-12048000.0,-0.3758071056,-0.0918,-0.0918,131269000,131269000,https://www.sec.gov/Archives/edgar/data/1053507/000092701699001025/0000927016-99-001025-index.html,https://www.sec.gov/Archives/edgar/data/1053507/,0.2442236933320128,-0.0917809993220029,0.1184666600644478,-0.2636799244299873,1.418270878882295,8.348216258217859,2.873961102773693,8.316860797294106,2.141625212350212,3880311640.0,3975265640.0,-80.51775481407702,121.03657756012352,249.52167963475017,-112.1056146534539,3.5542256532197047,3.5542256532197047,123.9984291462616,369.2768824895495,255.6276535271044,-114.848919192211,-0.0031049052544655,-0.008920159825101,0.2575040348212862,0.1871270408954546,8.820622387366466,1.7951744713970683,0.0,-1.2907536520584328,0.0,0.0,0.0645372594279297,0.0,0.4783195315583725,3.225773262169636,1.5647400106054463,0.0,0.0,,-0.0062072342499165,-0.015372386101056,-1.5820071761040306,91950000.0,377262000.0,-198896000.0,1260026000.0,17088500.0,6641500.0,0.0,47.30340933903116,31.34668400520156,0.0,1.902611275964392,2.8711170848267624,0.0,-0.0110355339062382,0.3821465844944351,1999-03-04,-0.07,bmo,20363636.0,2025-04-25,1998-12-31,0.5714285714285713,22.33546875,306971.875
1998-09-30,AMT,USD,1053507,1998-11-16,1998-11-16 00:00:00,1998,Q3,30478000.0,16692000.0,13786000.0,0.4523262681,0,1720000.0,0.0,1720000.0,17243000.0,18963000.0,35655000.0,0.0,0.0,17243000.0,12066000.0,0.3958921189,-5177000.0,-0.169860227,-2736000.0,-7913000.0,-0.259629897,-1955000.0,-13468000.0,-0.4418925126,-0.13,-0.13,104621000,104621000,https://www.sec.gov/Archives/edgar/data/1053507/000092701698004063/0000927016-98-004063-index.html,https://www.sec.gov/Archives/edgar/data/1053507/,0.291318186597337,-0.1287313254509133,0.1109911012129496,-0.2845413444719511,2.996090651016526,10.144617237457108,10.004616663958478,10.139197675418892,2.6916680207606505,2667835500.0,2635986500.0,-49.521745990496,87.53315506266816,229.748148467103,-89.61790789075884,2.5149918974182035,2.5149918974182035,86.48817179604961,218.46398972318912,227.00538236307267,-88.54803654808694,-0.0050482872725848,-0.0111584840969392,0.265471500500107,0.1961373605784835,-2.6395657218630864,3.986003683241252,0.0,-0.8621918621918622,0.0,0.0,0.0564341492223899,0.0,0.0102016083535201,3.563641060971409,1.3577334470765798,0.0,0.0,,-0.0028815855211886,-0.0094771188939326,-0.458461972261783,251317000.0,1046693000.0,-38932000.0,654279000.0,16410500.0,5705500.0,0.0,51.16575890806484,35.5158159597412,0.0,1.758988861314711,2.534082283285259,0.0,-0.0126964015863903,0.3955324456849007,1998-11-16,,bmo,,2025-04-25,1998-09-30,,23.226875,471970.3125
1998-06-30,AMT,USD,1053507,1998-08-14,1998-08-14 00:00:00,1998,Q2,23082000.0,14338000.0,8744000.0,0.3788233255,0,13541000.0,0.0,13541000.0,9953000.0,23494000.0,37832000.0,0.0,0.0,9953000.0,-4797000.0,-0.2078242787,-14750000.0,-0.6390260809,-6616000.0,-21366000.0,-0.9256563556,-2949000.0,-19799000.0,-0.8577679577,-0.35,-0.35,56034000,56034000,https://www.sec.gov/Archives/edgar/data/1053507/000092701698003131/0000927016-98-003131-index.html,https://www.sec.gov/Archives/edgar/data/1053507/,0.4119284719991434,-0.353339044151765,-0.1248677053217689,-0.5214041831745012,1.1370953349751936,7.814844558660813,7.382589142306457,7.804047542563444,5.3632437448691865,1397487960.0,1634295960.0,-17.645941209151978,60.5444918118014,-199.7313871968148,-47.83237420182567,3.1957775582448344,3.1957775582448344,70.80391473875747,-340.69125703564725,-233.57639459087017,-55.93769545982487,-0.0141675639194773,-0.0209063425490978,0.6872387329290268,0.2641502468574783,-49.36585365853659,0.2152722812498362,0.0,0.3533934542148593,0.0,0.0,0.5866476041937441,0.0,0.0212894249016217,-3.1756527985431133,0.9626343037865004,0.0,0.0,,-0.0167894235469115,-0.01778119050185,-11.144439090552163,-299416000.0,413676000.0,-617666000.0,71546000.0,12132245.0,3702710.0,0.0,60.41330907200416,30.28037383177569,0.0,1.4897379630824836,2.9722222222222223,0.0,-0.0452763828288649,0.3965364778527322,1998-11-16,-0.08,bmo,40666666.0,2025-04-25,1998-06-30,-0.25,22.10904761904762,228115.87301587305
1998-03-31,AMT,USD,1053507,1998-05-15,1998-05-15 00:00:00,1998,Q1,17925188.0,11494495.0,6430693.0,0.3587517743,0,541220.0,0.0,541220.0,5802052.0,6343272.0,17837767.0,0.0,0.0,5802052.0,5889473.0,0.3285585066,87421.0,0.0048769921,-1644635.0,-1557214.0,-0.0868729522,-30224.0,-1526990.0,-0.0851868332,-0.0312,-0.0312,48967000,48967000,https://www.sec.gov/Archives/edgar/data/1053507/000092701698002125/0000927016-98-002125-index.html,https://www.sec.gov/Archives/edgar/data/1053507/,0.3660666979802724,-0.0311840627361284,-0.0354761982559683,-0.2946400228725468,0.1388608246370004,4.777045132436131,4.620679886454143,4.764787081095432,3.2093007331468133,985705710.0,1136055941.0,-161.38051166019423,54.98997890566057,-567.4226943585605,-68.32065719974399,4.2247428179670266,4.2247428179670266,63.3776304605564,192.89602669033377,-653.9719882359917,-78.74164440499547,-0.0015491337673188,-0.0146368615435939,0.6735454656263444,0.2948325609824997,25.528639149886587,0.1194812193875754,0.0,1.137638753364462,0.0,0.0,0.0301932677079872,0.0,0.0143649878135054,-7.305287414019294,0.7079688648174848,0.0,0.0,,0.0002191875615687,-0.0029065754611956,-5.834925225151633,-125056806.0,226260832.0,-282126776.0,39426941.0,6004745.0,3159710.0,0.0,44.03547120398403,20.21209283226449,0.0,2.0438069024649708,4.452779865345431,0.0,-0.0065446917575505,0.2591638246165785,1998-05-15,,bmo,,2025-04-25,1998-03-31,,17.454347826086956,89252.17391304347
1997-12-31,AMT,USD,1053507,1998-04-09,1998-04-09 00:00:00,1997,Q4,9608467.0,0.0,9608467.0,1.0,0,0.0,0.0,0.0,-16575758.0,-16575758.0,-16575758.0,0.0,0.0,0.0,-6967291.0,-0.7251199385,-6967291.0,-0.7251199385,6967291.0,0.0,0.0,1569957.0,-1569957.0,-0.1633930782,-0.0321,-0.0321,48967360,48967360,https://www.sec.gov/Archives/edgar/data/1053507/000092701698001444/0000927016-98-001444-index.html,https://www.sec.gov/Archives/edgar/data/1053507/,0.196221871058599,-0.0320612955242022,,,0.0938482286976467,3.1415353410925158,2.969494087490116,3.128758421936572,1.8415667089261087,851052716.8,936633876.8,-135.52166027477188,88.57320494518011,0.0,0.0,5.554919126431788,5.554919126431788,97.48005345701868,-134.433006573143,0.0,0.0,-0.0018447235629575,,0.5885934484472776,0.3531410921485047,-12.283276240363724,0.7892217339173367,0.0,0.0,,,0.0,0.0,0.0329908419267515,0.0,,0.0,,,,-0.0063578646854639,-1.929825377557622,-2319943.0,145408286.0,-92836590.0,123722239.0,,,,30.338866751584828,0.0,0.0,2.9664918184624884,0.0,0.0,-0.0102472902028522,,1998-04-09,,bmo,,2025-04-25,1997-12-31,,,
1997-09-30,AMT,USD,1053507,1997-09-30,1997-09-29 20:00:00,1997,Q3,4500000.0,0.0,4500000.0,1.0,0,0.0,0.0,0.0,0.0,0.0,0.0,0.0,0.0,0.0,4500000.0,1.0,4500000.0,1.0,-4500000.0,0.0,0.0,500000.0,-500000.0,-0.1111111111,-0.01,-0.01,50000000,50000000,,,0.09,-0.01,,,,,,,,869000000.0,,-434.5,193.11111111111111,0.0,0.0,0.0,0.0,,,0.0,0.0,-0.0005753739930955,,0.0,0.0,,0.0,0.0,0.0,,,0.0,0.0,0.0,0.0,,0.0,,,0.0,0.0,,,,,,,,,,0.0,0.0,0.0,0.0,0.0,0.0,,1997-09-29,,bmo,,2025-04-25,1997-09-30,,,
1997-06-30,AMT,USD,1053507,1997-06-30,1997-06-29 20:00:00,1997,Q2,2000000.0,0.0,2000000.0,1.0,0,0.0,0.0,0.0,0.0,0.0,0.0,0.0,0.0,0.0,2000000.0,1.0,2000000.0,1.0,-2000000.0,0.0,0.0,100000.0,-100000.0,-0.05,-0.0002,-0.0002,442946003,446024003,,,0.0045152230440151,-0.0002257611522007,,,,,,,,7698401532.139999,,-19246.00383035,3849.20076607,0.0,0.0,0.0,0.0,,,0.0,0.0,-1.2989709562759324e-05,,0.0,0.0,,0.0,0.0,0.0,,,0.0,0.0,0.0,0.0,,0.0,,,0.0,0.0,,,,,,,,,,0.0,0.0,0.0,0.0,0.0,0.0,,1997-06-29,,bmo,,2025-04-25,1997-06-30,,,
1997-03-31,AMT,USD,1053507,1997-03-31,1997-03-30 19:00:00,1997,Q1,1400000.0,0.0,1400000.0,1.0,0,0.0,0.0,0.0,0.0,0.0,0.0,0.0,0.0,0.0,1400000.0,1.0,1400000.0,1.0,-1400000.0,0.0,0.0,100000.0,-100000.0,-0.0714285714,-0.0002,-0.0002,442946003,446024003,,,0.0031606561308105,-0.0002257611522007,,,,,,,,7698401532.139999,,-19246.00383035,5498.858237242856,0.0,0.0,0.0,0.0,,,0.0,0.0,-1.2989709562759324e-05,,0.0,0.0,,0.0,0.0,0.0,,,0.0,0.0,0.0,0.0,,0.0,,,0.0,0.0,,,,,,,,,,0.0,0.0,0.0,0.0,0.0,0.0,,1997-03-30,,bmo,,2025-04-25,1997-03-31,,,
