date,symbol,reportedCurrency,cik,fillingDate,acceptedDate,calendarYear,period,revenue,costOfRevenue,grossProfit,grossProfitRatio,researchAndDevelopmentExpenses,generalAndAdministrativeExpenses,sellingAndMarketingExpenses,sellingGeneralAndAdministrativeExpenses,otherExpenses,operatingExpenses,costAndExpenses,interestIncome,interestExpense,depreciationAndAmortization,ebitda,ebitdaratio,operatingIncome,operatingIncomeRatio,totalOtherIncomeExpensesNet,incomeBeforeTax,incomeBeforeTaxRatio,incomeTaxExpense,netIncome,netIncomeRatio,eps,epsdiluted,weightedAverageShsOut,weightedAverageShsOutDil,link,finalLink,revenuePerShare,netIncomePerShare,operatingCashFlowPerShare,freeCashFlowPerShare,cashPerShare,bookValuePerShare,tangibleBookValuePerShare,shareholdersEquityPerShare,interestDebtPerShare,marketCap,enterpriseValue,peRatio,priceToSalesRatio,pocfratio,pfcfRatio,pbRatio,ptbRatio,evToSales,enterpriseValueOverEBITDA,evToOperatingCashFlow,evToFreeCashFlow,earningsYield,freeCashFlowYield,debtToEquity,debtToAssets,netDebtToEBITDA,currentRatio,interestCoverage,incomeQuality,dividendYield,payoutRatio,salesGeneralAndAdministrativeToRevenue,researchAndDdevelopementToRevenue,intangiblesToTotalAssets,capexToOperatingCashFlow,capexToRevenue,capexToDepreciation,stockBasedCompensationToRevenue,grahamNumber,roic,returnOnTangibleAssets,grahamNetNet,workingCapital,tangibleAssetValue,netCurrentAssetValue,investedCapital,averageReceivables,averagePayables,averageInventory,daysSalesOutstanding,daysPayablesOutstanding,daysOfInventoryOnHand,receivablesTurnover,payablesTurnover,inventoryTurnover,roe,capexPerShare,report_date,epsEstimated,time,revenueEstimated,updatedFromDate,fiscalDateEnding,surprise(%),QuarterAvgPrice,QuarterAvgVolume
2025-03-31,AMZN,USD,1018724,2025-05-02,2025-05-01 18:14:53,2025,Q1,155667000000.0,101569000000.0,54098000000.0,0.3475238811,0,2628000000.0,9763000000.0,12391000000.0,23302000000.0,35693000000.0,137262000000.0,1066000000.0,541000000.0,-2733000000.0,18405000000.0,0.1182331515,18405000000.0,0.1182331515,3274000000.0,21679000000.0,0.1392652264,4553000000.0,17127000000.0,0.110023319,1.62,1.59,10603000000,10793000000,https://www.sec.gov/Archives/edgar/data/1018724/000101872425000036/0001018724-25-000036-index.htm,https://www.sec.gov/Archives/edgar/data/1018724/000101872425000036/amzn-20250331.htm,14.68141092143733,1.6152975572951052,1.6047345091011975,-0.754880694143167,8.918702254079035,28.847213052909552,26.66962180514949,28.847213052909552,12.617749693482976,2017326780000.0,2084364780000.0,29.446586967945347,12.959244926670392,118.56166794005289,-252.03982758620688,6.595437821013709,6.595437821013709,13.389894968104992,113.24992013039936,122.50160329121364,-260.41538980509745,0.0084899482670824,-0.003967626900784,0.435630519147211,0.2071414802193839,3.642379788101059,1.0481009927854188,34.020332717190385,0.9934606177380744,0.0,0.0,0.0168821908304264,0.0,0.0358939520191028,1.470408463120776,0.1607212832520701,1.7542420417893705,0.0236980220599099,32.37944930863659,0.031128385452129,0.0276167548418409,-17.37527114967462,8474000000.0,282778000000.0,-152744000000.0,382839000000.0,54833500000.0,91802000000.0,35039000000.0,31.34537185145214,79.07619450816686,31.77898768324981,2.871237273129704,1.138142781905178,2.8320600044612982,0.0559949258991653,2.3596152032443647,2025-05-01,1.37,amc,155148014892.0,2025-05-11,2025-03-31,0.1605839416058394,217.015,39788919.5
2024-12-31,AMZN,USD,1018724,2025-02-07,2025-02-06 18:40:29,2024,Q4,187792000000.0,98893000000.0,88899000000.0,0.4733907728,23571000000,2863000000.0,13124000000.0,15987000000.0,28138000000.0,67696000000.0,166589000000.0,1248000000.0,570000000.0,15631000000.0,38550000000.0,0.2052803101,21203000000.0,0.1129068331,1146000000.0,22349000000.0,0.1190093295,2325000000.0,20004000000.0,0.1065221096,1.91,1.8600000000000003,10473000000,10721000000,https://www.sec.gov/Archives/edgar/data/1018724/000101872425000004/0001018724-25-000004-index.htm,https://www.sec.gov/Archives/edgar/data/1018724/000101872425000004/amzn-20241231.htm,17.931060823068844,1.9100544256659984,4.357490690346606,1.6997994843884274,9.663133772558009,27.30545211496228,24.280912823450777,27.30545211496228,12.553232120691302,2297671470000.0,2349792470000.0,28.71515034493101,12.235193565221095,50.347783986326576,129.06816481294237,8.034659125083051,8.034659125083051,12.512739999573997,60.95440907911803,51.48988671224472,131.9959819121447,0.0087062055046538,0.0077478439509021,0.4577403224114417,0.2094755270493875,1.352036316472114,1.063734806137178,37.19824561403509,2.281343731253749,0.0,0.0,0.0152455908664905,0.1255165289256198,0.0506901970574209,0.6099132264002104,0.148217176450541,1.7806922141897512,0.0265985771491863,34.25617086427467,0.0426460112272698,0.0337211615291511,-17.09412298290843,11436000000.0,254294000000.0,-148057000000.0,371918000000.0,53544500000.0,89466500000.0,35158500000.0,26.57509372071228,85.87736240178779,31.13728979806457,3.3866296369767905,1.0480061040874071,2.8904249722335886,0.0699513935028149,2.6576912059581783,2025-02-06,1.49,amc,187337375136.0,2025-05-06,2024-12-31,0.2483221476510068,204.5846875,37514454.25
2024-09-30,AMZN,USD,1018724,2024-11-01,2024-10-31 18:44:54,2024,Q3,158877000000.0,80977000000.0,77900000000.0,0.4903164083,22245000000,2713000000.0,10609000000.0,13322000000.0,24922000000.0,60489000000.0,141466000000.0,1256000000.0,603000000.0,13442000000.0,32082000000.0,0.2019297947,17411000000.0,0.1095879202,626000000.0,18037000000.0,0.1135280752,2706000000.0,15328000000.0,0.096477149,1.46,1.43,10501000000,10735000000,https://www.sec.gov/Archives/edgar/data/1018724/000101872424000161/0001018724-24-000161-index.htm,https://www.sec.gov/Archives/edgar/data/1018724/000101872424000161/amzn-20240930.htm,15.129701933149224,1.4596705075707077,2.473193029235311,0.3191124654794781,8.385010951337968,24.67869726692696,22.480716122274067,24.67869726692696,12.884011046566991,1956651330000.0,2016252330000.0,31.91302404097077,12.315510300421082,75.33985329790922,583.9007251566698,7.550236464455086,7.550236464455086,12.690649559092885,62.846840284271565,77.6347591544415,601.6867591763653,0.007833792237271,0.0017126198973835,0.5197433156731018,0.2303900271284547,1.857770712549093,1.088650396031633,28.87396351575456,1.6943502087682671,0.0,0.0,0.0170761028972097,0.1400139730735096,0.0394799410221235,0.8709714681760425,0.1423742895447421,1.6827852998065764,0.0335668473095539,28.4694967944725,0.0349732969188076,0.027296120524624,-17.20255213789163,14315000000.0,236070000000.0,-149683000000.0,351840000000.0,50872000000.0,83193500000.0,35106000000.0,29.25168526596046,93.9933561381627,40.12583820097065,3.0767458073511755,0.9575144850419772,2.242943799684237,0.0591469838048087,2.1540805637558327,2024-10-31,1.14,amc,157275157418.0,2025-04-25,2024-09-30,0.2543859649122807,182.4575,40691683.125
2024-06-30,AMZN,USD,1018724,2024-08-02,2024-08-01 18:39:50,2024,Q2,147977000000.0,73785000000.0,74192000000.0,0.5013752137,22304000000,3041000000.0,10512000000.0,13553000000.0,23663000000.0,59520000000.0,133305000000.0,1180000000.0,589000000.0,12038000000.0,27872000000.0,0.1883535955,14672000000.0,0.0991505437,573000000.0,15245000000.0,0.1030227671,1767000000.0,13485000000.0,0.0911290268,1.29,1.26,10447000000,10708000000,https://www.sec.gov/Archives/edgar/data/1018724/000101872424000130/0001018724-24-000130-index.htm,https://www.sec.gov/Archives/edgar/data/1018724/000101872424000130/amzn-20240630.htm,14.164544845410166,1.2908011869436202,2.419929166267828,0.7333205704987078,8.527998468459845,22.633004690341725,20.442997989853545,22.633004690341725,12.784722886953192,2060148400000.0,2121943400000.0,38.19333333333333,13.922085188914494,81.48998852893476,268.91377104816604,8.712939474808307,8.712939474808307,14.339683869790576,76.13172359357061,83.93431430718722,276.9799503981204,0.0065456449642171,0.0037186641506019,0.5623797299183326,0.2396695853414993,2.217099598163031,1.095686973674228,24.91001697792869,1.874749721913237,0.0,0.0,0.0205504909546753,0.1507261263574744,0.0412369461697349,0.6969661010244848,0.1190725585732918,1.4636982887522845,0.0454259783615021,25.63846640623921,0.0327027491207444,0.0253506511084917,-16.71723939887049,15135000000.0,213568000000.0,-145064000000.0,333306000000.0,48937000000.0,77442500000.0,32628000000.0,30.474600782554045,99.79711323439724,41.60479772311445,2.9532790484173552,0.9018296930955668,2.163212055469231,0.0570318083968077,1.6866085957691204,2024-08-01,1.03,amc,148665347243.0,2025-04-25,2024-06-30,0.2233009708737864,183.70301587301583,41631430.23809524
2024-03-31,AMZN,USD,1018724,2024-05-01,2024-04-30 18:38:29,2024,Q1,143313000000.0,72633000000.0,70680000000.0,0.4931862427,20424000000,2742000000.0,9662000000.0,12404000000.0,22545000000.0,55373000000.0,128006000000.0,993000000.0,644000000.0,11684000000.0,25311000000.0,0.1766134266,15307000000.0,0.1068081751,-2324000000.0,12983000000.0,0.0905919212,2467000000.0,10431000000.0,0.0727847439,1.0,0.98,10393000000,10670000000,https://www.sec.gov/Archives/edgar/data/1018724/000101872424000083/0001018724-24-000083-index.htm,https://www.sec.gov/Archives/edgar/data/1018724/000101872424000083/amzn-20240331.htm,13.789377465601849,1.0036563071297988,1.8270951602039835,0.3910324256711248,8.185701914750313,20.846819974983163,18.65592225536419,20.846819974983163,13.02126431251804,1880821210000.0,1942655210000.0,45.07768214936248,13.12387020019119,99.0479335404708,462.80049458661415,8.680940316900596,8.680940316900596,13.555331407478736,76.75142072616649,102.30423982305544,478.0155536417323,0.0055459816938155,0.0021607582785606,0.6216439506879411,0.2536607598560368,2.4429694599186123,1.0720687739025268,23.768633540372672,1.8204390758316555,0.0,0.0,0.0191329467668669,0.1425132402503611,0.0428838595096888,0.7859813576281005,0.1041426807058675,1.2773878808627182,0.0346165386252468,21.69719919502411,0.0327996498165052,0.020525424095679,-17.11098816511113,11024000000.0,193891000000.0,-150319000000.0,317057000000.0,50010500000.0,79024500000.0,32232500000.0,29.998116011806324,90.53901119325926,38.59444054355458,3.0001884106514822,0.9940466414846444,2.3319420810993035,0.048144336082636,1.4360627345328587,2024-04-30,0.83,amc,142654161020.0,2025-04-25,2024-03-31,0.1807228915662651,166.92524590163936,44282451.0
2023-12-31,AMZN,USD,1018724,2024-02-02,2024-02-01 18:48:30,2023,Q4,169961000000.0,92553000000.0,77408000000.0,0.4554456611,22038000000,3010000000.0,12902000000.0,15912000000.0,26249000000.0,64199000000.0,156752000000.0,901000000.0,713000000.0,13820000000.0,28219000000.0,0.1660322074,13209000000.0,0.0777178294,477000000.0,13686000000.0,0.0805243556,3062000000.0,10624000000.0,0.0625084578,1.03,1.0,10356000000,10610000000,https://www.sec.gov/Archives/edgar/data/1018724/000101872424000008/0001018724-24-000008-index.htm,https://www.sec.gov/Archives/edgar/data/1018724/000101872424000008/amzn-20231231.htm,16.411838547701816,1.0258787176516029,4.100521436848204,2.6918694476631906,8.379683275395905,19.49353032058709,16.55069524913094,19.49353032058709,13.163769795287756,1573490640000.0,1635714640000.0,37.02679405120482,9.257951177034732,37.053824090427405,56.44404491157585,7.794380879256966,7.794380879256966,9.624058695818452,57.96501080832064,38.51912492640999,58.67613588262726,0.0067518673005897,0.0177166608375884,0.6717572755417957,0.2569100546742091,2.205039158014104,1.0450772206625152,18.525946704067323,3.997082078313253,0.0,0.0,0.0177099452227275,0.1296650408034784,0.0577356617549549,0.3435299658542329,0.0858314554515447,1.0555716353111433,0.0371791175622642,21.212141628680424,0.0282520666069176,0.0213600119024162,-17.704736384704518,7434000000.0,171399000000.0,-153628000000.0,314600000000.0,47836500000.0,78492500000.0,34362000000.0,27.66970069604203,82.63686752455351,32.3989497909306,3.2526553499320614,1.0891022699191584,2.7778678191968305,0.0526266253869969,1.4086519891850136,2024-02-01,0.8,amc,166172000000.0,2025-04-25,2023-12-31,0.2499999999999999,140.17809523809524,50485104.03174603
2023-09-30,AMZN,USD,1018724,2023-10-27,2023-10-26 18:36:51,2023,Q3,143083000000.0,75022000000.0,68061000000.0,0.4756749579,21203000000,2561000000.0,10551000000.0,13112000000.0,22558000000.0,56873000000.0,131895000000.0,776000000.0,806000000.0,12131000000.0,25126000000.0,0.1756043695,11188000000.0,0.0781923779,1001000000.0,12189000000.0,0.0851883173,2306000000.0,9879000000.0,0.0690438417,0.96,0.94,10322000000,10558000000,https://www.sec.gov/Archives/edgar/data/1018724/000101872423000018/0001018724-23-000018-index.htm,https://www.sec.gov/Archives/edgar/data/1018724/000101872423000018/amzn-20230930.htm,13.861945359426468,0.9570819608602984,2.055512497577989,0.8465413679519473,6.216721565588064,17.72650649099012,15.522573144739392,17.72650649099012,13.349641542336755,1312132640000.0,1399516640000.0,33.205097681951614,9.170430030122375,61.84345760475091,150.1639551384756,7.1711817590573474,7.1711817590573474,9.78115247793239,55.69993791291889,65.96204175896686,160.16441290913252,0.0075289644498135,0.0066593877277528,0.748684232099818,0.281359176639973,3.477831728090424,0.9847191042186016,13.88089330024814,2.147687012855552,0.0,0.0,0.0178987021518978,0.148186716800738,0.0467237508806017,0.5881604373851157,0.0872151129064948,1.0286868353804304,0.0407385922855964,19.537878360021377,0.0265501879270045,0.0212848013720175,-18.35622941290448,-2219000000.0,160224000000.0,-160915000000.0,287756000000.0,41672500000.0,70742500000.0,35996500000.0,27.311420643961892,86.37946202447282,42.47474074271547,3.2953247351450945,1.041914338092328,2.1189064000451903,0.0539915725270941,1.2089711296260417,2023-10-26,0.58,amc,133393000000.0,2025-04-25,2023-09-30,0.6206896551724138,133.99539682539682,53790858.28571428
2023-06-30,AMZN,USD,1018724,2023-08-04,2023-08-03 18:24:35,2023,Q2,134383000000.0,69373000000.0,65010000000.0,0.4837665479,21931000000,3202000000.0,10745000000.0,13947000000.0,21451000000.0,57329000000.0,126702000000.0,661000000.0,840000000.0,11589000000.0,19992000000.0,0.1487688175,7681000000.0,0.0571575274,-118000000.0,7563000000.0,0.0562794401,804000000.0,6750000000.0,0.0502295677,0.66,0.65,10285000000,10449000000,https://www.sec.gov/Archives/edgar/data/1018724/000101872423000012/0001018724-23-000012-index.htm,https://www.sec.gov/Archives/edgar/data/1018724/000101872423000012/amzn-20230630.htm,13.06592124453087,0.6562955760816723,1.6019445794846865,0.4881866796305299,6.219737481769568,16.39299951385513,14.177637335926104,16.39299951385513,13.588138065143411,1340752600000.0002,1430137600000.0002,49.65750370370371,9.977099781966473,81.37609856761351,267.02899820752845,7.952174944543955,7.952174944543955,10.642250879947614,71.53549419767909,86.80126244234039,284.8312288388768,0.0050344858551831,0.0037449116264999,0.8239166795174434,0.2908541960230901,4.471038415366147,0.9476787328485272,9.14404761904762,2.440888888888889,0.0,0.0,0.0238274186467038,0.1631977259028299,0.0477065872150115,0.6952537023549406,0.0852414367888795,0.9884373112434204,0.053034982103391,15.558589069776632,0.0208412320877776,0.0148409707533936,-19.134443364122507,-7756000000.0,145817000000.0,-168523000000.0,279145000000.0,38785500000.0,68194000000.0,35378500000.0,26.73887322057105,90.1401121473772,47.46558459342972,3.365886036318096,0.9984456182265656,1.896110640391396,0.0400351122762482,1.1137578998541566,2023-08-03,0.35,amc,119573000000.0,2025-04-25,2023-06-30,0.8571428571428573,114.19596774193548,62897161.29032258
2023-03-31,AMZN,USD,1018724,2023-04-28,2023-04-27 18:24:51,2023,Q1,127358000000.0,67791000000.0,59567000000.0,0.4677130608,20450000000,3043000000.0,10172000000.0,13215000000.0,21128000000.0,54793000000.0,122584000000.0,611000000.0,823000000.0,11123000000.0,16065000000.0,0.1261404859,4774000000.0,0.0374848851,-655000000.0,4119000000.0,0.0323419024,948000000.0,3172000000.0,0.02490617,0.31,0.31,10250000000,10347000000,https://www.sec.gov/Archives/edgar/data/1018724/000101872423000008/0001018724-23-000008-index.htm,https://www.sec.gov/Archives/edgar/data/1018724/000101872423000008/amzn-20230331.htm,12.425170731707317,0.3094634146341463,0.4671219512195122,-0.9189268292682928,6.283414634146341,15.07570731707317,12.85629268292683,15.07570731707317,13.870634146341464,1058722500000.0,1150730500000.0,83.44281998738967,8.312964242528935,221.11998746867167,-112.4028559295042,6.851419825789835,6.851419825789835,9.03540021043044,71.62966075319017,240.33636173767752,-122.17119651767705,0.0029960636521845,-0.0088965711033816,0.9147392671783388,0.3043878047624995,5.72723311546841,0.9230941248221184,5.800729040097205,1.5094577553593946,0.0,0.0,0.0238932772185492,0.1605709888660312,0.0489881088251381,2.9672096908939016,0.1115516889398388,1.2772633282387844,0.0372807361924653,10.245537904290096,0.011600874403162,0.0071824993376793,-19.524634146341462,-11349000000.0,131777000000.0,-173631000000.0,270416000000.0,40003000000.0,73253500000.0,34287500000.0,26.60327580521051,88.82639288401114,45.36442890649201,3.3830420230568983,1.013212369408283,1.9839332748024583,0.0205272899059058,1.3860487804878048,2023-04-27,0.21,amc,124551000000.0,2025-04-25,2023-03-31,0.4761904761904762,96.6148387096774,68340982.25806452
2022-12-31,AMZN,USD,1018724,2023-02-03,2023-02-02 18:27:34,2022,Q4,149204000000.0,85640000000.0,63564000000.0,0.4260207501,20814000000,3333000000.0,12818000000.0,16151000000.0,23862000000.0,60827000000.0,146467000000.0,445000000.0,694000000.0,13145000000.0,12877000000.0,0.0863046567,2737000000.0,0.0183440122,-3699000000.0,-962000000.0,-0.0064475483,-1227000000.0,278000000.0,0.0018632208,0.03,0.03,10220000000,10308000000,https://www.sec.gov/Archives/edgar/data/1018724/000101872423000004/0001018724-23-000004-index.htm,https://www.sec.gov/Archives/edgar/data/1018724/000101872423000004/amzn-20221231.htm,14.59921722113503,0.0272015655577299,2.854500978473581,1.2310176125244618,6.851859099804305,14.289921722113505,11.708219178082192,14.289921722113505,13.778082191780822,858480000000.0,944710000000.0,772.0143884892086,5.753733143883542,29.427210091522984,68.23622923456006,5.8782687290729445,5.8782687290729445,6.3316667113482215,73.3641376096917,32.38302540019881,75.09021540418091,0.0003238281614015,0.0146549715776721,0.9594297569893798,0.3028432485005674,6.696435505164247,0.9446435811136924,3.943804034582133,104.93884892086332,0.0,0.0,0.0223385432025951,0.1395002814937937,0.0570270708380612,0.5687450724985432,0.1112034529905364,1.3080015766653528,0.0375727192300474,2.957352778605427,-0.0024536266408553,0.0006371908592908,-19.33791585127201,-8602000000.0,119658000000.0,-169841000000.0,270621000000.0,39257000000.0,73680000000.0,35526000000.0,25.55159379105117,83.65249883232134,36.15658570761327,3.5222851746931068,1.0758793969849243,2.489173085307368,0.0019035489547598,1.6234833659491197,2023-02-02,0.15,amc,145712886275.0,2025-04-25,2022-12-31,0.4,98.78190476190476,80057746.03174603
2022-09-30,AMZN,USD,1018724,2022-10-28,2022-10-27 18:23:57,2022,Q3,127101000000.0,70268000000.0,56833000000.0,0.4471483309,19485000000,3061000000.0,11014000000.0,14075000000.0,20748000000.0,54308000000.0,124576000000.0,277000000.0,617000000.0,10327000000.0,13888000000.0,0.109267433,2525000000.0,0.0198660907,419000000.0,2944000000.0,0.0231626816,69000000.0,2872000000.0,0.022596203,0.28,0.28,10191000000,10331000000,https://www.sec.gov/Archives/edgar/data/1018724/000101872422000023/0001018724-22-000023-index.htm,https://www.sec.gov/Archives/edgar/data/1018724/000101872422000023/amzn-20220930.htm,12.471886959081544,0.2818172897654793,1.1190265920910607,-0.4880777156314395,5.756255519576096,13.491217741144148,11.512216661760377,13.491217741144148,12.645275242861349,1151583000000.0,1244887000000.0,100.24225278551532,9.060377180352631,100.9806208347948,-231.52050663449936,8.375819156441606,8.375819156441606,9.794470539177505,89.63760080645162,109.16231146965976,-250.27885002010456,0.0024939583165086,-0.0043192718197472,0.9328091701881605,0.2993986394684869,6.71831797235023,0.9365929767816304,4.0923824959481365,3.97075208913649,0.0,0.0,0.0240832094161336,0.1533032784950551,0.047081673911318,1.4361627499123115,0.128858152178189,1.6050568404547236,0.0437132674015153,9.2491250633515,0.008561905813909,0.007035870198974,-18.32715140810519,-8900000000.0,117321000000.0,-159410000000.0,250496000000.0,35479000000.0,69489500000.0,37400000000.0,25.600585361248143,86.78772698810269,46.93786645414698,3.5155446147037672,1.037012987012987,1.91742843888995,0.0208889438427801,1.6071043077225002,2022-10-27,0.22,amc,127307504866.0,2025-04-25,2022-09-30,-0.0909090909090908,126.39609375,58106081.25
2022-06-30,AMZN,USD,1018724,2022-07-29,2022-07-28 18:24:06,2022,Q2,121234000000.0,66424000000.0,54810000000.0,0.4521008958,18072000000,2903000000.0,10086000000.0,12989000000.0,20432000000.0,51493000000.0,117917000000.0,159000000.0,584000000.0,9716000000.0,7647000000.0,0.0630763647,3317000000.0,0.0273603115,-5970000000.0,-2653000000.0,-0.0218833001,-637000000.0,-2028000000.0,-0.0167279806,-0.2,-0.2,10175000000,10175000000,https://www.sec.gov/Archives/edgar/data/1018724/000101872422000019/0001018724-22-000019-index.htm,https://www.sec.gov/Archives/edgar/data/1018724/000101872422000019/amzn-20220630.htm,11.914889434889435,-0.1993120393120393,0.8810810810810811,-0.6642751842751843,5.966584766584766,12.914201474201477,10.929434889434887,12.914201474201477,12.30083538083538,1080686750000.0,1167785750000.0,-133.2207532051282,8.9140567002656,120.54509202453988,-159.88855599940817,8.224279310817186,8.224279310817186,9.632493772374088,152.71161893553028,130.26054099274958,-172.7749297233319,-0.0018765844959235,-0.0062543563155558,0.9480601512914568,0.2968041207639233,11.38995684582189,0.952783856412742,5.679794520547945,-4.420611439842209,0.0,0.0,0.023945427850273,0.1490670933896431,0.0481144931955933,1.7539319576129393,0.129699589224145,1.638941004794663,0.0429664945477341,,0.0090201724211336,-0.0050759261437728,-17.92987714987715,-6624000000.0,111207000000.0,-154659000000.0,245707000000.0,33654000000.0,69883000000.0,36570000000.0,25.837306366200902,96.49689871130916,51.6947187763459,3.4833352488219744,0.9326724610005755,1.7409902235735066,-0.0154335550448242,1.5453562653562654,2022-07-28,0.15,amc,118999465993.0,2025-04-25,2022-06-30,-0.3333333333333332,125.13322580645162,88565888.70967741
2022-03-31,AMZN,USD,1018724,2022-04-29,2022-04-28 18:29:24,2022,Q1,116444000000.0,66499000000.0,49945000000.0,0.4289186218,14842000000,2594000000.0,8320000000.0,10914000000.0,20520000000.0,46276000000.0,112775000000.0,108000000.0,472000000.0,9193000000.0,4400000000.0,0.0377864038,3669000000.0,0.031508708,-8934000000.0,-5265000000.0,-0.0452148672,-1422000000.0,-3844000000.0,-0.0330115764,-0.38,-0.38,10180000000,10180000000,https://www.sec.gov/Archives/edgar/data/1018724/000101872422000013/0001018724-22-000013-index.htm,https://www.sec.gov/Archives/edgar/data/1018724/000101872422000013/amzn-20220331.htm,11.438506876227898,-0.3776031434184675,-0.2740667976424361,-1.742730844793713,6.521119842829076,13.163163064833006,11.176031434184676,13.163163064833006,11.17475442043222,1659340000000.0,1736234000000.0,-107.9175338189386,14.250111641647488,-594.7455197132617,-93.5313680175864,12.38304191759763,12.38304191759763,14.910463398715262,394.5986363636364,-622.3060931899641,-97.86562200552392,-0.0023165837019537,-0.010691600274808,0.8454190640368355,0.2757938198540778,17.47590909090909,0.95962955529432,7.773305084745763,0.7258064516129032,0.0,0.0,0.0222768025832159,0.1274604101542372,0.0492468966591766,-5.358781362007169,0.1283964824293222,1.6652929382936066,0.027910411871801,,0.0098726914508142,-0.0098428321955866,-16.552996070726916,-5632000000.0,113772000000.0,-142890000000.0,239226000000.0,32697500000.0,73605500000.0,33813500000.0,25.122462299474424,92.77177100407523,47.35153912088904,3.5824513905980804,0.9701226895414824,1.9006773944608,-0.0286863530869172,1.468664047151277,2022-04-28,0.44,amc,116450273046.0,2025-04-25,2022-03-31,-0.5227272727272727,154.5151612903226,78108774.19354838
2021-12-31,AMZN,USD,1018724,2022-02-04,2022-02-03 18:46:51,2021,Q4,137412000000.0,82835000000.0,54577000000.0,0.3971778302,15313000000,2525000000.0,10810000000.0,13335000000.0,22469000000.0,51117000000.0,133952000000.0,118000000.0,482000000.0,9802000000.0,25218000000.0,0.1835210899,3460000000.0,0.0251797514,11474000000.0,14934000000.0,0.1086804646,612000000.0,14323000000.0,0.1042339825,1.41,1.39,10160000000,10320000000,https://www.sec.gov/Archives/edgar/data/1018724/000101872422000005/0001018724-22-000005-index.htm,https://www.sec.gov/Archives/edgar/data/1018724/000101872422000005/amzn-20211231.htm,13.5248031496063,1.409744094488189,2.1738188976377955,0.3101377952755905,9.453641732283463,13.606791338582678,11.591240157480314,13.606791338582678,11.503641732283464,1693875200000.0,1774050200000.0,29.56564965440201,12.326981631880768,76.6945214162818,537.5675023801967,12.252704980288618,12.252704980288618,12.910445958140482,70.34856848282972,80.32464909897672,563.0118057759441,0.0084557587241374,0.0018602314975743,0.8419472675322797,0.2767691755300809,3.1792767071139663,1.1357597739445826,7.178423236514523,1.54199539202681,0.0,0.0,0.0183753966174715,0.111438593427066,0.0486934935049185,0.8573304355700444,0.137797281169039,1.931748622730055,0.0267807760603149,20.774915379520788,0.0119238620961723,0.0358011452967098,-14.297908464566929,19314000000.0,117767000000.0,-120724000000.0,256155000000.0,30750500000.0,75069000000.0,31786500000.0,21.54244170814776,85.4682199553329,35.46327035673327,4.177799398011614,1.0530229838299603,2.537837009803922,0.1036059170313573,1.8636811023622049,2022-02-03,0.19,amc,137681864590.0,2025-04-25,2021-12-31,6.315789473684211,171.14703125,63704531.25
2021-09-30,AMZN,USD,1018724,2021-10-29,2021-10-28 18:29:31,2021,Q3,110812000000.0,62930000000.0,47882000000.0,0.4321012165,14380000000,2153000000.0,8010000000.0,10163000000.0,18487000000.0,43030000000.0,105960000000.0,119000000.0,493000000.0,8948000000.0,13756000000.0,0.12413818,4852000000.0,0.0437858716,-537000000.0,4315000000.0,0.038939826,1155000000.0,3156000000.0,0.02848067,0.31,0.31,10140000000,10300000000,https://www.sec.gov/Archives/edgar/data/1018724/000101872421000028/0001018724-21-000028-index.htm,https://www.sec.gov/Archives/edgar/data/1018724/000101872421000028/amzn-20210930.htm,10.928205128205128,0.3112426035502958,0.7212031558185404,-0.8318540433925049,7.78974358974359,11.889940828402366,10.376627218934912,11.889940828402366,11.281656804733728,1665495000000.0,1749454000000.0,131.93084600760454,15.029915532613796,227.7444277314372,-197.45050385299348,13.814198268139744,13.814198268139744,15.787586182001949,127.17752253562082,239.22521536988924,-207.40414937759337,0.0018949321372925,-0.0050645603859513,0.944751335390332,0.2978588202067959,6.10344576911893,1.117239543848896,9.841784989858011,2.3171736375158427,0.0,0.0,0.0194293036855214,0.1297693390607515,0.0401275084595953,2.1534254068097907,0.1421145724289788,1.7599463567277605,0.0286972530050897,9.12495277459262,0.0137503704101361,0.0085980259411923,-14.391518737672584,14537000000.0,105219000000.0,-123311000000.0,229185000000.0,27722500000.0,68782000000.0,27526000000.0,23.236653070064616,102.21929127602098,44.23915461624027,3.8731911918909474,0.8804600274225592,2.0343969223806293,0.0261769682492286,1.5530571992110451,2021-10-28,0.45,amc,137634000000.0,2025-04-25,2021-09-30,-0.3111111111111111,172.49359375,65345375.0
2021-06-30,AMZN,USD,1018724,2021-07-30,2021-07-29 19:02:39,2021,Q2,113080000000.0,64176000000.0,48904000000.0,0.4324725858,13871000000,2158000000.0,7524000000.0,9682000000.0,17649000000.0,41202000000.0,105378000000.0,106000000.0,435000000.0,8038000000.0,17107000000.0,0.151282278,7702000000.0,0.0681110718,932000000.0,8634000000.0,0.0763530244,868000000.0,7778000000.0,0.0687831624,0.77,0.76,10100000000,10280000000,https://www.sec.gov/Archives/edgar/data/1018724/000101872421000020/0001018724-21-000020-index.htm,https://www.sec.gov/Archives/edgar/data/1018724/000101872421000020/amzn-20210630.htm,11.196039603960395,0.7700990099009901,1.258910891089109,-0.1557425742574257,8.90039603960396,11.366633663366336,9.846831683168316,11.366633663366336,10.595148514851486,1737301000000.0,1803497000000.0,55.840222422216506,15.363468340997525,136.6339756193472,-1104.4507310870947,15.132888513366376,15.132888513366376,15.948859214715243,105.42450458876483,141.84011010617382,-1146.533375715194,0.0044770595308469,-0.0009054274417616,0.9283381096312814,0.2957823484190398,3.8695270941719766,1.19573485465906,17.70574712643678,1.63473900745693,0.0,0.0,0.0190838344534842,0.1226653696498054,0.0426011395457913,1.1237121510027526,0.1263530244074991,1.7775566061209256,0.0317562787407145,14.03396771859184,0.0285646404257219,0.0225469534943719,-12.221410891089109,23056000000.0,99453000000.0,-104668000000.0,215254000000.0,25562000000.0,65008000000.0,23984000000.0,21.35788822072869,92.68418100224385,33.82432685115931,4.21389975777902,0.9710394916023604,2.660806832787429,0.0677508427480118,1.4146534653465346,2021-07-29,0.62,amc,111678000000.0,2025-04-25,2021-06-30,0.2258064516129032,166.19857142857143,69534761.90476191
2021-03-31,AMZN,USD,1018724,2021-04-30,2021-04-29 18:48:35,2021,Q1,108518000000.0,62403000000.0,46115000000.0,0.4249525424,12488000000,1987000000.0,6207000000.0,8194000000.0,16568000000.0,37250000000.0,99653000000.0,105000000.0,399000000.0,7508000000.0,18175000000.0,0.1674837354,8865000000.0,0.0816915166,1403000000.0,10268000000.0,0.0946202473,2156000000.0,8107000000.0,0.0747065003,0.8,0.79,10080000000,10260000000,https://www.sec.gov/Archives/edgar/data/1018724/000101872421000010/0001018724-21-000010-index.htm,https://www.sec.gov/Archives/edgar/data/1018724/000101872421000010/amzn-20210331.htm,10.765674603174602,0.804265873015873,0.4179563492063492,-0.7806547619047619,7.2688492063492065,10.25,8.740079365079366,10.25,8.465674603174604,1559376000000.0,1610477000000.0,48.087331935364496,14.369745111410088,370.1343460716829,-198.1669843690431,15.092682926829267,15.092682926829267,14.840643948469378,88.60946354883082,382.2637075718016,-204.6609480238912,0.0051988744215634,-0.0050462492689383,0.8220576848625629,0.2628939850252416,2.811609353507565,1.0520259263110463,22.21804511278195,0.519674355495251,0.0,0.0,0.018310326397464,0.115077682965038,0.0471095125929731,2.867790173273202,0.1113363681601209,1.6092168353755991,0.0212499308870417,13.61924436098735,0.0337241323683497,0.0263336549112087,-11.542237103174603,6004000000.0,88100000000.0,-98349000000.0,182013000000.0,24415500000.0,68232500000.0,23822000000.0,20.14421570615013,92.19652901302824,34.39594250276429,4.467783770431059,0.9761755780120764,2.6165876975973834,0.0784649632210607,1.198611111111111,2021-04-29,0.48,amc,92624208018.0,2025-04-25,2021-03-31,0.6458333333333335,158.51213114754097,72729147.5409836
2020-12-31,AMZN,USD,1018724,2021-02-03,2021-02-02 19:44:10,2020,Q4,125555000000.0,79284000000.0,46271000000.0,0.3685317192,12049000000,1968000000.0,7403000000.0,9371000000.0,17978000000.0,39398000000.0,118682000000.0,100000000.0,414000000.0,7618000000.0,15797000000.0,0.1258173709,6873000000.0,0.0547409502,892000000.0,7765000000.0,0.0618454064,565000000.0,7222000000.0,0.0575206085,0.72,0.7,10040000000,10260000000,https://www.sec.gov/Archives/edgar/data/1018724/000101872421000004/0001018724-21-000004-index.htm,https://www.sec.gov/Archives/edgar/data/1018724/000101872421000004/amzn-20201231.htm,12.505478087649402,0.7193227091633466,3.030876494023905,1.554382470119522,8.40597609561753,9.303187250996016,7.311354581673307,9.303187250996016,8.446513944223108,1635014000000.0,1677281000000.0,56.59837995015231,13.02229301899566,53.73033190930003,104.76829424580288,17.504753543745448,17.504753543745448,13.35893433156784,106.17718554155852,55.11932303647716,107.4766756375753,0.0044170875601065,0.0095448723986461,0.9034837908440752,0.2627344759414063,2.675634614167247,1.0502274795268425,16.60144927536232,4.213514261977291,0.0,0.0,0.015674405638963,0.09596591135359,0.0622612431700368,0.4871508379888268,0.1180677790609693,1.945917563665004,0.0204054000238939,12.270691169934484,0.0327134338928418,0.0239776624601174,-11.264043824701195,6348000000.0,73406000000.0,-95058000000.0,177013000000.0,22687000000.0,65436500000.0,23765000000.0,17.592130938632472,82.34334796428031,27.011124564855457,5.115923722597995,1.0929844635299633,3.3319604959025004,0.0773200291208085,1.4764940239043824,2021-02-02,0.36,amc,120761622016.0,2025-04-25,2020-12-31,0.9444444444444444,159.5778125,88935250.0
2020-09-30,AMZN,USD,1018724,2020-10-30,2020-10-29 19:08:00,2020,Q3,96145000000.0,57106000000.0,39039000000.0,0.406042956,10976000000,1668000000.0,5434000000.0,7102000000.0,14767000000.0,32845000000.0,89951000000.0,118000000.0,428000000.0,6523000000.0,13760000000.0,0.1431171668,6194000000.0,0.064423527,615000000.0,6809000000.0,0.0708201155,569000000.0,6331000000.0,0.0658484581,0.63,0.62,10020000000,10240000000,https://www.sec.gov/Archives/edgar/data/1018724/000101872420000030/0001018724-20-000030-index.htm,https://www.sec.gov/Archives/edgar/data/1018724/000101872420000030/amzn-20200930.htm,9.595309381237524,0.6318363273453094,1.1940119760479042,0.0899201596806387,6.826546906187625,8.260978043912175,6.767964071856287,8.260978043912175,8.178243512974053,1577548800000.0,1629136800000.0,62.29461380508609,16.408017057569296,131.85797392176528,1750.8865704772477,19.058276049531862,19.058276049531862,16.94458162150918,118.39656976744186,136.16990972918757,1808.1429522752496,0.0040131880547847,0.0005711392256138,0.98481425551193,0.2888875501011769,3.749127906976744,1.1084955648010049,14.47196261682243,1.889748854841257,0.0,0.0,0.0173487960892402,0.1141609028030578,0.0530159933942639,0.9246907388833168,0.1150657860523168,1.6959987735704432,0.0237973893598211,10.837005380628838,0.0314888083190626,0.0236921775771932,-10.330389221556889,11057000000.0,67815000000.0,-86435000000.0,160117000000.0,20375000000.0,54685000000.0,21667000000.0,19.500546050236625,91.93534829965328,37.40675235526915,4.615255376344086,0.978948812013577,2.405982725932168,0.0764844457867713,1.1040918163672655,2020-10-29,0.37,amc,78677360829.0,2025-04-25,2020-09-30,0.6756756756756757,157.65171875,102161843.75
2020-06-30,AMZN,USD,1018724,2020-07-31,2020-07-30 20:00:55,2020,Q2,88912000000.0,52660000000.0,36252000000.0,0.4077289905,10388000000,1580000000.0,4345000000.0,5925000000.0,14096000000.0,30409000000.0,83069000000.0,135000000.0,403000000.0,5748000000.0,12372000000.0,0.1391488213,5843000000.0,0.0657166637,378000000.0,6221000000.0,0.0699680583,984000000.0,5243000000.0,0.0589684182,0.53,0.52,10000000000,10180000000,https://www.sec.gov/Archives/edgar/data/1018724/000101872420000021/0001018724-20-000021-index.htm,https://www.sec.gov/Archives/edgar/data/1018724/000101872420000021/amzn-20200630.htm,8.8912,0.5243,2.0606,1.3147,7.1391,7.3728,5.8977,7.3728,7.6329,1379400000000.0,1417860000000.0,65.77341216860576,15.514216303761025,66.94166747549258,104.92127481554728,18.70930989583333,18.70930989583333,15.946778837502247,114.6023278370514,68.80811414151218,107.84665703202252,0.0038009279396839,0.0095309554878932,1.0298122829861112,0.2939290940483288,3.1086323957322985,1.181179176961745,14.498759305210918,3.9301926378027847,0.0,0.0,0.0177703797012776,0.1168346229980205,0.057104918819731,0.3619819470057265,0.083891938096095,1.2976687543493388,0.0292536440525463,9.326043019416112,0.0299163701323096,0.0215262580933885,-8.8457,17012000000.0,58977000000.0,-73678000000.0,146817000000.0,18877000000.0,45546000000.0,19228000000.0,20.161732949433148,87.22445879225218,33.496202050892514,4.46390199819259,1.0318206756015362,2.6868717791724066,0.0711127387152777,0.7459,2020-07-30,0.07,amc,12603060194.0,2025-04-25,2020-06-30,6.428571428571428,120.78111111111112,93654761.90476193
2020-03-31,AMZN,USD,1018724,2020-05-01,2020-04-30 19:23:48,2020,Q1,75452000000.0,44257000000.0,31195000000.0,0.4134416583,9325000000,1452000000.0,4828000000.0,6280000000.0,11601000000.0,27206000000.0,71463000000.0,202000000.0,402000000.0,5362000000.0,9147000000.0,0.1212293909,3989000000.0,0.0528680486,-606000000.0,3383000000.0,0.0448364523,744000000.0,2535000000.0,0.033597519,0.25,0.25,9960000000,10120000000,https://www.sec.gov/Archives/edgar/data/1018724/000101872420000010/0001018724-20-000010-index.htm,https://www.sec.gov/Archives/edgar/data/1018724/000101872420000010/amzn-20200331x10q.htm,7.575502008032129,0.2545180722891566,0.3076305220883534,-0.3745983935742972,4.948995983935743,6.553413654618474,5.07359437751004,6.553413654618474,6.439658634538152,971000400000.0,1007536400000.0,95.75940828402366,12.869114138790223,316.906135770235,-260.2520503886358,14.876216448094128,14.876216448094128,13.353342522398346,110.14938231114026,328.8304177545692,-270.0445993031359,0.0026107095321484,-0.0038424289011621,0.9764830248805,0.2880924615120368,3.994315075981196,1.0787093374816523,9.922885572139304,1.2086785009861931,0.0,0.0,0.019244022689922,0.1235885066002226,0.0666205624711848,2.2176892950391647,0.0900572549435402,1.2672510257366654,0.0232863277315379,6.126103960222675,0.0219868051611827,0.0122760885040605,-8.420532128514056,6274000000.0,50533000000.0,-69981000000.0,125071000000.0,19326000000.0,43619500000.0,19677000000.0,21.2749827705031,81.45694466412094,38.3471541225117,4.230320699708455,1.1048781705612143,2.346979901362889,0.0388374800833435,0.6822289156626506,2020-04-30,0.31,amc,94126746506.0,2025-04-25,2020-03-31,-0.1935483870967742,96.78725806451614,110005645.16129032
2019-12-31,AMZN,USD,1018724,2020-01-31,2020-01-30 20:46:13,2019,Q4,87436000000.0,53977000000.0,33459000000.0,0.3826684661,9740000000,1412000000.0,6171000000.0,7583000000.0,12257000000.0,29580000000.0,83557000000.0,211000000.0,455000000.0,6170000000.0,10678000000.0,0.1221236104,3879000000.0,0.0443638776,174000000.0,4053000000.0,0.0463539046,786000000.0,3268000000.0,0.0373759092,0.33,0.32,9920000000,10100000000,https://www.sec.gov/Archives/edgar/data/1018724/000101872420000004/0001018724-20-000004-index.htm,https://www.sec.gov/Archives/edgar/data/1018724/000101872420000004/amzn-20191231x10k.htm,8.814112903225807,0.3294354838709677,1.9817540322580645,1.4462701612903226,5.546471774193549,6.256048387096774,4.360584677419355,6.256048387096774,6.417338709677419,916508800000.0,943621800000.0,70.1123623011016,10.482053158881923,46.62031639452668,63.88156409005367,14.768108282307445,14.768108282307445,10.792142824465897,88.37064993444466,47.99948115367008,65.77136683627239,0.0035657049883208,0.0156539686252876,1.0184498872059298,0.2806018255434011,2.53914590747331,1.0970482394205805,8.525274725274725,6.015605875152999,0.0,0.0,0.0161489546639828,0.1113957637586348,0.0834768788180139,0.2702070298590976,0.0607530079143602,0.8609400324149109,0.0210439635847934,6.80967674484456,0.0227505449330036,0.0158298820509094,-8.29702620967742,8522000000.0,43257000000.0,-66854000000.0,125171000000.0,18851500000.0,41488500000.0,19631500000.0,21.426414749073608,78.67184171035812,34.17622320618041,4.200422751729439,1.143992539685904,2.633409767283017,0.0526587173702868,0.535483870967742,2020-01-30,0.2,amc,54461681607.0,2025-04-25,2019-12-31,0.6,88.5084375,59558218.75
2019-09-30,AMZN,USD,1018724,2019-10-25,2019-10-24 20:49:26,2019,Q3,69981000000.0,41302000000.0,28679000000.0,0.4098112345,9200000000,1348000000.0,4752000000.0,6100000000.0,10222000000.0,25522000000.0,66824000000.0,224000000.0,396000000.0,5563000000.0,8591000000.0,0.1227618925,3157000000.0,0.0451122448,-525000000.0,2632000000.0,0.0376102085,494000000.0,2134000000.0,0.0304939912,0.22,0.21,9900000000,10080000000,https://www.sec.gov/Archives/edgar/data/1018724/000101872419000089/0001018724-19-000089-index.htm,https://www.sec.gov/Archives/edgar/data/1018724/000101872419000089/amzn-2019930x10q.htm,7.068787878787878,0.2155555555555555,0.7971717171717172,0.3227272727272727,4.383939393939394,5.707878787878788,4.21959595959596,5.707878787878788,6.053131313131313,859320000000.0,895595000000.0,100.6701030927835,12.279332961803918,108.88494678155094,268.9577464788732,15.207050329156932,15.207050329156932,12.797687943870478,104.24805028518216,113.48137354282818,280.3114241001565,0.0024833589349718,0.0037180561374109,1.0534791533942096,0.2989969814012124,4.2224420905598885,1.095902184762116,7.972222222222222,3.6982193064667297,0.0,0.0,0.019262371215044,0.1314642545833869,0.0740033852505537,0.5951596553471871,0.0671182178019748,0.8443285996764336,0.0254211857504179,5.261483832647603,0.0201985048081523,0.0115748650774279,-7.79209595959596,6918000000.0,41774000000.0,-63537000000.0,112428000000.0,16817000000.0,35928500000.0,18673000000.0,21.717751961246623,77.99767565735316,40.892450728778265,4.144075324213892,1.1538805386377604,2.2008952360652243,0.0377645643094783,0.4744444444444444,2019-10-24,0.23,amc,76433148936.0,2025-04-25,2019-09-30,-0.0869565217391305,92.7278125,66904031.25
2019-06-30,AMZN,USD,1018724,2019-07-26,2019-07-25 19:40:28,2019,Q2,63404000000.0,36337000000.0,27067000000.0,0.4268973566,9065000000,1270000000.0,4291000000.0,5561000000.0,9357000000.0,23983000000.0,60320000000.0,215000000.0,383000000.0,5202000000.0,8474000000.0,0.1336508738,3084000000.0,0.0486404643,-195000000.0,2889000000.0,0.0455649486,257000000.0,2625000000.0,0.0414011734,0.27,0.26,9860000000,10060000000,https://www.sec.gov/Archives/edgar/data/1018724/000101872419000071/0001018724-19-000071-index.htm,https://www.sec.gov/Archives/edgar/data/1018724/000101872419000071/amzn-2019630x10q.htm,6.430425963488844,0.2662271805273833,0.9247464503042596,0.5634888438133874,4.205172413793103,5.381440162271805,3.8878296146044624,5.381440162271805,5.96815415821501,947644600000.0,983491600000.0,90.25186666666669,14.946132736104978,103.931191050669,170.56238300935925,17.859531482633194,17.859531482633194,15.51150716043152,116.05990087325938,107.86264531695548,177.01432685385168,0.0027700258092538,0.005862957484272,1.101807353800343,0.3055275383980225,4.2302336558886005,1.1020695197910388,8.052219321148826,3.473523809523809,0.0,0.0,0.0200302820011355,0.1429720522364519,0.0769632769099717,0.3906558455801711,0.0561794208567282,0.6847366397539408,0.0310863667907387,5.677625114034482,0.0230918376894288,0.0148620798985415,-7.604132860040568,7112000000.0,38334000000.0,-61500000000.0,108211000000.0,16363000000.0,33936000000.0,17506000000.0,23.771844047694152,89.32135289099266,46.01920907064425,3.7859915208694095,1.007597814934975,1.9557050592034448,0.0494713631480748,0.3612576064908722,2019-07-25,0.28,amc,67655226053.0,2025-04-25,2019-06-30,-0.0714285714285714,93.14968253968254,80698444.44444445
2019-03-31,AMZN,USD,1018724,2019-04-26,2019-04-25 19:08:50,2019,Q1,59700000000.0,33920000000.0,25780000000.0,0.4318257956,7927000000,1173000000.0,3664000000.0,4837000000.0,8596000000.0,21360000000.0,55280000000.0,183000000.0,366000000.0,4854000000.0,9621000000.0,0.1611557789,4420000000.0,0.0740368509,-19000000.0,4401000000.0,0.073718593,836000000.0,3561000000.0,0.0596482412,0.36,0.35,9820000000,10040000000,https://www.sec.gov/Archives/edgar/data/1018724/000101872419000043/0001018724-19-000043-index.htm,https://www.sec.gov/Archives/edgar/data/1018724/000101872419000043/amzn-2019331x10q.htm,6.079429735234216,0.3626272912423625,0.1879837067209775,-0.1470468431771894,3.769857433808554,4.929735234215886,3.4319755600814665,4.929735234215886,5.80071283095723,890772199999.9999,924254200000.0,62.53666105026677,14.920807370184251,482.5418201516793,-616.8782548476454,18.400582524271844,18.400582524271844,15.481644891122276,96.06633406090842,500.67941495124586,-640.0652354570636,0.0039976550682654,-0.001621065408193,1.169117950836604,0.3177785763214338,3.480095624155493,1.0900541643771096,12.076502732240437,0.5183937096321258,0.0,0.0,0.0196482412060301,0.1327805695142378,0.0825818912757857,1.782231852654388,0.055108877721943,0.6777915121549237,0.0213400335008375,6.342103123320304,0.0312952076382399,0.0217939459221268,-7.380015274949083,5736000000.0,33702000000.0,-60261000000.0,101624000000.0,16328000000.0,35000500000.0,16803000000.0,24.088944723618088,84.39887971698113,43.59905660377358,3.736153701733526,1.066364865289698,2.064264849074976,0.0735591819871927,0.335030549898167,2019-04-25,0.24,amc,39743864598.0,2025-04-25,2019-03-31,0.4583333333333333,83.2172131147541,103531409.83606558
2018-12-31,AMZN,USD,1018724,2019-02-01,2019-01-31 20:22:40,2018,Q4,72383000000.0,44786000000.0,27597000000.0,0.3812635564,7669000000,1117000000.0,4912000000.0,6029000000.0,10113000000.0,23811000000.0,68597000000.0,150000000.0,387000000.0,4262000000.0,7999000000.0,0.1105093737,3786000000.0,0.0523050993,-436000000.0,3350000000.0,0.0462815855,327000000.0,3027000000.0,0.0418192117,0.31,0.3,9800000000,10020000000,https://www.sec.gov/Archives/edgar/data/1018724/000101872419000004/0001018724-19-000004-index.htm,https://www.sec.gov/Archives/edgar/data/1018724/000101872419000004/amzn-20181231x10k.htm,7.386020408163265,0.3088775510204081,1.6814285714285715,1.3005102040816328,4.209183673469388,4.443775510204081,2.5398979591836737,4.443775510204081,3.4216326530612244,735980000000.0,737375000000.0,60.78460521968946,10.167857093516432,44.6644010195412,57.74656728128678,16.90004362901559,16.90004362901559,10.187129574623876,92.1833979247406,44.74905935186309,57.85602196939976,0.004112883502269,0.0173170466588765,0.7610966956761349,0.2037836309084649,0.17439679959995,1.098112324721089,9.782945736434108,5.443673604228609,0.0,0.0,0.0154318002845972,0.1059502921956813,0.1147139835718853,0.2265444835538293,0.0515728831355428,0.8758798686062881,0.0195764198775955,5.557257073387624,0.0362460209218397,0.0210222932148065,-5.79125,6710000000.0,24891000000.0,-43998000000.0,87165000000.0,22596500000.0,34548000000.0,16518000000.0,20.735946285730076,76.74898405751797,34.51212432456571,4.340289020807099,1.1726539589442817,2.607779201117969,0.0695079106294059,0.3809183673469388,2019-01-31,0.28,amc,68068781456.0,2025-04-25,2018-12-31,0.0714285714285712,83.13650793650794,151531269.84126985
2018-09-30,AMZN,USD,1018724,2018-10-26,2018-10-25 19:42:40,2018,Q3,56576000000.0,33003000000.0,23573000000.0,0.4166607749,7162000000,1041000000.0,3303000000.0,4344000000.0,8343000000.0,19849000000.0,52852000000.0,117000000.0,358000000.0,3778000000.0,7526000000.0,0.1330246041,3724000000.0,0.0658229638,-334000000.0,3390000000.0,0.0599194005,508000000.0,2883000000.0,0.0509580034,0.3,0.29,9760000000,10020000000,https://www.sec.gov/Archives/edgar/data/1018724/000101872418000159/0001018724-18-000159-index.htm,https://www.sec.gov/Archives/edgar/data/1018724/000101872418000159/amzn-20180930x10q.htm,5.79672131147541,0.2953893442622951,0.8799180327868853,0.5364754098360656,3.04969262295082,4.008709016393443,2.517622950819672,4.008709016393443,2.56577868852459,978147200000.0,982406200000.0,84.82025667707249,17.28908371040724,113.89697251979506,186.81191749427043,25.000567412140576,25.000567412140576,17.36436298076923,130.53497209673134,114.39289706567304,187.62532467532463,0.0029474091425094,0.0053529775477555,0.6309009584664537,0.1717805073245415,0.5659048631411108,1.0824416166582316,10.402234636871508,2.97884148456469,0.0,0.0,0.0184000282805429,0.1265907805429864,0.1012770103343888,0.3903120633442012,0.059247737556561,0.8872419269454738,0.0238617081447963,5.161678348467986,0.0358256584460611,0.0223242632141363,-4.660553278688525,4561000000.0,24572000000.0,-44685000000.0,77133000000.0,20561500000.0,29280500000.0,15343000000.0,45.362697963800905,84.27597491137169,43.25606763021543,1.984008977416187,1.067920010354647,2.080632959273736,0.0736869009584664,0.3434426229508197,2018-10-25,0.16,amc,53178512100.0,2025-04-25,2018-09-30,0.8124999999999999,94.03460317460318,91600761.90476193
2018-06-30,AMZN,USD,1018724,2018-07-27,2018-07-26 19:23:13,2018,Q2,52886000000.0,30632000000.0,22254000000.0,0.420791892,7247000000,1111000000.0,2901000000.0,4012000000.0,8012000000.0,19271000000.0,49903000000.0,94000000.0,343000000.0,3630000000.0,6578000000.0,0.1243807435,2983000000.0,0.0564043414,-378000000.0,2605000000.0,0.0492568922,74000000.0,2534000000.0,0.0479143819,0.26,0.25,9720000000,10000000000,https://www.sec.gov/Archives/edgar/data/1018724/000101872418000108/0001018724-18-000108-index.htm,https://www.sec.gov/Archives/edgar/data/1018724/000101872418000108/amzn-20180630x10q.htm,5.4409465020576135,0.2606995884773662,0.766358024691358,0.4327160493827161,2.7829218106995883,3.6003086419753085,2.1657407407407407,3.6003086419753085,2.570061728395061,826102800000.0,830917800000.0,81.5018547750592,15.620443973830504,110.90116794200564,196.41055634807412,23.606309472781824,23.606309472781824,15.711488862837044,126.31769534813012,111.54756343133306,197.55534950071328,0.0030674148544224,0.0050913760369774,0.7040434347763966,0.1837285607755406,0.7319854058984494,1.072439518907108,8.696793002915452,2.9396211523283347,0.0,0.0,0.0210074499867639,0.1370305941080815,0.1039821029082774,0.4353604510672573,0.0613205763340014,0.8933884297520661,0.027757818704383,4.595484422830257,0.0347934811714403,0.0210892506408335,-5.677752057613168,3680000000.0,21051000000.0,-44624000000.0,72392000000.0,12316500000.0,26414500000.0,14332000000.0,21.45426010664448,81.25914076782449,43.5544528597545,4.19497104783057,1.1075677043786385,2.066378845116028,0.0724103443349049,0.333641975308642,2018-07-26,0.13,amc,44574456492.0,2025-04-25,2018-06-30,0.923076923076923,79.37125,89836375.0
2018-03-31,AMZN,USD,1018724,2018-04-27,2018-04-26 19:36:54,2018,Q1,51042000000.0,30735000000.0,20307000000.0,0.3978488304,6759000000,1067000000.0,2699000000.0,3766000000.0,7855000000.0,18380000000.0,49115000000.0,80000000.0,330000000.0,3671000000.0,5917000000.0,0.1159241409,1927000000.0,0.0377532228,-11000000.0,1916000000.0,0.037537714,287000000.0,1629000000.0,0.0319148936,0.17,0.16,9680000000,9960000000,https://www.sec.gov/Archives/edgar/data/1018724/000101872418000072/0001018724-18-000072-index.htm,https://www.sec.gov/Archives/edgar/data/1018724/000101872418000072/amzn-20180331x10q.htm,5.272933884297521,0.1682851239669421,-0.1850206611570247,-0.5050619834710743,2.578822314049587,3.250309917355372,1.8672520661157024,3.250309917355372,2.5795454545454546,700541600000.0,708505600000.0,107.5109883364027,13.72480702166843,-391.1455053042993,-143.28934342401308,22.26556908114293,22.26556908114293,13.880835390462757,119.74067939834376,-395.5921831379118,-144.91830640212723,0.0023253437054987,-0.0069788860504501,0.7831421034230683,0.1949953308747883,1.3459523407131992,1.0579456759288168,5.83939393939394,-1.0994475138121549,0.0,0.0,0.0209043532776928,0.1324203597037733,0.1059495734477137,-1.7297599106644332,0.060695113827828,0.8439117406701171,0.0231573997884095,3.5081367085527653,0.0209194976371788,0.0144192469063678,-5.578150826446281,2784000000.0,18075000000.0,-44070000000.0,68503000000.0,12595000000.0,29894000000.0,14943500000.0,21.204890090513693,73.71010248901904,40.52708638360176,4.244304007982704,1.2209995232798347,2.2207369942196533,0.0517751009121825,0.3200413223140496,2018-04-26,0.06,amc,19667559633.0,2025-04-25,2018-03-31,1.6666666666666667,71.50983606557378,119526327.86885248
2017-12-31,AMZN,USD,1018724,2018-02-02,2018-02-01 20:41:15,2017,Q4,60453000000.0,38495000000.0,21958000000.0,0.363224323,6314000000,1044000000.0,3440000000.0,4484000000.0,9033000000.0,19831000000.0,58326000000.0,65000000.0,338000000.0,3498000000.0,5707000000.0,0.0944039171,2127000000.0,0.0351843581,-256000000.0,1871000000.0,0.0309496634,14000000.0,1857000000.0,0.0307180785,0.19,0.19,9660000000,9920000000,https://www.sec.gov/Archives/edgar/data/1018724/000101872418000005/0001018724-18-000005-index.htm,https://www.sec.gov/Archives/edgar/data/1018724/000101872418000005/amzn-20171231x10k.htm,6.258074534161491,0.1922360248447205,1.277846790890269,0.9032091097308488,3.2076604554865424,2.868426501035197,1.1374741200828158,2.868426501035197,3.9610766045548655,564820200000.0,582224200000.0,76.03933764135702,9.343129373232095,45.75665910563837,64.73583954154728,20.383997978995996,20.383997978995996,9.63102244719038,102.0193096197652,47.16657485418017,66.73056733524355,0.0032877719316695,0.0154473937015708,1.3687249630084088,0.2888279643591501,3.0495882249868584,1.039977195376881,6.292899408284024,6.650862068965517,0.0,0.0,0.0172696144111954,0.1044447752799695,0.1273398827202802,0.2931788723266364,0.0598646882702264,1.0345911949685536,0.0195027542057466,3.522333804831788,0.0287507925806567,0.0162057440068418,-5.66444099378882,2314000000.0,10988000000.0,-43404000000.0,67901000000.0,11860500000.0,30345500000.0,14879000000.0,19.59803483698079,80.93103000389661,37.51733991427458,4.592297174111212,1.112058007857638,2.3988907583972083,0.0670179364105525,0.3746376811594203,2018-02-01,0.09,amc,51497000000.0,2025-04-25,2017-12-31,0.2222222222222222,55.02285714285714,69288666.66666667
2017-09-30,AMZN,USD,1018724,2017-10-27,2017-10-26 19:41:02,2017,Q3,43744000000.0,27549000000.0,16195000000.0,0.3702222019,5944000000,960000000.0,2479000000.0,3439000000.0,6465000000.0,15848000000.0,43397000000.0,54000000.0,228000000.0,2912000000.0,3456000000.0,0.0790051207,347000000.0,0.0079325165,-31000000.0,316000000.0,0.0072238478,58000000.0,256000000.0,0.0058522312,0.0265,0.026,9620000000,9880000000,https://www.sec.gov/Archives/edgar/data/1018724/000101872417000135/0001018724-17-000135-index.htm,https://www.sec.gov/Archives/edgar/data/1018724/000101872417000135/amzn-20170930x10q.htm,4.547193347193347,0.0266112266112266,0.4003118503118503,0.1239085239085239,2.527027027027027,2.563201663201663,1.1836798336798338,2.563201663201663,2.5923076923076924,462433400000.0,474376400000.0,451.5951171875,10.571356071689832,120.0813814593612,387.9474832214765,18.75388920431503,18.75388920431503,10.84437637161668,137.26168981481482,123.18265385614126,397.9667785234899,0.0005535932309387,0.0025776684815586,1.0021088490550734,0.2143718497054664,3.4557291666666665,1.0319935418082935,1.5219298245614037,15.04296875,0.0,0.0,0.021945866861741,0.1358814923189466,0.1151326919239678,0.6904700077901844,0.0607854791514264,0.9131181318681318,0.0248034016093635,1.2388396413454723,0.0041544120035527,0.0025099023491117,-5.356107068607068,1506000000.0,11387000000.0,-42031000000.0,60112000000.0,9301500000.0,23757000000.0,12610500000.0,21.720235918068767,85.18458020254819,44.79255145377328,4.143601401913422,1.056529242569511,2.0092626358398364,0.0103820261172844,0.2764033264033264,2017-10-26,0.00171,amc,2523692307.0,2025-04-25,2017-09-30,16.54385964912281,49.12079365079365,68411428.57142857
2017-06-30,AMZN,USD,1018724,2017-07-28,2017-07-27 19:19:31,2017,Q2,37955000000.0,23451000000.0,14504000000.0,0.3821367409,5549000000,874000000.0,2229000000.0,3103000000.0,5224000000.0,13876000000.0,37327000000.0,44000000.0,143000000.0,2633000000.0,3442000000.0,0.0906863391,628000000.0,0.0165459096,38000000.0,666000000.0,0.0175470952,467000000.0,197000000.0,0.005190357,0.0205,0.02,9580000000,9840000000,https://www.sec.gov/Archives/edgar/data/1018724/000101872417000100/0001018724-17-000100-index.htm,https://www.sec.gov/Archives/edgar/data/1018724/000101872417000100/amzn-20170630x10q.htm,3.961899791231733,0.0205636743215031,0.3996868475991649,0.1386221294363256,2.239144050104384,2.423173277661796,1.9791231732776613,2.423173277661796,0.816910229645094,463672000000.0,458152000000.0,588.4162436548223,12.21636148070083,121.09480282057976,349.15060240963857,19.97380890841733,19.97380890841733,12.070926096693452,133.1063335270192,119.65317315225909,344.99397590361446,0.0004248693041632,0.0028640935833951,0.3309640734039804,0.0875246351716202,-1.6037187681580476,1.0120187561697926,4.391608391608392,19.436548223350258,0.0,0.0,0.0230272691345013,0.146199446713213,0.0484615121723379,0.6531731522590755,0.0658938216308786,0.949867071781238,0.0305098142537215,1.0588485667904286,0.003970412087041,0.0023585188023034,-3.269989561586639,487000000.0,18960000000.0,-23560000000.0,41824000000.0,7687500000.0,20165000000.0,11055000000.0,19.078909234619942,82.27836766022772,44.17295637712677,4.7172508078548345,1.093847660805075,2.0374456993918333,0.0084862582924097,0.2610647181628392,2017-07-27,0.07,amc,134740250000.0,2025-04-25,2017-06-30,-0.7142857142857143,47.70793650793651,78056222.22222222
2017-03-31,AMZN,USD,1018724,2017-04-28,2017-04-27 19:05:44,2017,Q1,35714000000.0,22440000000.0,13274000000.0,0.3716749734,4813000000,795000000.0,1920000000.0,2715000000.0,4741000000.0,12269000000.0,34709000000.0,39000000.0,139000000.0,2435000000.0,3527000000.0,0.0987567901,1005000000.0,0.0281402251,-52000000.0,953000000.0,0.0266842135,229000000.0,724000000.0,0.0202721622,0.076,0.074,9540000000,9800000000,https://www.sec.gov/Archives/edgar/data/1018724/000101872417000051/0001018724-17-000051-index.htm,https://www.sec.gov/Archives/edgar/data/1018724/000101872417000051/amzn-20170331x10q.htm,3.743605870020964,0.0758909853249475,-0.1666666666666666,-0.3617400419287211,2.256918238993711,2.2719077568134174,1.871174004192872,2.2719077568134174,0.8207547169811321,422908200000.0,415159200000.0,146.03183701657457,11.841524332194655,-265.98,-122.54656621269196,19.51223585863246,19.51223585863246,11.624550596404772,117.70887439750496,-261.10641509433964,-120.3011301072153,0.0017119554551082,-0.0081601633640586,0.3548491279874504,0.094986970321975,-2.1970513184009075,1.0551084253589669,7.23021582733813,-2.196132596685083,0.0,0.0,0.0222601780814246,0.1347650781206249,0.0472156010324939,-1.1704402515723271,0.0521084168673349,0.764271047227926,0.0221761774094192,1.969616627727116,0.0175236337372215,0.0093848028413657,-2.8267557651991613,2061000000.0,17851000000.0,-19835000000.0,38516000000.0,7834000000.0,22100000000.0,11030500000.0,18.469227753822032,75.76604278074866,42.513368983957214,4.872970391595033,1.1878672383674769,2.116981132075472,0.0334040786195441,0.1950733752620545,2017-04-27,0.05,amc,26302878378.0,2025-04-25,2017-03-31,0.4000000000000001,41.675,65507419.35483871
2016-12-31,AMZN,USD,1018724,2017-02-10,2017-02-09 17:56:36,2016,Q4,43741000000.0,28959000000.0,14782000000.0,0.3379438056,4545000000,717000000.0,2513000000.0,3230000000.0,5752000000.0,13527000000.0,42486000000.0,29000000.0,133000000.0,2297000000.0,3596000000.0,0.0822111977,1255000000.0,0.0286916166,-89000000.0,1166000000.0,0.0266569123,413000000.0,749000000.0,0.0171235226,0.0785,0.077,9520000000,9720000000,https://www.sec.gov/Archives/edgar/data/1018724/000101872417000011/0001018724-17-000011-index.htm,https://www.sec.gov/Archives/edgar/data/1018724/000101872417000011/amzn-20161231x10k.htm,4.5946428571428575,0.0786764705882352,1.1188025210084034,0.9081932773109244,2.729096638655462,2.025735294117647,1.538550420168067,2.025735294117647,1.6119747899159664,356904800000.0,352783800000.0,119.12710280373832,8.159502526233968,33.50904140456295,41.27975942632431,18.506860254083485,18.506860254083485,8.065288859422509,98.10450500556172,33.12212937752324,40.80312283136711,0.0020985988420441,0.0242249473809262,0.788851438942183,0.182405697705091,-1.145995550611791,1.044846631367537,9.436090225563907,14.220293724966622,0.0,0.0,0.016391943485517,0.1039070894584028,0.0556101772139756,0.1882452351891841,0.0458380009601975,0.8728776665215499,0.020278457282641,1.8936732357938468,0.0204738035234141,0.0095094205474582,-2.7469800420168067,1965000000.0,14647000000.0,-18336000000.0,35717000000.0,7452500000.0,22055000000.0,11078500000.0,17.158043940467753,78.65637625608619,35.61897855588936,5.245353159851301,1.1442174720455174,2.5267428671145624,0.0388384754990925,0.210609243697479,2017-02-02,0.07,amc,38344383116.0,2025-04-25,2016-12-31,0.1428571428571427,39.18539682539682,82796793.65079366
2016-09-30,AMZN,USD,1018724,2016-10-28,2016-10-27 18:38:58,2016,Q3,32714000000.0,21260000000.0,11454000000.0,0.3501253286,4135000000,639000000.0,1738000000.0,2377000000.0,4367000000.0,10879000000.0,32139000000.0,26000000.0,118000000.0,2084000000.0,2693000000.0,0.0823194962,575000000.0,0.0175765727,-84000000.0,491000000.0,0.0150088647,229000000.0,252000000.0,0.007703124,0.0265,0.026,9480000000,9700000000,https://www.sec.gov/Archives/edgar/data/1018724/000101872416000324/0001018724-16-000324-index.htm,https://www.sec.gov/Archives/edgar/data/1018724/000101872416000324/amzn-20160930x10q.htm,3.45084388185654,0.0265822784810126,0.4732067510548523,0.2790084388185654,1.935337552742616,1.8757383966244725,1.4733122362869198,1.8757383966244725,0.8779535864978903,396927600000.0,391476600000.0,393.77738095238095,12.1332640459742,88.48140882746321,150.06714555765595,22.32187605443707,22.32187605443707,11.966638136577613,145.36821388785742,87.26629514043691,148.00627599243856,0.0006348764862912,0.0066636837549215,0.4614216623551906,0.1157312721271704,-2.0241366505755662,1.063018687682847,4.872881355932203,17.8015873015873,0.0,0.0,0.0195329216849055,0.1263984838295531,0.0538104574241505,0.4103878733838609,0.0562756006602677,0.8833973128598849,0.0237207311854252,1.059189081030152,0.0082040378242902,0.0037565964044005,-2.583913502109705,2111000000.0,13967000000.0,-17506000000.0,33103000000.0,6329000000.0,17462000000.0,10142000000.0,18.063825884942226,79.59031044214488,45.279397930385706,4.982333231800183,1.1307909153768416,1.987658937920718,0.0141716342368687,0.1941983122362869,2016-10-27,0.04494,amc,49071000000.0,2025-04-25,2016-09-30,-0.3324432576769026,38.27234375,58116125.0
2016-06-30,AMZN,USD,1018724,2016-07-29,2016-07-28 19:21:05,2016,Q2,30404000000.0,19180000000.0,11224000000.0,0.3691619524,160000000,580000000.0,1546000000.0,2126000000.0,7653000000.0,9939000000.0,29119000000.0,24000000.0,116000000.0,1909000000.0,3204000000.0,0.1053808709,1285000000.0,0.0422641758,-106000000.0,1179000000.0,0.0387777924,307000000.0,857000000.0,0.0281870806,0.0905,0.089,9460000000,9660000000,https://www.sec.gov/Archives/edgar/data/1018724/000101872416000286/0001018724-16-000286-index.htm,https://www.sec.gov/Archives/edgar/data/1018724/000101872416000286/amzn-20160630x10q.htm,3.213953488372093,0.0905919661733615,0.3662790697674418,0.1854122621564482,1.748414376321353,1.7482029598308668,1.349260042283298,1.7482029598308668,0.880338266384778,338478800000.0,334169800000.0,98.73943990665111,11.132706222865412,97.68507936507936,192.97537058152795,20.46673116459064,20.46673116459064,10.990981449809237,104.29769038701625,96.44150072150072,190.51870011402508,0.0025319163268127,0.005182008444842,0.4965533921876889,0.1261909152375683,-1.3448813982521848,1.0889917869334504,11.077586206896552,4.043173862310385,0.0,0.0,0.0190764373108801,0.0052624654650703,0.0579937304075235,0.4937950937950938,0.0562754900670964,0.896280775275013,0.0252598342323378,1.8876958776578097,0.0267800908145545,0.0139799680271443,-2.3927061310782243,2633000000.0,12764000000.0,-16318000000.0,31597000000.0,5582000000.0,15556500000.0,9585000000.0,18.033153532429942,75.65537017726798,44.99061522419187,4.99080761654629,1.1896049122371768,2.0004171881518564,0.0518200507921151,0.1808668076109936,2016-07-28,0.06,amc,18959797752.0,2025-04-25,2016-06-30,0.5,33.82296875,76131125.0
2016-03-31,AMZN,USD,1018724,2016-04-29,2016-04-28 18:27:40,2016,Q1,29128000000.0,18866000000.0,10262000000.0,0.3523070585,161000000,497000000.0,1436000000.0,1933000000.0,7097000000.0,9191000000.0,28057000000.0,21000000.0,117000000.0,1827000000.0,3000000000.0,0.1029936831,1071000000.0,0.0367687449,-15000000.0,1056000000.0,0.0362537764,475000000.0,513000000.0,0.0176119198,0.0545,0.0535,9420000000,9620000000,https://www.sec.gov/Archives/edgar/data/1018724/000101872416000227/0001018724-16-000227-index.htm,https://www.sec.gov/Archives/edgar/data/1018724/000101872416000227/amzn-20160331x10q.htm,3.0921443736730363,0.0544585987261146,-0.2292993630573248,-0.3544585987261146,1.6835456475583863,1.5664543524416137,1.1646496815286624,1.5664543524416137,0.8849256900212314,279585600000.0,275334600000.0,136.2502923976608,9.59851689096402,-129.43777777777777,-83.73333333333333,18.947248576850093,18.947248576850093,9.452574842076352,91.7782,-127.46972222222222,-82.46019766397124,0.0018348584476453,-0.0119426751592356,0.5569937652480347,0.1344555686428478,-1.417,1.082520310781566,9.153846153846152,-4.2105263157894735,0.0,0.0,0.0170626201592968,0.005527327657237,0.0619192514068839,-0.5458333333333333,0.0404765174402636,0.645320197044335,0.0186761878604778,1.3854260906139513,0.0178881284997143,0.0089461660533979,-2.326751592356688,2326000000.0,10971000000.0,-15859000000.0,29419000000.0,5363000000.0,17693500000.0,9912500000.0,15.671518813512773,71.50959397858583,45.71080250185519,5.742902208201893,1.2585723815877252,1.9689000208724687,0.0347655191108701,0.1251592356687898,2016-04-28,0.02756,amc,25169981892.0,2025-04-25,2016-03-31,0.8142235123367199,28.380819672131143,114214819.67213117
2015-12-31,AMZN,USD,1018724,2016-01-29,2016-01-28 19:38:11,2015,Q4,35747000000.0,24341000000.0,11406000000.0,0.3190757266,167000000,390000000.0,1758000000.0,2148000000.0,7982000000.0,10297000000.0,34638000000.0,13000000.0,115000000.0,1752000000.0,2805000000.0,0.0784681232,1109000000.0,0.0310235824,-171000000.0,938000000.0,0.0262399642,452000000.0,482000000.0,0.013483649,0.0515,0.05,9400000000,9620000000,https://www.sec.gov/Archives/edgar/data/1018724/000101872416000172/0001018724-16-000172-index.htm,https://www.sec.gov/Archives/edgar/data/1018724/000101872416000172/amzn-20151231x10k.htm,3.802872340425532,0.0512765957446808,0.9374468085106384,0.7981914893617021,2.107234042553192,1.4238297872340426,0.9184042553191488,1.4238297872340426,1.5202127659574467,317626000000.0,315911000000.0,164.74377593360995,8.88538898369094,36.04471175669541,42.333200053312005,23.73176927674836,23.73176927674836,8.837412929756344,112.62424242424242,35.850090785292785,42.10462481673997,0.0015175080125682,0.0236221216147292,1.059100418410042,0.2189290623503791,-0.6114081996434938,1.0536488919054503,9.643478260869566,18.282157676348547,0.0,0.0,0.0109100064341063,0.0046717207038352,0.0733779171235732,0.1485474353154789,0.0366184574929364,0.7471461187214612,0.0169524715360729,1.281680829695048,0.0186195446248067,0.0080338689245949,-2.3609574468085106,1818000000.0,8633000000.0,-15658000000.0,28407000000.0,5547000000.0,17417000000.0,9612000000.0,14.235040702716312,75.41719732139188,37.87313586130397,6.322426600636717,1.1933617688875815,2.3763545836180806,0.0360131500298864,0.1392553191489361,2016-01-28,0.08,amc,55765320000.0,2025-04-25,2015-12-31,-0.375,31.5209375,85818281.25
2015-09-30,AMZN,USD,1018724,2015-10-23,2015-10-22 18:50:56,2015,Q3,25358000000.0,16755000000.0,8603000000.0,0.3392617714,159000000,463000000.0,1264000000.0,1727000000.0,6311000000.0,8197000000.0,24952000000.0,13000000.0,116000000.0,1599000000.0,1962000000.0,0.0773720325,406000000.0,0.0160107264,-159000000.0,247000000.0,0.0097405158,161000000.0,79000000.0,0.0031153876,0.0085,0.0085,9360000000,9560000000,https://www.sec.gov/Archives/edgar/data/1018724/000101872415000126/0001018724-15-000126-index.htm,https://www.sec.gov/Archives/edgar/data/1018724/000101872415000126/amzn-20150930x10q.htm,2.7091880341880343,0.0084401709401709,0.2788461538461538,0.1511752136752136,1.5414529914529915,1.327991452991453,0.9509615384615384,1.327991452991453,0.8930555555555556,239522400000.0,237056400000.0,757.9822784810127,9.445634513762917,91.77103448275862,169.2737809187279,19.269702333065165,19.269702333065165,9.348387096774193,120.82385321100918,90.82620689655172,167.53102473498234,0.0003298230144654,0.0059075894363115,0.6631536604987932,0.1465943446558776,-1.256880733944954,1.0822298083055109,3.5,33.037974683544306,0.0,0.0,0.0182585377395693,0.0062702105844309,0.0627600924773252,0.4578544061302682,0.0471251675999684,0.7473420888055035,0.0214527959618266,0.5021859063957406,0.0047800467956122,0.0014990227889413,-2.2223824786324786,2192000000.0,8901000000.0,-14951000000.0,26357000000.0,5180000000.0,13414000000.0,8225500000.0,19.307516365643977,77.54879140555059,48.24171888988362,4.661397058823529,1.1605596730622705,1.865605166462532,0.0063555913113435,0.1276709401709401,2015-10-22,0.00307,amc,20883058823.0,2025-04-25,2015-09-30,2.257328990228013,25.28078125,81781906.25
2015-06-30,AMZN,USD,1018724,2015-07-24,2015-07-23 18:46:09,2015,Q2,23185000000.0,15160000000.0,8025000000.0,0.3461289627,157000000,467000000.0,1150000000.0,1617000000.0,5787000000.0,7561000000.0,22721000000.0,12000000.0,114000000.0,1504000000.0,1980000000.0,0.0854000431,464000000.0,0.0200129394,-102000000.0,362000000.0,0.0156135432,266000000.0,92000000.0,0.0039680828,0.01,0.0095,9340000000,9520000000,https://www.sec.gov/Archives/edgar/data/1018724/000101872415000087/0001018724-15-000087-index.htm,https://www.sec.gov/Archives/edgar/data/1018724/000101872415000087/amzn-20150630x10q.htm,2.482334047109208,0.0098501070663811,0.2138115631691649,0.0839400428265524,1.4990364025695933,1.2599571734475374,0.882762312633833,1.2599571734475374,0.8955032119914347,202678000000.0,200659000000.0,550.7554347826087,8.741772697864999,101.49123685528292,258.5178571428572,17.222807613868117,17.222807613868117,8.654690532671987,101.3429292929293,100.48022033049574,255.94260204081635,0.0004539219846258,0.0038682047385508,0.7010537049626104,0.1573226544622425,-1.0196969696969698,1.1036717965874874,4.0701754385964914,21.706521739130437,0.0,0.0,0.0201423334052188,0.006771619581626,0.067181540808543,0.6074111166750125,0.0523183092516713,0.8065159574468085,0.0242829415570411,0.5284326293805554,0.0043132965422359,0.0018807367581822,-2.060599571734475,2479000000.0,8245000000.0,-14281000000.0,25481000000.0,4846000000.0,12154000000.0,7419500000.0,19.09855510028035,73.561345646438,44.34696569920844,4.712398373983739,1.2234686465983375,2.0294511378848727,0.0078178110129163,0.1298715203426124,2015-07-23,0.00296,amc,17083684210.0,2025-04-25,2015-06-30,2.3783783783783785,20.89968253968254,60754063.49206349
2015-03-31,AMZN,USD,1018724,2015-04-24,2015-04-23 19:03:23,2015,Q1,22717000000.0,15395000000.0,7322000000.0,0.3223136858,152000000,427000000.0,1083000000.0,1510000000.0,5405000000.0,7067000000.0,22462000000.0,11000000.0,115000000.0,1426000000.0,1562000000.0,0.0687590791,255000000.0,0.0112250737,-234000000.0,21000000.0,0.0009244178,71000000.0,-57000000.0,-0.0025091341,-0.006,-0.006,9300000000,9300000000,https://www.sec.gov/Archives/edgar/data/1018724/000101872415000038/0001018724-15-000038-index.htm,https://www.sec.gov/Archives/edgar/data/1018724/000101872415000038/amzn-20150331x10q.htm,2.442688172043011,-0.0061290322580645,-0.1611827956989247,-0.2548387096774193,1.4818279569892474,1.1691397849462366,0.7937634408602151,1.1691397849462366,0.9002150537634409,173073000000.0,171093000000.0,-759.0921052631578,7.6186556323458205,-115.45897264843228,-73.02658227848102,15.917686011220454,15.917686011220454,7.531496236298807,109.53457106274008,-114.13809206137424,-72.19113924050633,-0.0003293407983914,-0.013693643722591,0.7594040283270487,0.1648926610084872,-1.267605633802817,1.1184363808948528,2.217391304347826,26.29824561403509,0.0,0.0,0.0187964960161993,0.006691024343003,0.0697154268597104,-0.5810540360240161,0.0383413302812871,0.6107994389901823,0.0179160980763305,,-0.0225720446554709,-0.0012235960844925,-1.9524193548387097,2745000000.0,7382000000.0,-13280000000.0,23972000000.0,5192000000.0,14188000000.0,7834000000.0,18.905665360743058,69.66742448847029,43.07957128937967,4.760477787091366,1.2918519761684988,2.089157280499389,-0.0052423434194794,0.0936559139784946,2015-04-23,-0.00981,amc,22717000000.0,2025-04-25,2015-03-31,0.0193679918450561,17.58344262295082,75215114.75409836
2014-12-31,AMZN,USD,1018724,2015-01-30,2015-01-29 19:38:08,2014,Q4,29329000000.0,20672000000.0,8657000000.0,0.2951686045,148000000,442000000.0,1526000000.0,1968000000.0,5951000000.0,8067000000.0,28739000000.0,8000000.0,74000000.0,1380000000.0,1883000000.0,0.0642026663,590000000.0,0.0201166081,-161000000.0,429000000.0,0.0146271608,205000000.0,214000000.0,0.0072965324,0.023,0.0225,9280000000,9440000000,https://www.sec.gov/Archives/edgar/data/1018724/000101872415000006/0001018724-15-000006-index.htm,https://www.sec.gov/Archives/edgar/data/1018724/000101872415000006/amzn-20141231x10k.htm,3.1604525862068966,0.0230603448275862,0.7235991379310345,0.600323275862069,1.8767241379310344,1.1574353448275865,0.7174568965517242,1.1574353448275865,1.353771551724138,144025600000.0,141957600000.0,168.25420560747662,4.910689079068499,21.448339538346985,25.852737390055644,13.408956335536727,13.408956335536727,4.840178662756999,75.38906001062135,21.140372300819063,25.481529348411417,0.0014858469605403,0.0386806234447209,1.1627408993576016,0.2291349417484634,-1.0982474774296336,1.1152764427355903,7.972972972972973,31.3785046728972,0.0,0.0,0.0150704081284735,0.0050462000068191,0.0749105586643427,0.1703648548026805,0.0390057622148726,0.8295866569978245,0.0139111459647447,0.7749479393905158,0.0116620710200358,0.0042441791281583,-1.9385237068965515,3238000000.0,6658000000.0,-12437000000.0,24288000000.0,4992500000.0,14135000000.0,7807500000.0,17.221180401650244,71.65779798761609,36.131482198142415,5.2261225944404845,1.2559693784555563,2.490902518375708,0.0199236570151754,0.1232758620689655,2015-01-29,0.00746,amc,11079844444.0,2025-04-25,2014-12-31,1.6809651474530831,15.58,83394937.5
2014-09-30,AMZN,USD,1018724,2014-10-24,2014-10-23 19:33:37,2014,Q3,20579000000.0,14627000000.0,5952000000.0,0.2892268818,138000000,406000000.0,993000000.0,1399000000.0,4959000000.0,6496000000.0,21123000000.0,9000000.0,49000000.0,1247000000.0,662000000.0,0.0321687157,-544000000.0,-0.026434715,-90000000.0,-634000000.0,-0.0308081054,205000000.0,-437000000.0,-0.0212352398,-0.0475,-0.0475,9200000000,9260000000,https://www.sec.gov/Archives/edgar/data/1018724/000101872414000055/0001018724-14-000055-index.htm,https://www.sec.gov/Archives/edgar/data/1018724/000101872414000055/amzn-20140930x10q.htm,2.2368478260869566,-0.0475,0.1919565217391304,0.0421739130434782,0.7481521739130435,1.1234782608695653,0.7613043478260869,1.1234782608695653,0.3421739130434783,148304000000.0,146145000000.0,-84.8421052631579,7.206569804169299,83.97734994337486,382.22680412371136,14.348297213622292,14.348297213622292,7.101657029010156,220.7628398791541,82.75481313703284,376.6623711340207,-0.0029466501240694,0.0026162477074118,0.2998258513931888,0.0766718622430045,-3.2613293051359515,0.8910853085116591,-11.10204081632653,-4.0411899313501145,0.0,0.0,0.0197288497983381,0.0067058652023907,0.0824364778940597,0.7802944507361268,0.0669614655716993,1.1050521251002403,0.0183196462413139,,-0.036772695184541,-0.0117831045919055,-1.7676358695652177,-2270000000.0,7004000000.0,-11511000000.0,16764000000.0,4249000000.0,11134000000.0,6980000000.0,19.124835997861897,72.67313871607303,45.01538251179326,4.705922707523439,1.2384218101769535,1.999316566429743,-0.0422794117647058,0.1497826086956522,2014-10-23,-0.03868,amc,15813336842.0,2025-04-25,2014-09-30,0.2926577042399174,16.63234375,71715781.25
2014-06-30,AMZN,USD,1018724,2014-07-25,2014-07-24 19:36:23,2014,Q2,19340000000.0,13399000000.0,5941000000.0,0.3071871768,139000000,377000000.0,943000000.0,1320000000.0,4497000000.0,5956000000.0,19355000000.0,11000000.0,45000000.0,1109000000.0,1127000000.0,0.0582730093,-15000000.0,-0.0007755946,-12000000.0,-27000000.0,-0.0013960703,94000000.0,-126000000.0,-0.0065149948,-0.0135,-0.0135,9220000000,9220000000,https://www.sec.gov/Archives/edgar/data/1018724/000101872414000025/0001018724-14-000025-index.htm,https://www.sec.gov/Archives/edgar/data/1018724/000101872414000025/amzn-20140630x10q.htm,2.0976138828633406,-0.0136659436008676,0.0934924078091106,-0.0464208242950108,0.8661605206073753,1.149891540130152,0.8595444685466378,1.149891540130152,0.3431670281995662,149732800000.0,147794800000.0,-297.08888888888885,7.742130299896587,173.70394431554524,-349.8429906542056,14.123071118656854,14.123071118656854,7.641923474663909,131.14001774622892,171.45568445475638,-345.31495327102806,-0.0008414989902012,-0.0028584251413184,0.2941897755140539,0.0822998575122697,-1.7196095829636202,1.0002133219561624,-0.3333333333333333,-6.841269841269841,0.0,0.0,0.0194932781799379,0.0071871768355739,0.0706369729273312,1.4965197215777262,0.0667011375387797,1.163210099188458,0.0202171664943123,,-0.0035108488129849,-0.0035774112035433,-1.3985086767895878,4000000.0,7925000000.0,-8541000000.0,16770000000.0,4035000000.0,10523500000.0,6680000000.0,19.19596690796277,70.23882379282036,44.62721098589447,4.6884848484848485,1.281342641292914,2.0167068031306443,-0.0118845500848896,0.1399132321041215,2014-07-24,-0.00539,amc,14359949996.0,2025-04-25,2014-06-30,0.855287569573284,15.81984126984127,93154920.63492064
2014-03-31,AMZN,USD,1018724,2014-04-25,2014-04-24 19:35:02,2014,Q1,19741000000.0,14055000000.0,5686000000.0,0.2880299883,133000000,327000000.0,870000000.0,1197000000.0,4210000000.0,5540000000.0,19595000000.0,11000000.0,42000000.0,1010000000.0,1172000000.0,0.0593688263,146000000.0,0.0073957753,-26000000.0,120000000.0,0.0060787194,73000000.0,108000000.0,0.0054708475,0.0115,0.0115,9200000000,9360000000,https://www.sec.gov/Archives/edgar/data/1018724/000101872414000014/0001018724-14-000014-index.htm,https://www.sec.gov/Archives/edgar/data/1018724/000101872414000014/amzn-20140331x10q.htm,2.1457608695652173,0.0117391304347826,-0.2719565217391304,-0.3893478260869565,0.9419565217391304,1.122608695652174,0.8342391304347826,1.122608695652174,0.3466304347826087,154744000000.0,152817000000.0,358.2037037037037,7.838711311483714,-61.84812150279777,-43.20044667783361,14.98295894655306,14.98295894655306,7.741097208854668,130.38993174061434,-61.0779376498801,-42.66247906197655,0.0006979268986196,-0.0231479088042185,0.304705654531371,0.0865416345836541,-1.64419795221843,1.0528408781391294,3.4761904761904763,-23.166666666666668,0.0,0.0,0.016564510409807,0.0067372473532242,0.0729567704322956,-0.4316546762589928,0.0547084747479864,1.0693069306930694,0.0162605744389848,0.5445320218989383,0.003175616889728,0.0032037020557088,-1.2014402173913044,970000000.0,7675000000.0,-6709000000.0,15890000000.0,4356000000.0,12861500000.0,7063500000.0,17.985411073400538,67.81216648879403,43.005336179295625,5.004055766793409,1.3271954674220965,2.092763549731983,0.0104570100697134,0.117391304347826,2014-04-24,0.00991,amc,19741000000.0,2025-04-25,2014-03-31,0.0090817356205852,18.5572131147541,78450622.95081967
2013-12-31,AMZN,USD,1018724,2014-01-31,2014-01-30 21:52:38,2013,Q4,25587000000.0,18806000000.0,6781000000.0,0.2650173916,125000000,319000000.0,1132000000.0,1451000000.0,4695000000.0,6271000000.0,25077000000.0,10000000.0,39000000.0,962000000.0,1453000000.0,0.0567866495,510000000.0,0.0199319967,-58000000.0,452000000.0,0.0176652206,179000000.0,240000000.0,0.0093797632,0.026,0.0255,9160000000,9340000000,https://www.sec.gov/Archives/edgar/data/1018724/000101872414000006/0001018724-14-000006-index.htm,https://www.sec.gov/Archives/edgar/data/1018724/000101872414000006/amzn-20131231x10k.htm,2.793340611353712,0.0262008733624454,0.6089519650655022,0.512882096069869,1.3588427947598254,1.0639737991266376,0.7037117903930131,1.0639737991266376,0.5698689956331878,182650400000.0,179173400000.0,190.26083333333332,7.138406221909563,32.74478307637146,38.87833120476799,18.74106300020521,18.74106300020521,7.002516903114863,123.31273227804542,32.12144137683757,38.13822903363133,0.0013139856249972,0.0257212686093214,0.5316027088036117,0.1290121765980228,-2.392980041293874,1.0715839860748475,13.076923076923077,23.338912133891213,0.0,0.0,0.0124672685348028,0.0048852933130105,0.0821733608904604,0.1577626389386877,0.034392464923594,0.9138110072689511,0.0127408449603314,0.7919807209567867,0.0179306696228725,0.0065112998182262,-1.1665120087336245,1645000000.0,6446000000.0,-5788000000.0,15894000000.0,3912000000.0,12585000000.0,6739500000.0,16.767499120647205,72.42209933000106,35.466872274805915,5.367526746381372,1.2427145972378246,2.5375792740520846,0.0246254873794377,0.0960698689956331,2014-01-30,0.03893,amc,33112588235.0,2025-04-25,2013-12-31,-0.2293860775751348,17.98125,58496812.5
2013-09-30,AMZN,USD,1018724,2013-10-25,2013-10-24 19:56:06,2013,Q3,17092000000.0,12366000000.0,4726000000.0,0.2765036274,117000000,278000000.0,694000000.0,972000000.0,3662000000.0,4751000000.0,17117000000.0,9000000.0,36000000.0,834000000.0,827000000.0,0.0483852095,-25000000.0,-0.0014626726,-18000000.0,-43000000.0,-0.0025157969,12000000.0,-41000000.0,-0.0023987831,-0.0045,-0.0045,9111111111,9140000000,https://www.sec.gov/Archives/edgar/data/1018724/000144530513002495/0001445305-13-002495-index.htm,https://www.sec.gov/Archives/edgar/data/1018724/000144530513002495/amzn-20130930x10q.htm,1.8759512195350725,-0.0045000000000548,0.1523414634164919,0.0384146341468099,0.8439146341566331,0.9973536585487482,0.7081463414720506,0.9973536585487482,0.3379390243943651,142406666664.93,141577666664.93,-868.333333322744,8.331773149130003,102.59846301507926,406.8761904712285,15.671472066130736,15.671472066130736,8.283270925867656,171.19427649931075,102.00120076724065,404.5076190426571,-0.0002879078694852,0.0024577501053621,0.3348739958182018,0.09550861554879,-1.0024183796856103,1.074310505113108,-0.6944444444444444,-33.853658536585364,0.0,0.0,0.0162649192604727,0.006845307746314,0.0827029911176673,0.7478386167146974,0.0607301661596068,1.2446043165467626,0.0164404399719166,,-0.0020333679375585,-0.0014028604667077,-1.0710274390374517,1199000000.0,6452000000.0,-5440000000.0,13825000000.0,2959000000.0,9513500000.0,5744000000.0,16.09700444652469,73.04949053857351,44.16302765647744,5.591102387962055,1.2320414466474046,2.0379037574159526,-0.0045119401342577,0.113926829269682,2013-10-24,-0.00439,amc,17092000000.0,2025-04-25,2013-09-30,0.0227790432801822,14.90453125,48368625.0
2013-06-30,AMZN,USD,1018724,2013-07-26,2013-07-25 20:13:37,2013,Q2,15704000000.0,11209000000.0,4495000000.0,0.2862328069,107000000,286000000.0,675000000.0,961000000.0,3348000000.0,4416000000.0,15625000000.0,9000000.0,33000000.0,756000000.0,806000000.0,0.0513245033,79000000.0,0.0050305655,-62000000.0,17000000.0,0.0010825267,13000000.0,-7000000.0,-0.0004457463,-0.001,-0.001,9120000000,9120000000,https://www.sec.gov/Archives/edgar/data/1018724/000119312513303204/0001193125-13-303204-index.htm,https://www.sec.gov/Archives/edgar/data/1018724/000119312513303204/d542614d10q.htm,1.7219298245614034,-0.0007675438596491,0.0964912280701754,0.0027412280701754,0.818311403508772,0.9575657894736842,0.6709429824561404,0.9575657894736842,0.3371710526315789,128683200000.0,128021200000.0,-4595.828571428571,8.19429444727458,146.23090909090908,5147.328,14.735279972518034,14.735279972518034,8.152139582272033,158.83523573200992,145.47863636363635,5120.848,-5.439715518420432e-05,0.0001942755542293,0.34833390587427,0.1026904769942274,-0.8213399503722084,1.1051917203936206,2.393939393939394,-125.71428571428572,0.0,0.0,0.0182119205298013,0.0068135506877228,0.0882422442021402,0.9715909090909092,0.0544447274579724,1.130952380952381,0.0189760570555272,,0.0012485381041185,-0.0002591728683031,-0.9398300438596492,1550000000.0,6119000000.0,-4605000000.0,12953000000.0,2688500000.0,8953000000.0,5407500000.0,16.396459500764134,72.1830671781604,43.51860112409671,5.488989863684027,1.2468298109010012,2.068081180811808,-0.0008015573113477,0.09375,2013-07-25,-0.00032,amc,39260000000.0,2025-04-25,2013-06-30,1.4062499999999998,13.32046875,60794531.25
2013-03-31,AMZN,USD,1018724,2013-04-26,2013-04-25 19:36:25,2013,Q1,16070000000.0,11801000000.0,4269000000.0,0.26565028,101000000,246000000.0,632000000.0,878000000.0,3109000000.0,4088000000.0,15889000000.0,10000000.0,33000000.0,700000000.0,814000000.0,0.0506533914,181000000.0,0.0112632234,-100000000.0,81000000.0,0.005040448,18000000.0,82000000.0,0.0051026758,0.009,0.009,9100000000,9260000000,https://www.sec.gov/Archives/edgar/data/1018724/000119312513174667/0001193125-13-174667-index.htm,https://www.sec.gov/Archives/edgar/data/1018724/000119312513174667/d492540d10q.htm,1.765934065934066,0.009010989010989,-0.2606593406593406,-0.3342857142857143,0.8675824175824176,0.9265934065934066,0.648021978021978,0.9265934065934066,0.3376923076923077,119028000000.0,117587000000.0,362.8902439024391,7.4068450528935905,-50.18043844856661,-39.12820512820513,14.116223908918403,14.116223908918403,7.317174859987555,144.45577395577396,-49.572934232715006,-38.65450361604208,0.0006889135329502,-0.0255570117955439,0.3605313092979127,0.1071290129330091,-1.7702702702702702,1.138222160200949,5.484848484848484,-28.92682926829268,0.0,0.0,0.0153080273802115,0.0062850031113876,0.0893329104556507,-0.2824620573355818,0.0416925948973242,0.9571428571428572,0.0142501555693839,0.4334331177938891,0.010023337684427,0.0031731290147821,-0.8203846153846154,1981000000.0,5897000000.0,-3632000000.0,12190000000.0,3166500000.0,11117000000.0,5713000000.0,14.09085252022402,67.99762731971866,41.14481823574273,6.387122416534181,1.3235755944369672,2.187395736793327,0.0097248576850094,0.0736263736263736,2013-04-25,0.00433,amc,14914968746.0,2025-04-25,2013-03-31,1.309468822170901,13.301666666666668,70464600.0
2012-12-31,AMZN,USD,1018724,2013-01-30,2013-01-29 19:13:32,2012,Q4,21268000000.0,16137000000.0,5131000000.0,0.2412544668,94000000,234000000.0,851000000.0,1085000000.0,3547000000.0,4726000000.0,20863000000.0,8000000.0,27000000.0,662000000.0,1026000000.0,0.0482414896,405000000.0,0.0190426932,-68000000.0,337000000.0,0.0158454015,194000000.0,98000000.0,0.0046078616,0.0105,0.0105,9080000000,9220000000,https://www.sec.gov/Archives/edgar/data/1018724/000119312513028520/0001193125-13-028520-index.htm,https://www.sec.gov/Archives/edgar/data/1018724/000119312513028520/d445434d10k.htm,2.3422907488986784,0.0107929515418502,0.5595814977973568,0.3365638766519824,1.26079295154185,0.9022026431718062,0.5412995594713657,0.9022026431718062,0.4247797356828194,113863199999.99998,109609199999.99998,290.4673469387755,5.353733308256535,22.40960440858099,37.25890052356021,13.899316406249998,13.899316406249998,5.153714500658265,106.8315789473684,21.572367644164533,35.866884816753924,0.0008606819411363,0.0268392246133957,0.467529296875,0.1176470588235294,-4.146198830409356,1.1207241343016523,15.0,52.381443298969074,0.0,0.0,0.011002444987775,0.0044197855933797,0.1006604208262939,0.3985435937807518,0.0952134662403611,3.0589123867069485,0.0110494639834493,0.4680728166592843,0.0126801888442801,0.0033472231709816,-0.7749724669603524,2294000000.0,4915000000.0,-3067000000.0,12631000000.0,3104500000.0,10843500000.0,5548000000.0,16.152435583975926,74.27774679308422,33.63636363636363,5.571915116583704,1.2116684186814837,2.675675675675676,0.011962890625,0.2230176211453744,2013-01-29,0.01327,amc,28357333333.0,2025-04-25,2012-12-31,-0.2464204973624717,12.18516129032258,67630096.77419356
2012-09-30,AMZN,USD,1018724,2012-10-26,2012-10-25 19:35:25,2012,Q3,13806000000.0,10319000000.0,3487000000.0,0.2525713458,85000000,230000000.0,540000000.0,770000000.0,2660000000.0,3515000000.0,13834000000.0,10000000.0,22000000.0,554000000.0,554000000.0,0.0401274808,-28000000.0,-0.0020281037,6000000.0,-22000000.0,-0.0015935101,83000000.0,-274000000.0,-0.0198464436,-0.03,-0.03,9040000000,9200000000,https://www.sec.gov/Archives/edgar/data/1018724/000119312512436012/0001193125-12-436012-index.htm,https://www.sec.gov/Archives/edgar/data/1018724/000119312512436012/d403488d10q.htm,1.527212389380531,-0.0303097345132743,0.1043141592920354,0.0251106194690265,0.5805309734513274,0.8355088495575221,0.5545353982300885,0.8355088495575221,0.002433628318584,113904000000.0,110924000000.0,-103.92700729927006,8.2503259452412,120.78897136797454,501.77973568281936,15.080630213160331,15.080630213160331,8.034477763291322,200.22382671480145,117.6288441145281,488.6519823788546,-0.0024055344851805,0.0019929063070655,0.0,0.0,-5.379061371841155,1.040698135660452,-1.2727272727272727,-3.4416058394160585,0.0,0.0,0.0166594234390844,0.006156743444879,0.1112376280984496,0.7592788971367974,0.0518615094886281,1.2924187725631768,0.015717803853397,,-0.0130644602244954,-0.0135015275450872,-0.63125,513000000.0,5013000000.0,-2163000000.0,8715000000.0,2213500000.0,7720500000.0,4722500000.0,15.59322033898305,72.99253803663146,44.175792227929065,5.771739130434782,1.2330027482375434,2.037314906219151,-0.0362769760360121,0.0792035398230088,2012-10-25,-0.00343,amc,4802086956.0,2025-04-25,2012-09-30,1.915451895043732,11.953333333333331,63842253.96825397
2012-06-30,AMZN,USD,1018724,2012-07-27,2012-07-26 20:02:00,2012,Q2,12834000000.0,11926000000.0,908000000.0,0.0707495715,1082000000,232000000.0,537000000.0,769000000.0,-1050000000.0,801000000.0,12727000000.0,10000000.0,21000000.0,485000000.0,652000000.0,0.0508025557,107000000.0,0.0083372292,39000000.0,146000000.0,0.0113760324,109000000.0,7000000.0,0.0005454262,0.001,0.0005,9020000000,9160000000,https://www.sec.gov/Archives/edgar/data/1018724/000119312512317409/0001193125-12-317409-index.htm,https://www.sec.gov/Archives/edgar/data/1018724/000119312512317409/d363661d10q.htm,1.4228381374722838,0.0007760532150776,0.0658536585365853,-0.0069844789356984,0.5509977827050998,0.832039911308204,0.5525498891352549,0.832039911308204,0.0023281596452328,103008400000.0,100673400000.0,3678.8714285714286,8.026211625370111,173.4148148148148,-1635.0539682539682,13.725303131245836,13.725303131245836,7.844273024777934,154.40705521472393,169.4838383838384,-1597.990476190476,6.795562303656789e-05,-0.0006116006073291,0.0,0.0,-3.581288343558282,1.075611090842758,5.095238095238095,84.85714285714286,0.0,0.0,0.0180769830138694,0.0843073087112357,0.1199219864903434,1.106060606060606,0.0511921458625525,1.354639175257732,0.0172198846813152,0.1205338669647721,0.0026960069950451,0.0003783579265985,-0.535559866962306,829000000.0,4984000000.0,-1724000000.0,8447000000.0,1924000000.0,6979000000.0,4317500000.0,14.270687237026648,53.3691095086366,33.053831963776624,6.306633906633906,1.686368778280543,2.72283105022831,0.0009327115256495,0.0728381374722838,2012-07-26,0.00012,amc,1604249999.0,2025-04-25,2012-06-30,5.333333333333334,10.61111111111111,85414380.95238096
2012-03-31,AMZN,USD,1018724,2012-04-27,2012-04-26 21:25:46,2012,Q1,13185000000.0,12267000000.0,918000000.0,0.0696245734,945000000,200000000.0,480000000.0,680000000.0,-899000000.0,726000000.0,12993000000.0,12000000.0,21000000.0,457000000.0,562000000.0,0.0426241942,192000000.0,0.0145620023,-108000000.0,84000000.0,0.006370876,43000000.0,130000000.0,0.009859689,0.0145,0.014,9060000000,9200000000,https://www.sec.gov/Archives/edgar/data/1018724/000119312512187203/0001193125-12-187203-index.htm,https://www.sec.gov/Archives/edgar/data/1018724/000119312512187203/d316991d10q.htm,1.455298013245033,0.0143487858719646,-0.2690949227373068,-0.3116997792494481,0.6307947019867549,0.8025386313465783,0.5850993377483443,0.8025386313465783,0.0023178807947019,91777800000.0,89489800000.0,176.49576923076924,6.960773606370876,-37.64470877768663,-32.4992209631728,12.62244533076606,12.62244533076606,6.787243079256731,159.23451957295373,-36.70623461853979,-31.68902266288952,0.0014164645480715,-0.0307699683365694,0.0,0.0,-4.0711743772242,1.1588482074752098,9.142857142857142,-18.753846153846155,0.0,0.0,0.0151687523701175,0.0716723549488054,0.0968582526181228,-0.1583264971287941,0.0292756920743268,0.8446389496717724,0.012135001896094,0.5090164407377842,0.0095131748770973,0.0070771408351026,-0.4266832229580574,1666000000.0,5301000000.0,-914000000.0,8289000000.0,2192000000.0,9015500000.0,4623500000.0,12.37542662116041,50.52090975788701,31.217901687454145,7.272476558190844,1.7814406041243105,2.882961222091657,0.0178792463210012,0.0426048565121412,2012-04-26,0.00359,amc,3296250000.0,2025-04-25,2012-03-31,2.9359331476323125,9.302903225806451,119384645.16129032
2011-12-31,AMZN,USD,1018724,2012-02-01,2012-01-31 21:58:32,2011,Q4,17431000000.0,16352000000.0,1079000000.0,0.0619012105,862000000,184000000.0,593000000.0,777000000.0,-820000000.0,819000000.0,17171000000.0,14000000.0,20000000.0,359000000.0,652000000.0,0.0374046239,260000000.0,0.0149159543,13000000.0,273000000.0,0.0156617521,86000000.0,177000000.0,0.0101543228,0.0195,0.019,9100000000,9240000000,https://www.sec.gov/Archives/edgar/data/1018724/000119312512032846/0001193125-12-032846-index.htm,https://www.sec.gov/Archives/edgar/data/1018724/000119312512032846/d269317d10k.htm,1.9154945054945056,0.0194505494505494,0.4691208791208791,0.4086813186813187,1.0523076923076924,0.8524175824175824,0.5664835164835165,0.8524175824175824,0.1576923076923077,78715000000.0,74861000000.0,111.17937853107344,4.515805174688773,18.438744436636213,21.165635923635385,10.147608611576642,10.147608611576642,4.294704836211348,114.81748466257667,17.535956898571094,20.12933584296854,0.0022486184335895,0.0472463952232738,0.182415882428774,0.0559775298678692,-5.911042944785276,1.174140708915145,13.0,24.11864406779661,0.0,0.0,0.0105559061442258,0.0494521255234926,0.1029353588100324,0.1288357929257437,0.031552980322414,1.532033426183844,0.0091216797659342,0.610778014203972,0.0171542321417104,0.0078056094549303,-0.3868956043956044,2594000000.0,5155000000.0,-31000000.0,9613000000.0,2033500000.0,8848500000.0,4381000000.0,13.274625666915265,61.341120352250485,27.475538160469668,6.779852197588487,1.467205024674742,3.275641025641025,0.0228180997808431,0.0604395604395604,2012-01-31,0.00881,amc,15226491175.0,2025-04-25,2011-12-31,1.2701475595913734,10.271428571428572,133777047.6190476
2011-09-30,AMZN,USD,1018724,2011-10-26,2011-10-25 21:10:22,2011,Q3,10876000000.0,10215000000.0,661000000.0,0.0607760206,769000000,175000000.0,370000000.0,545000000.0,-732000000.0,582000000.0,10797000000.0,16000000.0,17000000.0,278000000.0,425000000.0,0.0390768665,79000000.0,0.0072636999,51000000.0,130000000.0,0.0119529239,67000000.0,63000000.0,0.0057925708,0.007,0.007,9080000000,9220000000,https://www.sec.gov/Archives/edgar/data/1018724/000119312511280739/0001193125-11-280739-index.htm,https://www.sec.gov/Archives/edgar/data/1018724/000119312511280739/d233845d10q.htm,1.197797356828194,0.0069383259911894,0.0877753303964757,0.0295154185022026,0.6966960352422907,0.8552863436123348,0.6422907488986784,0.8552863436123348,0.0018722466960352,98154800000.0,95331800000.0,389.5031746031746,9.024898859874954,123.15533249686324,366.2492537313433,12.639041977852177,12.639041977852177,8.765336520779698,224.31011764705883,119.61329987452947,355.71567164179106,0.0006418432924319,0.0027303809900279,0.0,0.0,-6.642352941176471,1.3259077745600356,4.647058823529412,12.65079365079365,0.0,0.0,0.016090474439132,0.0707061419639573,0.1015009971659494,0.6637390213299874,0.0486392055902905,1.9028776978417263,0.0132401618242,0.3654049096897628,0.0037995846947812,0.003679906542056,-0.2153083700440528,2926000000.0,5832000000.0,616000000.0,8859000000.0,1467000000.0,6136500000.0,3499500000.0,12.379551305627068,57.72687224669603,33.215859030837,7.270053475935829,1.559065934065934,2.7095490716180373,0.0081122843162503,0.0582599118942731,2011-10-25,0.01192,amc,18644571428.0,2025-04-25,2011-09-30,-0.4270134228187919,10.61,122383281.25
2011-06-30,AMZN,USD,1018724,2011-07-27,2011-07-26 21:56:04,2011,Q2,9913000000.0,9164000000.0,749000000.0,0.0755573489,698000000,166000000.0,341000000.0,507000000.0,-657000000.0,548000000.0,9712000000.0,16000000.0,15000000.0,244000000.0,484000000.0,0.0488247755,201000000.0,0.0202764047,24000000.0,225000000.0,0.022697468,49000000.0,191000000.0,0.0192676284,0.021,0.0205,9060000000,9200000000,https://www.sec.gov/Archives/edgar/data/1018724/000119312511197823/0001193125-11-197823-index.htm,https://www.sec.gov/Archives/edgar/data/1018724/000119312511197823/d10q.htm,1.094150110375276,0.0210816777041942,0.0466887417218543,-0.0011037527593818,0.7014348785871964,0.8570640176600441,0.6463576158940397,0.8570640176600441,0.0016556291390728,92593200000.0,90546200000.0,121.1952879581152,9.340583072732777,218.89645390070925,-9259.32,11.924430135222153,11.924430135222153,9.134086553011198,187.0789256198347,214.05721040189124,-9054.62,0.0020627864681207,-0.0001079992915246,0.0,0.0,-4.229338842975206,1.401988812927284,13.4,2.2146596858638743,0.0,0.0,0.0167456874810854,0.0704125895289014,0.1064043252884454,1.0236406619385343,0.0436800161404216,1.774590163934426,0.0145263795016644,0.6376031809235627,0.0158879008353543,0.0119136726546906,-0.1245033112582781,3234000000.0,5856000000.0,1103000000.0,8613000000.0,1371000000.0,5630500000.0,3058500000.0,13.055583577120952,56.18616324749018,31.71213443910956,6.893602225312935,1.6018178640097884,2.838030349953546,0.0245975531229877,0.0477924944812362,2011-07-26,0.01705,amc,8462317073.0,2025-04-25,2011-06-30,0.1730205278592376,9.578888888888889,101138920.63492064
2011-03-31,AMZN,USD,1018724,2011-04-27,2011-04-26 21:39:57,2011,Q1,9857000000.0,9042000000.0,815000000.0,0.0826823577,579000000,133000000.0,327000000.0,460000000.0,-546000000.0,493000000.0,9535000000.0,15000000.0,12000000.0,202000000.0,521000000.0,0.0528558385,322000000.0,0.0326671401,-15000000.0,307000000.0,0.0311453789,89000000.0,201000000.0,0.0203915999,0.022,0.022,9020000000,9180000000,https://www.sec.gov/Archives/edgar/data/1018724/000119312511110197/0001193125-11-110197-index.htm,https://www.sec.gov/Archives/edgar/data/1018724/000119312511110197/d10q.htm,1.0927937915742794,0.0222838137472283,-0.1758314855875831,-0.2088691796008869,0.762860310421286,0.8145232815964524,0.6467849223946784,0.8145232815964524,0.001330376940133,81270200000.0,78629200000.0,101.08233830845772,8.244922390179568,-51.24224464060529,-43.13704883227176,11.061685041513542,11.061685041513542,7.976990970883636,150.91976967370442,-49.57704918032787,-41.735244161358814,0.0024732312705025,-0.0231819289235168,0.0,0.0,-5.069097888675624,1.4602846054333765,26.83333333333333,-7.890547263681592,0.0,0.0,0.0134929491731764,0.0587399817388657,0.0896220826916242,-0.1878940731399747,0.0302323222075682,1.4752475247524752,0.0111595820229278,0.6390543128304694,0.0249837703013598,0.0130782744485652,-0.025720620842572,3558000000.0,5834000000.0,1753000000.0,7973000000.0,1445500000.0,6795500000.0,3045000000.0,11.906259511007406,55.14266755142667,28.745852687458527,7.559049079754601,1.632129963898917,3.130886426592798,0.027358105349122,0.0330376940133037,2011-04-26,0.02752,amc,13665386363.0,2025-04-25,2011-03-31,-0.2732558139534883,8.84725806451613,105924774.19354838
2010-12-31,AMZN,USD,1018724,2011-01-28,2011-01-27 20:08:28,2010,Q4,12947000000.0,11925000000.0,1022000000.0,0.0789372055,518000000,143000000.0,376000000.0,519000000.0,-489000000.0,548000000.0,12473000000.0,15000000.0,11000000.0,169000000.0,687000000.0,0.0530624855,474000000.0,0.0366107979,33000000.0,507000000.0,0.0391596509,85000000.0,416000000.0,0.0321309956,0.0465,0.0455,9000000000,9160000000,https://www.sec.gov/Archives/edgar/data/1018724/000119312511016253/0001193125-11-016253-index.htm,https://www.sec.gov/Archives/edgar/data/1018724/000119312511016253/d10k.htm,1.4385555555555556,0.0462222222222222,0.3866666666666666,0.3502222222222222,0.9735555555555556,0.7626666666666667,0.5502222222222222,0.7626666666666667,0.0724444444444444,81000000000.0,77864000000.0,48.67788461538462,6.256275585077624,23.27586206896552,25.69796954314721,11.8006993006993,11.8006993006993,6.014057310573878,113.3391557496361,22.37471264367816,24.70304568527919,0.0051358024691358,0.0389135802469135,0.0933857808857808,0.0341011863595254,-4.564774381368268,1.3253952950250676,43.09090909090909,8.365384615384615,0.0,0.0,0.0110450297366185,0.0400092685564223,0.1017183593126562,0.0942528735632183,0.025334054221055,1.9294117647058824,0.0092685564223372,0.8906027921207823,0.0468287886502905,0.0246372519988155,-0.0421944444444444,3375000000.0,4952000000.0,1814000000.0,7701000000.0,1273000000.0,6332500000.0,2858500000.0,11.031899281686878,60.7622641509434,24.166037735849056,8.158160050409577,1.4811824618059868,3.724234853216739,0.0606060606060606,0.0364444444444444,2011-01-27,0.04853,amc,12520175824.0,2025-04-25,2010-12-31,0.0302905419328251,8.47578125,114861437.5
2010-09-30,AMZN,USD,1018724,2010-10-22,2010-10-21 20:02:18,2010,Q3,7560000000.0,6908000000.0,652000000.0,0.0862433862,442000000,117000000.0,241000000.0,358000000.0,-416000000.0,384000000.0,7292000000.0,13000000.0,11000000.0,150000000.0,453000000.0,0.0599206349,268000000.0,0.0354497354,24000000.0,292000000.0,0.0386243386,79000000.0,231000000.0,0.0305555556,0.0255,0.0255,8960000000,9120000000,https://www.sec.gov/Archives/edgar/data/1018724/000119312510233883/0001193125-10-233883-index.htm,https://www.sec.gov/Archives/edgar/data/1018724/000119312510233883/d10q.htm,0.84375,0.02578125,0.0954241071428571,0.0602678571428571,0.6568080357142857,0.7139508928571429,0.5714285714285714,0.7139508928571429,0.01953125,70336000000.0,68961000000.0,76.12121212121212,9.303703703703704,82.26432748538012,130.25185185185185,10.995153978427387,10.995153978427387,9.121825396825397,152.2317880794702,80.6561403508772,127.70555555555556,0.0032842356687898,0.0076774340309372,0.0256370173518836,0.011580285270442,-3.035320088300221,1.499450980392157,24.363636363636363,3.7012987012987018,0.0,0.0,0.0154761904761904,0.0584656084656084,0.0901708798192345,0.3684210526315789,0.0416666666666666,2.1,0.0141534391534391,0.6435427687967967,0.0251050662238257,0.0179278230500582,0.0107979910714285,3184000000.0,5120000000.0,1794000000.0,6560000000.0,882000000.0,4079500000.0,2227500000.0,11.416666666666666,60.11291256514187,32.76635784597568,7.883211678832117,1.4971824880797573,2.746719681908549,0.0361106768797874,0.03515625,2010-10-21,0.02796,amc,7115294117.0,2025-04-25,2010-09-30,0.0729613733905579,6.5225,132208437.5
2010-06-30,AMZN,USD,1018724,2010-07-23,2010-07-22 19:45:58,2010,Q2,6566000000.0,5947000000.0,619000000.0,0.0942735303,408000000,113000000.0,211000000.0,324000000.0,-383000000.0,349000000.0,6296000000.0,12000000.0,9000000.0,129000000.0,435000000.0,0.0662503807,270000000.0,0.041120926,27000000.0,297000000.0,0.0452330186,88000000.0,207000000.0,0.0315260433,0.023,0.0225,8940000000,9100000000,https://www.sec.gov/Archives/edgar/data/1018724/000119312510164083/0001193125-10-164083-index.htm,https://www.sec.gov/Archives/edgar/data/1018724/000119312510164083/d10q.htm,0.7344519015659955,0.0231543624161073,0.0279642058165548,0.0060402684563758,0.5713646532438479,0.655145413870246,0.5176733780760626,0.655145413870246,0.0157718120805369,48812400000.0,47315400000.0,58.95217391304348,7.434115138592751,195.2496,903.9333333333332,8.3340276592112,8.3340276592112,7.206122448979592,108.77103448275862,189.2616,876.2111111111111,0.0042407257172357,0.0011062762740615,0.0225371350520744,0.0106477373558118,-3.441379310344828,1.5462857142857145,30.0,1.207729468599034,0.0,0.0,0.0172098690222357,0.0621382881510813,0.0991368879567637,0.784,0.0298507462686567,1.5193798449612403,0.0169052695705147,0.5842201407261245,0.026584580943053,0.0185351002865329,0.0158557046979865,2868000000.0,4628000000.0,1578000000.0,5801000000.0,810000000.0,3582000000.0,1880000000.0,11.034115138592751,53.64889860433832,29.35934084412309,8.156521739130435,1.677574047954866,3.0654639175257734,0.0353423254225712,0.0219239373601789,2010-07-22,0.02394,amc,7879200000.0,2025-04-25,2010-06-30,-0.1645781119465329,6.501111111111111,142004285.7142857
2010-03-31,AMZN,USD,1018724,2010-04-23,2010-04-22 18:54:49,2010,Q1,7131000000.0,6413000000.0,718000000.0,0.1006871407,366000000,97000000.0,201000000.0,298000000.0,-340000000.0,324000000.0,6737000000.0,11000000.0,7000000.0,119000000.0,527000000.0,0.0739026784,394000000.0,0.0552517179,7000000.0,401000000.0,0.0562333474,100000000.0,299000000.0,0.0419296031,0.0335,0.033,8900000000,9080000000,https://www.sec.gov/Archives/edgar/data/1018724/000119312510090367/0001193125-10-090367-index.htm,https://www.sec.gov/Archives/edgar/data/1018724/000119312510090367/d10q.htm,0.8012359550561797,0.0335955056179775,-0.1233707865168539,-0.1391011235955056,0.568876404494382,0.6312359550561798,0.4925842696629213,0.6312359550561798,0.015505617977528,60431000000.0,58718000000.0,50.52759197324415,8.474407516477353,-55.03734061930784,-48.81340872374798,10.756674973300106,10.756674973300106,8.234188753330528,111.41935483870968,-53.47723132969035,-47.429725363489496,0.0049477916963148,-0.0204861743145074,0.023317906728373,0.0108785915960803,-3.250474383301708,1.5336029270171383,56.285714285714285,-3.6722408026755855,0.0,0.0,0.0136025802832702,0.0513251998317206,0.1024746719813984,-0.1275045537340619,0.0196325900995652,1.1764705882352942,0.0122002524190155,0.6907608480314184,0.0431808491619542,0.0276646928201332,0.018005617977528,2771000000.0,4384000000.0,1540000000.0,5441000000.0,901500000.0,4612000000.0,1995500000.0,10.286074884307952,50.78902229845626,25.54186808046156,8.749693251533742,1.7720364741641337,3.523626373626373,0.0532217871128515,0.0157303370786516,2010-04-22,0.02751,amc,6590772727.0,2025-04-25,2010-03-31,0.0905125408942202,6.291147540983607,196409639.3442623
2009-12-31,AMZN,USD,1018724,2010-01-29,2010-01-28 21:42:22,2009,Q4,9520000000.0,8648000000.0,872000000.0,0.0915966387,0,100000000.0,274000000.0,374000000.0,22000000.0,396000000.0,9044000000.0,9000000.0,8000000.0,112000000.0,591000000.0,0.0620798319,476000000.0,0.05,-5000000.0,471000000.0,0.0494747899,84000000.0,384000000.0,0.0403361345,0.0435,0.0425,8800000000,9000000000,https://www.sec.gov/Archives/edgar/data/1018724/000119312510016098/0001193125-10-016098-index.htm,https://www.sec.gov/Archives/edgar/data/1018724/000119312510016098/d10k.htm,1.0818181818181818,0.0436363636363636,0.296590909090909,0.2810227272727272,0.7234090909090909,0.5973863636363637,0.3927272727272727,0.5973863636363637,0.0295454545454545,59224000000.0,56032000000.0,38.55729166666666,6.221008403361345,22.691187739463604,23.94824100283057,11.265740916872742,11.265740916872742,5.885714285714286,94.80879864636208,21.46819923371648,22.657501010917912,0.0064838578954477,0.0417567202485478,0.047936085219707,0.0182436834865706,-5.401015228426396,1.3303910917979358,59.5,6.796875,0.0,0.0,0.0105042016806722,0.0,0.130384420473467,0.0524904214559387,0.014390756302521,1.2232142857142858,0.0105042016806722,0.7658490669762743,0.0606463452093002,0.0319680319680319,-0.0413068181818181,2433000000.0,3456000000.0,1241000000.0,5524000000.0,1165000000.0,4479500000.0,1894000000.0,9.340336134453782,58.33140610545791,22.593663274745605,9.635627530364372,1.5429081177520072,3.9834177798249657,0.0730454631919345,0.0155681818181818,2010-01-28,0.03391,amc,8064000000.0,2025-04-25,2009-12-31,0.1795930404010615,6.068125,198872687.5
2009-09-30,AMZN,USD,1018724,2009-10-23,2009-10-22 18:34:19,2009,Q3,5449000000.0,4957000000.0,492000000.0,0.0902917967,315000000,83000000.0,149000000.0,232000000.0,-306000000.0,241000000.0,5198000000.0,7000000.0,7000000.0,96000000.0,365000000.0,0.0669847678,251000000.0,0.0460634979,11000000.0,262000000.0,0.0480822169,60000000.0,199000000.0,0.0365204625,0.023,0.0225,8640000000,8820000000,https://www.sec.gov/Archives/edgar/data/1018724/000119312509212134/0001193125-09-212134-index.htm,https://www.sec.gov/Archives/edgar/data/1018724/000119312509212134/d10q.htm,0.6306712962962963,0.0230324074074074,0.0924768518518518,0.0805555555555555,0.4630787037037037,0.4149305555555556,0.362037037037037,0.4149305555555556,0.0142361111111111,40348800000.0,37950800000.0,50.6894472361809,7.404808221692053,50.4991239048811,57.97241379310345,11.25489539748954,11.25489539748954,6.964727472930813,103.97479452054796,47.49787234042553,54.52701149425288,0.0049319930208581,0.0172495836307399,0.0323570432357043,0.0129291127953633,-6.569863013698631,1.4037910513555212,35.857142857142854,4.015075376884422,0.0,0.0,0.0152321526885667,0.0578087722517893,0.0509362460989745,0.1289111389236545,0.0189025509267755,1.0729166666666667,0.0165167920719398,0.4637123203345934,0.0436345172422696,0.0233705226071638,0.0496527777777777,1832000000.0,3128000000.0,982000000.0,3375000000.0,1255000000.0,2931000000.0,1471000000.0,22.16553496054322,60.8957030461973,29.35848295339924,4.060357675111773,1.4779367918902802,3.0655534941249227,0.0555090655509065,0.0119212962962962,2009-10-22,0.01486,amc,3995933333.0,2025-04-25,2009-09-30,0.3458950201884253,4.24,130064406.25
2009-06-30,AMZN,USD,1018724,2009-07-24,2009-07-23 18:14:16,2009,Q2,4651000000.0,4226000000.0,425000000.0,0.0913781982,299000000,77000000.0,129000000.0,206000000.0,-239000000.0,266000000.0,4492000000.0,8000000.0,7000000.0,84000000.0,270000000.0,0.0580520318,159000000.0,0.0341861965,20000000.0,179000000.0,0.038486347,39000000.0,142000000.0,0.0305310686,0.0165,0.016,8620000000,8800000000,https://www.sec.gov/Archives/edgar/data/1018724/000119312509154174/0001193125-09-154174-index.htm,https://www.sec.gov/Archives/edgar/data/1018724/000119312509154174/d10q.htm,0.5395591647331787,0.0164733178654292,0.054292343387471,0.0452436194895591,0.3726218097447796,0.3777262180974478,0.3254060324825986,0.3777262180974478,0.0134570765661252,36031600000.0,34204600000.0,63.43591549295775,7.747065147280154,76.99059829059829,92.38871794871795,11.066216216216215,11.066216216216215,7.354246398623952,126.6837037037037,73.08675213675214,87.70410256410257,0.0039409851352701,0.0108238324137701,0.0334766584766584,0.0142019543973941,-6.766666666666667,1.4587458745874586,22.714285714285715,3.295774647887324,0.0,0.0,0.0165555794452805,0.0642872500537518,0.0587622149837133,0.1666666666666666,0.0167705869705439,0.9285714285714286,0.0182756396473876,0.3741712058384215,0.0307891908639369,0.019656699889258,0.0384570765661252,1668000000.0,2805000000.0,885000000.0,3100000000.0,1171000000.0,2444000000.0,1295500000.0,22.60159105568695,53.41221012778041,28.218173213440608,3.9820205479452055,1.6850079744816586,3.1894339622641508,0.0436117936117936,0.0090487238979118,2009-07-23,0.01958,amc,4505656250.0,2025-04-25,2009-06-30,0.0214504596527068,4.002539682539682,150705015.87301588
2009-03-31,AMZN,USD,1018724,2009-04-24,2009-04-23 18:54:30,2009,Q1,4889000000.0,4438000000.0,451000000.0,0.0922479035,0,68000000.0,128000000.0,196000000.0,11000000.0,207000000.0,4645000000.0,12000000.0,12000000.0,87000000.0,347000000.0,0.0709756596,244000000.0,0.0499079566,4000000.0,248000000.0,0.0507261199,69000000.0,177000000.0,0.0362037226,0.0205,0.0205,8580000000,8740000000,https://www.sec.gov/Archives/edgar/data/1018724/000119312509085983/0001193125-09-085983-index.htm,https://www.sec.gov/Archives/edgar/data/1018724/000119312509085983/d10q.htm,0.5698135198135198,0.0206293706293706,-0.0681818181818181,-0.0745920745920745,0.3181818181818182,0.3400932400932401,0.2896270396270396,0.3400932400932401,0.01002331002331,31488600000.0,29861600000.0,44.47542372881356,6.440703620372264,-53.82666666666667,-49.2009375,10.79115832762166,10.79115832762166,6.107915729187973,86.0564841498559,-51.045470085470086,-46.65875,0.0056210819153598,-0.0203248159651429,0.0253598355037697,0.0106017191977077,-4.688760806916426,1.400293255131965,20.33333333333333,-3.305084745762712,0.0,0.0,0.0139087748005727,0.0,0.0620343839541547,-0.094017094017094,0.0112497443239926,0.632183908045977,0.0137042339946819,0.3973134325876827,0.0493313454414023,0.027035283335879,0.0211538461538461,1365000000.0,2485000000.0,713000000.0,2687000000.0,1414000000.0,2987000000.0,1332500000.0,21.61178155041931,48.26498422712934,25.673726904010817,4.164395229982964,1.8647058823529408,3.505529225908373,0.0606579849211788,0.0064102564102564,2009-04-23,0.01508,amc,3696560975.0,2025-04-25,2009-03-31,0.3262599469496022,3.081639344262295,202795016.39344263
2008-12-31,AMZN,USD,1018724,2009-01-30,2009-01-29 18:48:15,2008,Q4,6703000000.0,6182000000.0,521000000.0,0.0777263912,278000000,71000000.0,169000000.0,240000000.0,-270000000.0,248000000.0,6430000000.0,16000000.0,11000000.0,77000000.0,391000000.0,0.0583320901,273000000.0,0.0407280322,30000000.0,303000000.0,0.0452036402,80000000.0,225000000.0,0.0335670595,0.0,0.0,8580000000,8700000000,https://www.sec.gov/Archives/edgar/data/1018724/000119312509014406/0001193125-09-014406-index.htm,https://www.sec.gov/Archives/edgar/data/1018724/000119312509014406/d10k.htm,0.7812354312354313,0.0262237762237762,0.1831002331002331,0.1712121212121212,0.4343822843822844,0.3114219114219114,0.2603729603729603,0.3114219114219114,0.0702797202797202,21964800000.0,19787800000.0,24.40533333333333,3.2768611069670297,13.981413112667092,14.95221238938053,8.220359281437124,8.220359281437124,2.952081157690586,50.60818414322251,12.595671546785487,13.470251872021784,0.0102436625874125,0.0668797348484848,0.2215568862275449,0.0712051960548472,-5.567774936061381,1.2973029919932575,24.818181818181817,6.982222222222222,0.0,0.0,0.0105922721169625,0.0414739668805012,0.0526822227567957,0.0649267982176957,0.0152170669849321,1.324675324675325,0.0116365806355363,0.4286604910846688,0.0553958621668618,0.0285678009141696,0.0029137529137529,1411000000.0,2234000000.0,515000000.0,2703000000.0,1125500000.0,2918000000.0,1357000000.0,22.207966582127405,52.32287285668068,20.36719508249757,4.052599758162032,1.720089037284363,4.418870621872767,0.0842065868263473,0.0118881118881118,2009-01-29,0.02252,amc,5027250000.0,2025-04-25,2008-12-31,0.3321492007104796,2.52265625,239475156.25
2008-09-30,AMZN,USD,1018724,2008-10-22,2008-10-22 17:10:04,2008,Q3,4264000000.0,3922000000.0,342000000.0,0.080206379,264000000,73000000.0,108000000.0,181000000.0,-257000000.0,188000000.0,4110000000.0,21000000.0,17000000.0,76000000.0,275000000.0,0.0644934334,154000000.0,0.0361163227,28000000.0,182000000.0,0.0426829268,59000000.0,118000000.0,0.027673546,0.014,0.0135,8540000000,8720000000,https://www.sec.gov/Archives/edgar/data/1018724/000119312508214483/0001193125-08-214483-index.htm,https://www.sec.gov/Archives/edgar/data/1018724/000119312508214483/d10q.htm,0.4992974238875878,0.0138173302107728,0.0496487119437939,0.0377049180327868,0.2721311475409836,0.2959016393442623,0.2484777517564402,0.2959016393442623,0.052927400468384,31085600000.0,29870600000.0,65.85932203389831,7.290243902439024,73.31509433962265,96.5391304347826,12.301385041551248,12.301385041551248,7.0053001876172605,108.62036363636363,70.44952830188679,92.76583850931677,0.0037959698381244,0.0103584939650513,0.1721408785120696,0.0662503807493146,-4.418181818181818,1.409033078880407,9.058823529411764,3.593220338983051,0.0,0.0,0.0171200750469043,0.0619136960600375,0.0616813889734998,0.240566037735849,0.023921200750469,1.3421052631578947,0.0164165103189493,0.3033032144016864,0.0300453011192041,0.0191527349456257,-0.0713992974238875,1286000000.0,2122000000.0,391000000.0,2422000000.0,591500000.0,2102500000.0,1211000000.0,12.600844277673549,51.44824069352372,30.17593064762876,7.142378559463987,1.7493309545049065,2.982509505703422,0.0466956865848832,0.011943793911007,2008-10-22,0.01234,amc,3948148148.0,2025-04-25,2008-09-30,0.0964343598055105,3.84171875,174162843.75
2008-06-30,AMZN,USD,1018724,2008-07-25,2008-07-24 20:20:10,2008,Q2,4063000000.0,3715000000.0,348000000.0,0.0856509968,258000000,74000000.0,102000000.0,176000000.0,-303000000.0,131000000.0,3846000000.0,20000000.0,21000000.0,70000000.0,299000000.0,0.0735909427,217000000.0,0.0534088112,-9000000.0,208000000.0,0.0511936992,46000000.0,158000000.0,0.0388875215,0.019,0.0185,8400000000,8600000000,https://www.sec.gov/Archives/edgar/data/1018724/000119312508157451/0001193125-08-157451-index.htm,https://www.sec.gov/Archives/edgar/data/1018724/000119312508157451/d10q.htm,0.4836904761904761,0.0188095238095238,0.0413095238095238,0.033095238095238,0.2833333333333333,0.2654761904761905,0.2178571428571428,0.2654761904761905,0.106547619047619,30828000000.0,30154000000.0,48.77848101265823,7.587496923455575,88.8414985590778,110.89208633093526,13.82421524663677,13.82421524663677,7.421609648043318,100.8494983277592,86.89913544668588,108.46762589928058,0.0051252108472816,0.0090177760477488,0.3919282511210762,0.1382473900664346,-2.254180602006689,1.3171641791044777,10.333333333333334,2.1962025316455698,0.0,0.0,0.0182131429977848,0.0634998769382229,0.0632711167352103,0.1988472622478386,0.0169825252276642,0.9857142857142858,0.0179670194437607,0.3351914621921785,0.0476486087918284,0.0266801756163458,-0.0855952380952381,1020000000.0,1830000000.0,144000000.0,2071000000.0,583500000.0,1913500000.0,1092000000.0,12.980556239232094,47.555854643337824,26.81830417227456,6.933447098976109,1.8925114620478856,3.3559168925022584,0.0708520179372197,0.0082142857142857,2008-07-23,0.01408,amc,2855081081.0,2025-04-25,2008-06-30,0.4204545454545454,3.904375,157290093.75
2008-03-31,AMZN,USD,1018724,2008-04-25,2008-04-24 17:33:42,2008,Q1,4135000000.0,3767000000.0,368000000.0,0.0889963724,234000000,61000000.0,103000000.0,164000000.0,-228000000.0,170000000.0,3937000000.0,26000000.0,22000000.0,65000000.0,294000000.0,0.0711003628,198000000.0,0.0478839178,9000000.0,207000000.0,0.0500604595,62000000.0,143000000.0,0.0345828295,0.017,0.017,8340000000,8520000000,https://www.sec.gov/Archives/edgar/data/1018724/000119312508089548/0001193125-08-089548-index.htm,https://www.sec.gov/Archives/edgar/data/1018724/000119312508089548/d10q.htm,0.4958033573141487,0.0171462829736211,-0.0773381294964028,-0.084652278177458,0.2579136690647482,0.1762589928057553,0.1292565947242206,0.1762589928057553,0.1672661870503597,29773800000.0,29650800000.0,52.0520979020979,7.20043530834341,-46.16093023255814,-42.17252124645892,20.25428571428571,20.25428571428571,7.170689238210399,100.8530612244898,-45.970232558139536,-41.99830028328612,0.0048028803847678,-0.0237121227387837,0.9340136054421768,0.2333843277239503,-0.4183673469387755,1.1165868769360745,9.0,-4.510489510489511,0.0,0.0,0.0147521160822249,0.056590084643289,0.0666326704062553,-0.0945736434108527,0.0147521160822249,0.9384615384615383,0.0130592503022974,0.2607665579864314,0.0428337406343153,0.0260426151884902,-0.1544064748201438,414000000.0,1078000000.0,-448000000.0,1400000000.0,995500000.0,2329500000.0,1138500000.0,12.64570737605804,44.53411202548448,25.731351207857717,7.117039586919105,2.020922746781116,3.4976787372330547,0.0972789115646258,0.0073141486810551,2008-04-23,0.01902,amc,3891764705.0,2025-04-25,2008-03-31,0.0515247108307046,3.7191803278688527,226963540.98360652
2007-12-31,AMZN,USD,1018724,2008-02-11,2008-02-08 21:43:32,2007,Q4,5672000000.0,5201000000.0,471000000.0,0.0830394922,222000000,64000000.0,133000000.0,197000000.0,-219000000.0,200000000.0,5401000000.0,28000000.0,20000000.0,63000000.0,364000000.0,0.0641748942,271000000.0,0.0477785614,10000000.0,281000000.0,0.0495416079,74000000.0,207000000.0,0.0364950635,0.0,0.0,8320000000,8540000000,https://www.sec.gov/Archives/edgar/data/1018724/000119312508024707/0001193125-08-024707-index.htm,https://www.sec.gov/Archives/edgar/data/1018724/000119312508024707/d10k.htm,0.6817307692307693,0.0248798076923076,0.1379807692307692,0.1292067307692307,0.3740384615384615,0.1438701923076923,0.1171875,0.1438701923076923,0.1659855769230769,38521600000.0,37343600000.0,46.523671497584544,6.791537376586742,33.55540069686411,35.8340465116279,32.18178780284044,32.18178780284044,6.583850493653032,102.5923076923077,32.52926829268293,34.738232558139536,0.0053736085728526,0.0279064213324472,1.1370091896407686,0.2098689282960678,-3.2362637362637363,1.39041464728056,13.55,5.545893719806763,0.0,0.0,0.0112834978843441,0.0391396332863187,0.0342328450269853,0.063588850174216,0.01287023977433,1.1587301587301588,0.0096967559943582,0.2837920209212918,0.0716045380047687,0.0330512533929426,-0.0623197115384615,1450000000.0,975000000.0,-124000000.0,2215000000.0,942000000.0,2234500000.0,1085000000.0,22.37306064880113,48.36569890405691,20.765237454335704,4.022695035460993,1.8608228980322004,4.3341666666666665,0.1729323308270676,0.0087740384615384,2008-01-30,0.01987,amc,5672000000.0,2025-04-25,2007-12-31,0.0065425264217414,4.44078125,168514750.0
2007-09-30,AMZN,USD,1018724,2007-10-25,2007-10-25 09:00:24,2007,Q3,3262000000.0,3005000000.0,257000000.0,0.0787860208,209000000,57000000.0,74000000.0,131000000.0,-206000000.0,134000000.0,3139000000.0,23000000.0,19000000.0,61000000.0,204000000.0,0.06253832,123000000.0,0.0377069283,1000000.0,124000000.0,0.0380134887,44000000.0,80000000.0,0.0245248314,0.0095,0.0095,8280000000,8500000000,https://www.sec.gov/Archives/edgar/data/1018724/000119312507225370/0001193125-07-225370-index.htm,https://www.sec.gov/Archives/edgar/data/1018724/000119312507225370/d10q.htm,0.3939613526570048,0.0096618357487922,0.0286231884057971,0.0202898550724637,0.2305555555555555,0.0919082125603864,0.0655797101449275,0.0919082125603864,0.1560386473429951,38667600000.0,38574600000.0,120.83625,11.853954629061926,163.15443037974683,230.1642857142857,50.81156373193166,50.81156373193166,11.825444512568977,189.09117647058824,162.7620253164557,229.6107142857143,0.0020689155778998,0.0043447227135896,1.6727989487516426,0.2756604590731918,-0.4558823529411764,1.4764984907287624,6.473684210526316,2.9625,0.0,0.0,0.0174739423666462,0.0640711220110361,0.047206582936336,0.2911392405063291,0.0211526670754138,1.1311475409836065,0.0156345800122624,0.1413507913270374,0.0345171112264799,0.0181818181818181,-0.133756038647343,1105000000.0,543000000.0,-433000000.0,1814000000.0,429000000.0,1484500000.0,852500000.0,13.077866339668914,50.13643926788686,29.051580698835277,6.881856540084388,1.7951015531660692,3.097938144329897,0.1051248357424441,0.0083333333333333,2007-10-23,0.00899,amc,3090315789.0,2025-04-25,2007-09-30,0.0467185761957731,3.975079365079365,178607936.5079365
2007-06-30,AMZN,USD,1018724,2007-07-26,2007-07-26 09:00:48,2007,Q2,2886000000.0,2644000000.0,242000000.0,0.0838530839,201000000,58000000.0,65000000.0,123000000.0,-198000000.0,126000000.0,2770000000.0,20000000.0,19000000.0,60000000.0,190000000.0,0.0658350658,116000000.0,0.0401940402,-5000000.0,111000000.0,0.0384615385,33000000.0,78000000.0,0.027027027,0.0095,0.0095,8240000000,8460000000,https://www.sec.gov/Archives/edgar/data/1018724/000119312507162415/0001193125-07-162415-index.htm,https://www.sec.gov/Archives/edgar/data/1018724/000119312507162415/d10q.htm,0.3502427184466019,0.0094660194174757,0.0362864077669902,0.0305825242718446,0.2020631067961165,0.0667475728155339,0.0407766990291262,0.0667475728155339,0.1547330097087378,28180800000.0,28432800000.0,90.32307692307693,9.764656964656965,94.25016722408029,111.82857142857142,51.23781818181818,51.23781818181818,9.851975051975051,149.64631578947368,95.09297658862876,112.82857142857142,0.0027678419349344,0.0089422585590189,2.283636363636364,0.3152610441767068,1.326315789473684,1.4767561983471074,6.105263157894737,3.8333333333333335,0.0,0.0,0.02009702009702,0.0696465696465696,0.053714859437751,0.157190635451505,0.0162855162855162,0.7833333333333333,0.0159390159390159,0.1192319628190253,0.0398015202702702,0.0206896551724137,-0.135133495145631,923000000.0,336000000.0,-575000000.0,1580000000.0,371000000.0,1253000000.0,744500000.0,11.975051975051974,44.08093797276854,25.01891074130106,7.515625,2.041698841698841,3.5972789115646258,0.1418181818181818,0.0057038834951456,2007-07-24,0.00766,amc,2430315789.0,2025-04-25,2007-06-30,0.2036553524804178,3.0396825396825395,290577174.6031746
2007-03-31,AMZN,USD,1018724,2007-04-26,2007-04-26 06:34:52,2007,Q1,3015000000.0,2742000000.0,273000000.0,0.0905472637,186000000,56000000.0,72000000.0,128000000.0,-186000000.0,128000000.0,2870000000.0,20000000.0,19000000.0,62000000.0,225000000.0,0.0746268657,145000000.0,0.048092869,-1000000.0,144000000.0,0.047761194,33000000.0,111000000.0,0.0368159204,0.0135,0.013,8240000000,8400000000,https://www.sec.gov/Archives/edgar/data/1018724/000119312507090895/0001193125-07-090895-index.htm,https://www.sec.gov/Archives/edgar/data/1018724/000119312507090895/d10q.htm,0.3658980582524271,0.0134708737864077,-0.0338592233009708,-0.0379854368932038,0.1723300970873786,0.0428398058252427,0.0190533980582524,0.0428398058252427,0.154126213592233,16397600000.0,16900600000.0,36.93153153153153,5.438673300165838,-58.77275985663082,-52.38849840255591,46.452124645892354,46.452124645892354,5.605505804311775,75.11377777777778,-60.57562724014337,-53.99552715654952,0.0067692833097526,-0.019088159242816,3.543909348441926,0.341709915323682,2.2355555555555555,1.4076881429344883,7.631578947368421,-2.5135135135135136,0.0,0.0,0.0185737976782752,0.0616915422885572,0.0535372848948374,-0.1218637992831541,0.0112769485903814,0.5483870967741935,0.0112769485903814,0.1139496221555226,0.0616156743844175,0.032034632034632,-0.1507888349514563,753000000.0,157000000.0,-708000000.0,1391000000.0,378500000.0,1513500000.0,815500000.0,10.686567164179104,39.74835886214442,24.748358862144418,8.421787709497206,2.264244426094137,3.636604774535809,0.3144475920679886,0.004126213592233,2007-04-24,0.00784,amc,2984850000.0,2025-04-25,2007-03-31,0.6849489795918368,1.9280327868852456,141168459.01639345
2006-12-31,AMZN,USD,1018724,2007-02-16,2007-02-16 16:14:12,2006,Q4,3986000000.0,3651000000.0,335000000.0,0.0840441545,177000000,45000000.0,92000000.0,137000000.0,-176000000.0,138000000.0,3789000000.0,18000000.0,20000000.0,59000000.0,267000000.0,0.0669844456,197000000.0,0.0494229804,-9000000.0,188000000.0,0.0471650778,91000000.0,97000000.0,0.0243351731,0.0,0.0,8260000000,8420000000,https://www.sec.gov/Archives/edgar/data/1018724/000119312507034081/0001193125-07-034081-index.htm,https://www.sec.gov/Archives/edgar/data/1018724/000119312507034081/d10k.htm,0.4825665859564164,0.0117433414043583,0.0900726392251815,0.0840193704600484,0.2444309927360775,0.0521791767554479,0.0285714285714285,0.0521791767554479,0.1558111380145278,16272200000.0,16517200000.0,41.93865979381443,4.08233818364275,21.871236559139785,23.44697406340057,37.75452436194895,37.75452436194895,4.143803311590567,61.8621722846442,22.2005376344086,23.8,0.0059610870072885,0.0426494266294662,2.9396751740139213,0.2903965161586064,0.9176029962546816,1.3321484992101107,9.85,7.670103092783505,0.0,0.0,0.0112895132965378,0.0444054189663823,0.0446940178776071,0.0672043010752688,0.0125439036628198,0.847457627118644,0.0075263421976919,0.1174182798964695,0.0555126253529637,0.0232725527831094,-0.1422820823244552,841000000.0,236000000.0,-559000000.0,1493000000.0,340000000.0,1506000000.0,806500000.0,9.00903161063723,44.76581758422351,21.61873459326212,9.98997493734336,2.0104625550660797,4.163055872291904,0.2250580046403712,0.0060532687651331,2007-02-01,0.01057,bmo,3639391304.0,2025-04-25,2006-12-31,0.0879848628192999,1.8907936507936507,151532730.15873015
2006-09-30,AMZN,USD,1018724,2006-10-26,2006-10-26 06:16:52,2006,Q3,2307000000.0,2147000000.0,160000000.0,0.0693541396,172000000,54000000.0,64000000.0,118000000.0,-170000000.0,120000000.0,2267000000.0,14000000.0,21000000.0,63000000.0,122000000.0,0.0528825314,40000000.0,0.0173385349,-2000000.0,38000000.0,0.0164716081,19000000.0,19000000.0,0.0082358041,0.0025,0.0025,8340000000,8480000000,https://www.sec.gov/Archives/edgar/data/1018724/000119312506215188/0001193125-06-215188-index.htm,https://www.sec.gov/Archives/edgar/data/1018724/000119312506215188/d10q.htm,0.2766187050359712,0.0022781774580335,0.0155875299760191,0.0081534772182254,0.1461630695443645,0.0235011990407673,0.0002398081534772,0.0235011990407673,0.158872901678657,13427400000.0,14038400000.0,176.6763157894737,5.820286085825748,103.28769230769232,197.4617647058824,68.50714285714287,68.50714285714287,6.0851322063285656,115.0688524590164,107.98769230769231,206.4470588235294,0.0014150170546792,0.0050642715641151,6.653061224489796,0.3990208078335373,5.008196721311475,1.3093891402714932,1.9047619047619049,6.842105263157895,0.0,0.0,0.0234070221066319,0.0745557000433463,0.0593635250917992,0.4769230769230769,0.0268747290853922,0.984126984126984,0.0130039011703511,0.0347080364261264,0.0133333333333333,0.0061808718282368,-0.1527877697841726,547000000.0,2000000.0,-757000000.0,1190000000.0,253000000.0,1069500000.0,628500000.0,10.962288686605982,50.13507219375873,30.852352119236144,8.209964412811388,1.7951505016722409,2.917119565217391,0.096938775510204,0.0074340527577937,2006-10-24,0.00149,amc,1903275000.0,2025-04-25,2006-09-30,0.5033557046979864,1.5363492063492064,169482190.47619048
2006-06-30,AMZN,USD,1018724,2006-07-27,2006-07-27 09:07:36,2006,Q2,2139000000.0,1986000000.0,153000000.0,0.0715287518,167000000,50000000.0,53000000.0,103000000.0,-164000000.0,106000000.0,2092000000.0,13000000.0,19000000.0,43000000.0,116000000.0,0.054230949,47000000.0,0.0219728845,7000000.0,54000000.0,0.0252454418,32000000.0,22000000.0,0.01028518,0.0025,0.0025,8360000000,8520000000,https://www.sec.gov/Archives/edgar/data/1018724/000119312506154437/0001193125-06-154437-index.htm,https://www.sec.gov/Archives/edgar/data/1018724/000119312506154437/d10q.htm,0.2558612440191387,0.0026315789473684,0.0155502392344497,0.0086124401913875,0.1697368421052631,0.0458133971291866,0.0227272727272727,0.0458133971291866,0.160645933014354,16134800000.0,16775800000.0,183.35,7.54315100514259,124.11384615384615,224.09444444444443,42.12741514360313,42.12741514360313,7.842823749415615,144.61896551724138,129.04461538461538,232.99722222222223,0.0013635124079629,0.0044624042442422,3.4569190600522197,0.4183254344391785,5.525862068965517,1.5301783264746227,2.473684210526316,5.909090909090909,0.0,0.0,0.0233754090696587,0.0780738662926601,0.0609794628751974,0.4461538461538462,0.0271154745208041,1.3488372093023255,0.0140252454417952,0.0520829660861727,0.0112174271518149,0.0074024226110363,-0.1116925837320574,773000000.0,190000000.0,-551000000.0,1371000000.0,226500000.0,931500000.0,529500000.0,9.46704067321178,42.73413897280967,23.610271903323262,9.506666666666666,2.1060445387062567,3.81190019193858,0.0574412532637075,0.0069377990430622,2006-07-25,0.00335,amc,2566800000.0,2025-04-25,2006-06-30,-0.2298507462686567,1.7592063492063492,117070476.1904762
2006-03-31,AMZN,USD,1018724,2006-04-27,2006-04-27 06:13:47,2006,Q1,2279000000.0,2071000000.0,208000000.0,0.0912681,146000000,45000000.0,54000000.0,99000000.0,-143000000.0,102000000.0,2173000000.0,15000000.0,21000000.0,40000000.0,157000000.0,0.068889864,106000000.0,0.0465116279,-10000000.0,96000000.0,0.0421237385,45000000.0,51000000.0,0.0223782361,0.006,0.006,8340000000,8520000000,https://www.sec.gov/Archives/edgar/data/1018724/000119312506090088/0001193125-06-090088-index.htm,https://www.sec.gov/Archives/edgar/data/1018724/000119312506090088/d10q.htm,0.2732613908872902,0.006115107913669,-0.0363309352517985,-0.0418465227817745,0.1599520383693045,0.0388489208633093,0.0157074340527577,0.0388489208633093,0.1534772182254196,15262200000.0,16014200000.0,74.81470588235294,6.696884598508118,-50.37029702970297,-43.73123209169054,47.10555555555556,47.10555555555556,7.026853883282142,102.00127388535032,-52.85214521452145,-45.88595988538682,0.0033415890238628,-0.0228669523397675,3.885802469135802,0.4210702341137123,4.789808917197452,1.5536602700781803,5.047619047619048,-5.941176470588236,0.0,0.0,0.0197455024133391,0.0640631856077226,0.0645484949832776,-0.1518151815181518,0.0201842913558578,1.15,0.0048266783677051,0.0731110130328963,0.0355732785849652,0.0182338219520915,-0.1069544364508393,779000000.0,131000000.0,-480000000.0,1333000000.0,251000000.0,1143000000.0,552000000.0,9.003949100482668,39.98068565910188,23.380009657170447,9.99561403508772,2.251086956521739,3.849442379182156,0.1574074074074074,0.005515587529976,2006-04-25,0.00585,amc,2279000000.0,2025-04-25,2006-03-31,0.0239316239316238,1.9991935483870968,132623580.64516129
2005-12-31,AMZN,USD,1018724,2006-02-17,2006-02-17 08:52:50,2005,Q4,2977000000.0,2692000000.0,285000000.0,0.0957339604,0,49000000.0,67000000.0,116000000.0,4000000.0,120000000.0,2812000000.0,14000000.0,22000000.0,36000000.0,219000000.0,0.0735639906,165000000.0,0.0554249244,-4000000.0,161000000.0,0.0540812899,-38000000.0,173000000.0,0.0581121935,0.0,0.0,8300000000,8520000000,https://www.sec.gov/Archives/edgar/data/1018724/000119312506034166/0001193125-06-034166-index.htm,https://www.sec.gov/Archives/edgar/data/1018724/000119312506034166/d10k.htm,0.3586746987951807,0.0208433734939759,0.0759036144578313,0.0692771084337349,0.2409638554216867,0.0296385542168674,0.0104819277108433,0.0296385542168674,0.1815662650602409,19588000000.0,20060000000.0,28.30635838150289,6.579778300302317,31.09206349206349,34.06608695652174,79.6260162601626,79.6260162601626,6.738327175008398,91.59817351598174,31.84126984126984,34.88695652173913,0.0088319379211762,0.029354706963447,6.036585365853658,0.4017857142857143,2.1552511415525117,1.5423907319641916,7.5,3.1658291457286434,0.0,0.0,0.0164595230097413,0.0,0.0430194805194805,0.0873015873015873,0.0184749748068525,1.5277777777777777,0.0053745381256298,0.1178972762436924,0.1134914298157384,0.0489115069267741,-0.1158433734939759,1030000000.0,87000000.0,-521000000.0,1537000000.0,231000000.0,1121000000.0,511000000.0,8.283506886126974,45.66864784546805,18.92273402674591,10.864963503649635,1.970717423133236,4.756183745583039,0.7032520325203252,0.0066265060240963,2006-02-02,0.00906,amc,2631455356.0,2025-04-25,2005-12-31,1.2075055187637969,2.2857142857142856,153842285.7142857
2005-09-30,AMZN,USD,1018724,2005-10-27,2005-10-26 20:33:28,2005,Q3,1858000000.0,1687000000.0,171000000.0,0.0920344456,0,32000000.0,44000000.0,76000000.0,40000000.0,116000000.0,1803000000.0,12000000.0,22000000.0,30000000.0,103000000.0,0.0554359526,55000000.0,0.0296017223,-4000000.0,51000000.0,0.0274488698,21000000.0,30000000.0,0.016146394,0.0035,0.0035,8260000000,8560000000,https://www.sec.gov/Archives/edgar/data/1018724/000119312505209085/0001193125-05-209085-index.htm,https://www.sec.gov/Archives/edgar/data/1018724/000119312505209085/d10q.htm,0.2249394673123486,0.0036319612590799,0.0185230024213075,0.009322033898305,0.1717917675544794,0.0007263922518159,-0.0185230024213075,0.0007263922518159,0.1878934624697336,18750200000.0,19680200000.0,156.2516666666667,10.091603875134552,122.55032679738562,243.5090909090909,3125.0333333333338,3125.0333333333338,10.592142088266954,191.06990291262136,128.62875816993463,255.587012987013,0.0015999829335153,0.0041066228626894,255.0,0.5402542372881356,9.029126213592232,1.6153846153846154,2.5,5.1,0.0,0.0,0.0172228202368137,0.0,0.0561440677966101,0.4967320261437908,0.0409041980624327,2.533333333333333,0.0139935414424111,0.0077045533059066,0.021063112745098,0.0112233445566778,-0.1256658595641646,808000000.0,-153000000.0,-705000000.0,1289000000.0,171500000.0,805500000.0,419500000.0,9.106566200215283,46.73384706579728,24.32720806164789,9.882978723404255,1.9257990867579908,3.699561403508772,5.0,0.0092009685230024,2005-10-25,0.00497,amc,2654285714.0,2025-04-25,2005-09-30,-0.2957746478873239,2.08921875,125641437.5
2005-06-30,AMZN,USD,1018724,2005-07-28,2005-07-27 20:07:17,2005,Q2,1753000000.0,1567000000.0,186000000.0,0.106103822,106000000,38000000.0,42000000.0,80000000.0,-104000000.0,82000000.0,1649000000.0,9000000.0,22000000.0,26000000.0,156000000.0,0.0889903023,104000000.0,0.0593268682,4000000.0,108000000.0,0.0616086708,56000000.0,52000000.0,0.0296634341,0.0065,0.006,8220000000,8500000000,https://www.sec.gov/Archives/edgar/data/1018724/000119312505150308/0001193125-05-150308-index.htm,https://www.sec.gov/Archives/edgar/data/1018724/000119312505150308/d10q.htm,0.2132603406326034,0.0063260340632603,0.0296836982968369,0.0240875912408759,0.1611922141119221,-0.0077858880778588,-0.0265206812652068,-0.0077858880778588,0.1886861313868613,13563000000.0,14463000000.0,65.20673076923076,7.737022247575584,55.58606557377049,68.5,-211.921875,-211.921875,8.250427837992014,92.71153846153848,59.27459016393443,73.04545454545455,0.0038339600383396,0.0145985401459854,-23.890625,0.5878508266051519,5.769230769230769,1.6835664335664335,4.727272727272728,4.6923076923076925,0.0,0.0,0.0216771249286936,0.0604677695379349,0.0592079969242599,0.1885245901639344,0.0262407301768397,1.7692307692307692,0.0148317170564746,,0.0341802553406649,0.0212505108295872,-0.1255778588807785,782000000.0,-218000000.0,-739000000.0,1203000000.0,163000000.0,719500000.0,393000000.0,7.95778665145465,42.21442246330568,21.99744735162731,11.30967741935484,2.1319727891156464,4.091383812010444,-0.8125,0.005596107055961,2005-07-26,0.00537,amc,1606916666.0,2025-04-25,2005-06-30,0.1396648044692737,1.725625,120522718.75
2005-03-31,AMZN,USD,1018724,2005-04-28,2005-04-27 17:47:48,2005,Q1,1902000000.0,1702000000.0,200000000.0,0.1051524711,92000000,46000000.0,45000000.0,91000000.0,-91000000.0,92000000.0,1794000000.0,9000000.0,26000000.0,28000000.0,162000000.0,0.0851735016,108000000.0,0.0567823344,0.0,108000000.0,0.0567823344,56000000.0,52000000.0,0.0273396425,0.0095,0.009,8200000000,8480000000,https://www.sec.gov/Archives/edgar/data/1018724/000119312505087021/0001193125-05-087021-index.htm,https://www.sec.gov/Archives/edgar/data/1018724/000119312505087021/d10q.htm,0.2319512195121951,0.0063414634146341,-0.0358536585365853,-0.0390243902439024,0.1403658536585366,-0.0197560975609756,-0.0379268292682926,-0.0197560975609756,0.193780487804878,14022000000.0,15052000000.0,67.41346153846153,7.37223974763407,-47.693877551020414,-43.81875,-86.55555555555556,-86.55555555555556,7.913774973711882,92.91358024691358,-51.197278911564624,-47.0375,0.0037084581372129,-0.0228212808443873,-9.648148148148149,0.6322815533980582,6.3580246913580245,1.6710158434296365,4.153846153846154,-3.769230769230769,0.0,0.0,0.0241850683491062,0.0483701366982124,0.0602750809061488,-0.0884353741496598,0.0136698212407991,0.9285714285714286,0.0099894847528916,,0.0371163454675231,0.0223848471803702,-0.140640243902439,720000000.0,-311000000.0,-841000000.0,1114000000.0,185000000.0,923000000.0,441500000.0,8.091482649842272,37.226792009400704,21.310223266745005,11.12280701754386,2.417613636363636,4.223325062034739,-0.3209876543209876,0.003170731707317,2005-04-26,0.00775,amc,2430333333.0,2025-04-25,2005-03-31,-0.2090322580645161,1.880655737704918,174805540.98360655
2004-12-31,AMZN,USD,1018724,2005-03-11,2005-03-11 06:20:27,2004,Q4,2540959000.0,2273768000.0,267191000.0,0.1051536054,72821000,51326000.0,58200000.0,109526000.0,-77598000.0,104749000.0,2378517000.0,9778000.0,27134000.0,20831000.0,162072000.0,0.0637837919,162442000.0,0.0639294062,-48335000.0,114107000.0,0.0449070607,0.0,346688000.0,0.1364398245,0.0,0.0,8180000000,8560000000,https://www.sec.gov/Archives/edgar/data/1018724/000119312505047032/0001193125-05-047032-index.htm,https://www.sec.gov/Archives/edgar/data/1018724/000119312505047032/d10k.htm,0.310630684596577,0.0423823960880195,0.0681622249388753,0.0636689486552567,0.217481662591687,-0.0277506112469437,-0.0447432762836185,-0.0277506112469437,0.2305474327628361,18077800000.0,18633544000.0,13.036072780136609,7.114557928719039,32.422650551413554,34.710797754276015,-79.63788546255506,-79.63788546255506,7.333272201558545,114.97077841946788,33.419380989190536,35.77786994155281,0.019177554790959,0.0288094790295279,-8.188299559471366,0.5722733990147784,3.4289945209536503,1.567283950617284,5.986658804451979,1.6082673758537935,0.0,0.0,0.0201994601250945,0.0286588646255213,0.042795566502463,0.0659203288573391,0.0144650110450424,1.7644376170131055,0.0077250360985753,,0.0995825846646914,0.1115110968156963,-0.1597493887530562,919000000.0,-366000000.0,-936000000.0,1304000000.0,174882000.0,915148500.0,418660000.0,7.04851986986016,45.202500870801245,18.999299840616985,12.768638190954771,1.9910402802101577,4.737016666666666,-1.5272599118942731,0.0044932762836185,2005-02-02,0.02278,amc,2903953142.0,2025-04-25,2004-12-31,-0.122036874451273,1.95609375,172830656.25
2004-09-30,AMZN,USD,1018724,2004-10-22,2004-10-22 16:21:24,2004,Q3,1463000000.0,1314000000.0,149000000.0,0.1018455229,64823000,29000000.0,34000000.0,63000000.0,-59823000.0,68000000.0,1382000000.0,7000000.0,26000000.0,19000000.0,102000000.0,0.0697197539,81000000.0,0.0553656869,-24000000.0,57000000.0,0.038961039,3000000.0,54000000.0,0.036910458,0.0065,0.0065,8140000000,8500000000,https://www.sec.gov/Archives/edgar/data/1018724/000119312504176356/0001193125-04-176356-index.htm,https://www.sec.gov/Archives/edgar/data/1018724/000119312504176356/d10q.htm,0.1797297297297297,0.0066339066339066,0.0143298525798525,0.0108013513513513,0.1455405405405405,-0.088584398034398,-0.1054866093366093,-0.088584398034398,0.222134398034398,16605600000.0,17642166000.0,76.87777777777778,11.350375939849624,142.36015259976853,188.8652570999625,-23.02888595808769,-23.02888595808769,12.058896787423103,172.96241176470588,151.2466543786703,200.6547319813928,0.0032519150166208,0.0052947800741918,-2.471544647797669,0.8451657634108356,10.162411764705883,1.6106060476316884,3.1153846153846154,2.154228304430532,0.0,0.0,0.0198222829801777,0.0443082706766917,0.0652468762270779,0.2462343006558361,0.0196322624743677,1.5051092595503852,0.0063390293916609,,0.0723184045429052,0.0273960927083777,-0.1662545454545454,641761000.0,-858661000.0,-1136961000.0,1006107000.0,138205500.0,636710500.0,320757000.0,9.274613807245386,47.1436301369863,24.473972602739725,9.703908094770634,1.909059606536132,3.6773760214933393,-0.0748879800631555,0.0035285012285012,2004-10-21,0.00664,amc,1548502941.0,2025-04-25,2004-09-30,-0.0436746987951807,2.0728125,174573843.75
2004-06-30,AMZN,USD,1018724,2004-07-23,2004-07-23 06:03:48,2004,Q2,1387000000.0,1243000000.0,144000000.0,0.1038211968,71000000,31000000.0,34000000.0,65000000.0,-78000000.0,58000000.0,1301000000.0,5000000.0,26000000.0,18000000.0,125000000.0,0.0901225667,86000000.0,0.0620043259,-5000000.0,81000000.0,0.0583994232,5000000.0,76000000.0,0.0547945205,0.0095,0.009,8100000000,8500000000,https://www.sec.gov/Archives/edgar/data/1018724/000119312504123102/0001193125-04-123102-index.htm,https://www.sec.gov/Archives/edgar/data/1018724/000119312504123102/d10q.htm,0.1712345679012345,0.0093827160493827,0.0176587654320987,0.0159127160493827,0.1421420987654321,-0.0976367901234567,-0.1061702469135802,-0.0976367901234567,0.221113086419753,22032000000.0,23095866000.0,72.47368421052632,15.884643114635905,154.03115299644844,170.93247887782888,-27.858351309590347,-27.858351309590347,16.651669790915644,184.766928,161.46890293352723,179.1863483664745,0.0034495279593318,0.0058502632534495,-2.231773592730933,0.9348057051760756,8.510928,1.703699661921048,3.3076923076923075,1.8702405857740585,0.0,0.0,0.0223503965392934,0.0511896178803172,0.0366085662381958,0.0988772057384155,0.0101968276856524,0.7801312813723867,0.0156395097332372,,0.0828318999840799,0.0417814511247731,-0.1594178703703703,644838000.0,-859979000.0,-1117776000.0,929830000.0,125765000.0,576343500.0,282872000.0,8.153013698630136,42.3661786001609,20.57720032180209,11.038862845909572,2.124336038173105,4.373772845309894,-0.0960981617433218,0.001746049382716,2004-07-22,0.00942,amc,1464415500.0,2025-04-25,2004-06-30,-0.0509554140127388,2.3470967741935485,152930419.3548387
2004-03-31,AMZN,USD,1018724,2004-04-23,2004-04-22 19:57:37,2004,Q1,1530000000.0,1356000000.0,174000000.0,0.1137254902,55076000,30000000.0,34000000.0,64000000.0,-55076000.0,64000000.0,1420000000.0,6000000.0,28000000.0,18000000.0,155000000.0,0.1013071895,110000000.0,0.0718954248,-1000000.0,109000000.0,0.0712418301,-2000000.0,111000000.0,0.0725490196,0.014,0.013,8080000000,8500000000,https://www.sec.gov/Archives/edgar/data/1018724/000119312504067751/0001193125-04-067751-index.htm,https://www.sec.gov/Archives/edgar/data/1018724/000119312504067751/d10q.htm,0.1893564356435643,0.0137376237623762,-0.0310257425742574,-0.0322030940594059,0.123532301980198,-0.1120111386138613,-0.1205657178217821,-0.1120111386138613,0.2237837871287128,17452800000.0,18464386000.0,39.30810810810811,11.407058823529413,-69.6196068419709,-67.07430025249711,-19.283796475332856,-19.283796475332856,12.06822614379085,119.12507096774192,-73.65484586418177,-70.96201013831615,0.0063600110011001,-0.0149088398423175,-1.966933318601182,1.023934736831207,6.526361290322581,1.6232314868387168,3.928571428571429,-2.2556867261733373,0.0,0.0,0.0196078431372549,0.035997385620915,0.0397575926297668,-0.0379475682920602,0.0062176470588235,0.5380351790057123,0.0046450980392156,,0.1280029762945931,0.0664893617021276,-0.1745399443069307,539663000.0,-974171000.0,-1238037000.0,826260000.0,128678000.0,693687000.0,287733500.0,7.404882352941176,37.67011061946903,18.686946902654867,12.15414313290913,2.3891620842091537,4.816196057538625,-0.1226451577260924,0.0011773514851485,2004-04-22,0.01117,amc,1330738260.0,2025-04-25,2004-03-31,0.1692032229185318,2.3488709677419357,180146096.7741936
2003-12-31,AMZN,USD,1018724,2004-02-25,2004-02-25 17:25:47,2003,Q4,1945772000.0,1729561000.0,216211000.0,0.1111183633,51811000,38023000.0,40291000.0,78314000.0,-51530000.0,78595000.0,1808156000.0,5330000.0,29299000.0,18608000.0,121061000.0,0.0622174643,137616000.0,0.0707256554,-64462000.0,73154000.0,0.0375963885,0.0,73154000.0,0.0375963885,0.0,0.0,7991380000,9911380000,https://www.sec.gov/Archives/edgar/data/1018724/000119312504029488/0001193125-04-029488-index.htm,https://www.sec.gov/Archives/edgar/data/1018724/000119312504029488/d10k.htm,0.2434838538525261,0.009154113557358,0.0601852245794843,0.0580284006016482,0.174540942865938,-0.1296530761895943,-0.1383025209663412,-0.1296530761895943,0.2476360778739091,21017329400.0,21864711400.0,71.82563291139239,10.80153759022126,43.69843293558963,45.3226346535785,-20.28490242803108,-20.28490242803108,11.23703671344844,180.6090433748276,45.46027740179598,47.14996409525432,0.0034806515427216,0.0220640306470145,-1.8817120239511944,0.9017693069439736,6.999628286566277,1.4535064632342434,4.696952114406635,6.574664406594308,0.0,0.0,0.0195413440012498,0.0266274774228429,0.031970372330117,0.03583643648264,0.0088581807118202,0.926268271711092,0.0077290658926122,,0.150639046880952,0.0349532135130382,-0.1949292550222865,568108000.0,-1105228000.0,-1377331000.0,861514000.0,117673000.0,659500000.0,267792000.0,6.081169839015055,42.65995243879805,15.294360823353442,14.79978398606558,2.109706993441171,5.884521820786141,-0.0706046769300854,0.0021568239778361,2004-01-27,0.01447,amc,1945772000.0,2025-04-25,2003-12-31,0.0020732550103663,2.67203125,207462343.75
2003-09-30,AMZN,USD,1018724,2003-10-24,2003-10-24 08:29:33,2003,Q3,1134456000.0,1009467000.0,124989000.0,0.1101752734,53775000,43329000.0,28943000.0,72272000.0,-52989000.0,73058000.0,1082525000.0,4324000.0,29802000.0,18338000.0,63703000.0,0.056152905,51931000.0,0.0457761253,-36368000.0,15563000.0,0.0137184695,0.0,15563000.0,0.0137184695,0.002,0.002,7958240000,8456040000,https://www.sec.gov/Archives/edgar/data/1018724/000089102003002504/0000891020-03-002504-index.htm,https://www.sec.gov/Archives/edgar/data/1018724/000089102003002504/v93801e10vq.htm,0.1425511168298518,0.0019555831440117,0.0046262741510685,0.0027173093548322,0.1337808359637306,-0.1455138322041054,-0.1542821025754438,-0.1455138322041054,0.2659921037817407,19258940800.0,20679549800.0,309.37063548159097,16.976366469920386,523.099133552435,890.5868578034682,-16.63072137778338,-16.63072137778338,18.22860454702518,324.6244258512158,561.6848140804519,956.2797595375722,0.0008080922082693,0.0011228551053025,-1.8022156516993453,1.1928015614239134,22.300503900915185,1.7057151496824916,1.7425340581169049,2.365674998393626,0.0,0.0,0.0381936364213332,0.0474015739702553,0.0398814643778737,0.4126354673112964,0.0133914404789608,0.794394478142648,0.018454660207183,,0.0559003135653336,0.009264214345454,-0.2066186430668087,583450000.0,-1227814000.0,-1497519000.0,874689000.0,94124000.0,472143500.0,209887000.0,8.240575218430685,44.50567477688721,21.546053511407504,10.921567683613643,2.0222140311585397,4.177099066070253,-0.0134391563632846,0.0019089647962363,2003-10-21,0.00163,amc,1031323636.0,2025-04-25,2003-09-30,0.1288343558282209,2.138125,182123375.0
2003-06-30,AMZN,USD,1018724,2003-07-24,2003-07-23 20:13:11,2003,Q2,1099912000.0,985574000.0,114338000.0,0.1039519525,52135000,46276000.0,25326000.0,71602000.0,-51222000.0,72515000.0,1058089000.0,5761000.0,34367000.0,19003000.0,10056000.0,0.0091425496,41823000.0,0.038023951,-85137000.0,-43314000.0,-0.039379514,0.0,-43314000.0,-0.039379514,-0.0055,-0.0055,7877520000,7877520000,https://www.sec.gov/Archives/edgar/data/1018724/000089102003001925/0000891020-03-001925-index.htm,https://www.sec.gov/Archives/edgar/data/1018724/000089102003001925/v91549e10vq.htm,0.1396266845403121,-0.0054984309782774,0.0159979282819973,0.015091424712346,0.1255181833876651,-0.1582777320781159,-0.1674742812458743,-0.1582777320781159,0.2687160426123958,14337086400.0,15777807400.0,-82.75087962321652,13.034757689706083,113.76473052751858,120.59828907413171,-11.4987748188214,-11.4987748188214,14.344608841434589,1568.9943715194909,125.19684663238748,132.7171033705408,-0.0030211159221304,0.0082919916001901,-1.6701867767693586,1.3040948014032592,143.2697891805887,1.6263062397970325,1.2169523089009806,-2.909544258207508,0.0,0.0,0.0420724567056273,0.0473992464851733,0.0453679547410095,0.0566638100679235,0.0064923375688236,0.3585559349266921,0.0222317785422833,,0.0500506813560823,-0.0284136530377694,-0.2161318854157146,481870000.0,-1319282000.0,-1592436000.0,775990000.0,86644500.0,419397000.0,175568500.0,6.903961407821717,40.64516718176413,16.264258188629164,13.035994074074074,2.2142853933291096,5.533606203012796,0.034739131690134,0.0009065035696513,2003-07-22,-0.00334,amc,907427398.0,2025-04-25,2003-06-30,0.6467065868263472,1.5614285714285716,184745682.5396825
2003-03-31,AMZN,USD,1018724,2003-04-25,2003-04-25 17:16:59,2003,Q1,1083559000.0,966770000.0,116789000.0,0.1077827788,50088000,48425000.0,28227000.0,76652000.0,-49176000.0,77564000.0,1044334000.0,6540000.0,36511000.0,19750000.0,46140000.0,0.0425818991,39225000.0,0.0362001515,-49346000.0,-10121000.0,-0.0093405158,0.0,-10121000.0,-0.0093405158,-0.0015,-0.0015,7770820000,7770820000,https://www.sec.gov/Archives/edgar/data/1018724/000089102003001333/0000891020-03-001333-index.htm,https://www.sec.gov/Archives/edgar/data/1018724/000089102003001333/v89385e10vq.htm,0.1394394671347425,-0.0013024365510975,-0.0324009563984238,-0.0332237781855711,0.1393098797810269,-0.1658851961569049,-0.1753255126228634,-0.1658851961569049,0.3016421690375018,10102066000.0,11913789000.0,-249.53230906036956,9.323041938648473,-40.12227244203319,-39.12860219385225,-7.836745111181446,-7.836745111181446,10.995053338120028,258.2095578673602,-47.31787419275405,-46.1459973041646,-0.001001874270075,-0.0255567524504393,-1.7900554200567234,1.352629909849918,39.26577806675336,1.9246155409767545,1.0743337624277616,24.877186048809406,0.0,0.0,0.0446906905853765,0.0462254478067184,0.0430022750014215,-0.0253949845501266,0.0059009246381599,0.3094569741554545,0.0252159780870261,,0.0385150898636335,-0.0061994127065603,-0.2263911015825871,645917000.0,-1362423000.0,-1650501000.0,947555000.0,100598000.0,505912000.0,187727500.0,7.385163152167995,36.65053735635156,16.10796776896263,12.186596036619656,2.4556256604080304,5.587297000520141,0.0078514332880291,0.0008228217871473,2003-04-24,-0.00055,amc,433423600.0,2025-04-25,2003-03-31,1.363636363636363,1.136860655737705,147289409.83606556
2002-12-31,AMZN,USD,1018724,2003-02-19,2003-02-19 08:03:25,2002,Q4,1428610000.0,1269058000.0,159552000.0,0.1116833845,49048000,55695000.0,37579000.0,93274000.0,-53293000.0,89029000.0,1358087000.0,6785000.0,36108000.0,20776000.0,60235000.0,0.0421633616,70523000.0,0.0493647672,-67172000.0,3351000.0,0.0023456367,0.0,2651000.0,0.0018556499,0.0,0.0,7675200000,7675200000,https://www.sec.gov/Archives/edgar/data/1018724/000095014903000355/0000950149-03-000355-index.htm,https://www.sec.gov/Archives/edgar/data/1018724/000095014903000355/v87419ore10vk.htm,0.1861332603710652,0.0003453981655201,0.0485432301438399,0.0465216541588492,0.1695029445486762,-0.1762578173858661,-0.1859345684803001,-0.1762578173858661,0.3031493641859495,7249226400.0,8801596400.0,683.6313089400227,5.074321473320221,19.45688404338409,20.302373530721468,-5.35862757186132,-5.35862757186132,6.160951134319373,146.12096621565536,23.623436640283,24.64998165589826,0.0003656941932452,0.0492553246785063,-1.6932290765766764,1.1508076820858006,25.77189341744833,1.5157032453436252,1.953112883571508,140.5428140324406,0.0,0.0,0.0389854473929203,0.0343326730178285,0.0373136915339202,0.0416448592110666,0.0108609067555176,0.7468232576049287,0.024975325666207,,0.0751996673100094,0.0013834831628376,-0.2419311548884719,549718000.0,-1427085000.0,-1727587000.0,863387000.0,56141000.0,482823500.0,176969500.0,7.0735750134746365,43.83686167220095,14.355726846211915,12.723410698063804,2.05306667874615,6.269275040138323,-0.0019596189867934,0.0020215759849906,2003-01-23,0.00715,amc,1052660000.0,2025-04-25,2002-12-31,0.3286713286713286,1.0221640625,176714218.75
2002-09-30,AMZN,USD,1018724,2002-10-25,2002-10-25 17:25:25,2002,Q3,851299000.0,778381000.0,72918000.0,0.0856549814,52907000,17866000.0,26728000.0,44594000.0,-14938000.0,82563000.0,860944000.0,5600000.0,35922000.0,21713000.0,23112000.0,0.027149098,-9645000.0,-0.0113297443,-24878000.0,-34523000.0,-0.0405533191,0.0,-35080000.0,-0.0412076133,-0.0045,-0.0045,7593000000,7593000000,https://www.sec.gov/Archives/edgar/data/1018724/000103221002001474/0001032210-02-001474-index.htm,https://www.sec.gov/Archives/edgar/data/1018724/000103221002001474/d10q.htm,0.1121162913209535,-0.004620044778085,0.0050188331357829,0.0035236401949163,0.1140263400500461,-0.1947107862504938,-0.2046125378638219,-0.1947107862504938,0.3047414724087975,6047824500.0,7998240500.0,-43.10023161345496,7.104230710948797,158.70222787866064,226.0446458605868,-4.09068246982121,-4.09068246982121,9.395336421163424,346.0644037729318,209.8835021517791,298.9437675200897,-0.0058004328663968,0.0044239048272647,-1.5408008040913423,1.5212851566543453,84.38975424022154,1.574697819121854,-0.2684984132286621,-1.0863169897377425,0.0,0.0,0.0209867508360752,0.0621485518014234,0.0502095291520998,0.2979164479899234,0.013336089904957,0.5228664855155898,-0.0009773299393045,,-0.0120631712445015,-0.0246656461970397,-0.2679158435401027,408609000.0,-1553623000.0,-1856237000.0,723031000.0,0.0,321943500.0,139154000.0,0.0,40.18174904063691,17.51874724588601,0.0,2.239822858606292,5.137353643887693,0.0237277290439443,0.0014951929408665,2002-10-24,-0.00231,amc,790111881.0,2025-04-25,2002-09-30,1.0,0.7585703125,136862750.0
2002-06-30,AMZN,USD,1018724,2002-07-26,2002-07-25 21:45:11,2002,Q2,805605000.0,731354000.0,74251000.0,0.092167998,58165000,42573000.0,28832000.0,71405000.0,-56791000.0,72779000.0,804133000.0,5650000.0,35651000.0,22344000.0,-34390000.0,-0.0426884143,1472000.0,0.0018271982,-93857000.0,-92385000.0,-0.1146777887,0.0,-93553000.0,-0.1161276308,-0.0125,-0.0125,7538740000,7538740000,https://www.sec.gov/Archives/edgar/data/1018724/000103221002001115/0001032210-02-001115-index.htm,https://www.sec.gov/Archives/edgar/data/1018724/000103221002001115/d10q.htm,0.1068620220355125,-0.0124096334400708,0.0006150895242441,-0.0003718127963028,0.1092462400878661,-0.1915321393230168,-0.2016659282585684,-0.1915321393230168,0.3009100990351173,5107496350.0,7069890350.0,-13.648670673308178,6.339951154722227,1101.4656782402417,-1822.153531930075,-3.5372653508422607,-3.5372653508422607,8.775876949621713,-205.57982989241057,1524.6690424843648,-2522.258419550481,-0.0183168021255658,-0.0005488011753547,-1.546377858469116,1.5559295270468494,-57.06292526897354,1.579903774533255,0.0412891643993155,-0.04956548694323,0.0,0.0,0.0528459977284152,0.0722003959756952,0.0532358870476019,1.604485658831141,0.0092352952129145,0.3329752953813104,0.0287336846221163,,0.0018658395454044,-0.0688572709253517,-0.2642327497698554,383045000.0,-1520307000.0,-1835381000.0,708893000.0,0.0,305492000.0,132895000.0,0.0,36.47087456963386,15.603196263369036,0.0,2.4677225611402043,5.768048961307318,0.064791389496998,0.0009869023205469,2002-07-23,-0.00682,amc,4833629999.0,2025-04-25,2002-06-30,0.8196480938416422,0.833,142630281.25
2002-03-31,AMZN,USD,1018724,2002-04-24,2002-04-24 00:00:00,2002,Q1,847422000.0,769609000.0,77813000.0,0.0918232002,55497000,31842000.0,32244000.0,64086000.0,-43544000.0,76039000.0,845648000.0,5652000.0,35244000.0,22919000.0,35956000.0,0.0424298638,1774000.0,0.002093408,-23981000.0,-22207000.0,-0.0262053617,0.0,-23951000.0,-0.0282633682,-0.003,-0.003,7460620000,7460620000,https://www.sec.gov/Archives/edgar/data/1018724/000103221002000681/0001032210-02-000681-index.htm,https://www.sec.gov/Archives/edgar/data/1018724/000103221002000681/d10q.htm,0.1135860022357391,-0.0032103230026458,-0.0323073685565006,-0.03295798472513,0.0998922341574828,-0.1940019730263704,-0.2044260396589023,-0.1940019730263704,0.2950793633773064,5520858800.0,7390400800.0,-57.626600141956494,6.514887269860825,-22.904991432708385,-22.452829145095105,-3.814394196390016,-3.814394196390016,8.721039576503797,205.54012682167087,-30.6613650413014,-30.056085925648773,-0.0043382743278998,-0.0445378171961217,-1.4966618879005096,1.590562056143937,51.99527199911002,1.45240399981736,0.050334808761775,10.411792656587473,0.0,0.0,0.0375751396588712,0.0654892131665215,0.0571028718111383,-0.0201383213087004,0.0057279608034721,0.211789345084864,0.0128991222791006,,0.0024678099647217,-0.0186511317143217,-0.2673433307151416,297243000.0,-1525145000.0,-1855030000.0,631416000.0,33806500.0,379682000.0,141359000.0,0.0,36.791981382754095,16.254539642857605,0.0,2.4461851908358128,5.536914731359176,0.016547888418689,0.0006506161686294,2002-04-23,-0.0017,amc,7626798000.0,2025-04-25,2002-03-31,0.8882352941176472,0.6736833333333333,217181966.66666663
2001-12-31,AMZN,USD,1018724,2002-01-24,2002-01-24 00:00:00,2001,Q4,1115171000.0,1002466000.0,112705000.0,0.1010652178,52325000,21512000.0,34450000.0,55962000.0,-10107000.0,98180000.0,1100646000.0,6030000.0,35290000.0,58584000.0,100816000.0,0.0904040726,14525000.0,0.0130249083,-7583000.0,6942000.0,0.0062250543,0.0,5087000.0,0.0045616323,0.0,0.0,7429960000,7429960000,https://www.sec.gov/Archives/edgar/data/1018724/000103221002000059/0001032210-02-000059-index.htm,https://www.sec.gov/Archives/edgar/data/1018724/000103221002000059/d10k405.htm,0.1500911175834055,0.0006846604826943,0.0469881399092323,0.0459741371420572,0.1341306009722798,-0.1938099262983919,-0.2045433622792047,-0.1938099262983919,0.2969618948150461,4019608360.000001,5650451360.0,197.54316689600944,3.604477125032843,11.513543652612285,11.767485669787405,-2.7913946944444445,-2.7913946944444445,5.066892306202367,56.047168703380414,16.184840054995416,16.541811900956127,0.0012655461787326,0.0849799207801428,-1.5077256944444444,1.3258398079566571,16.17643032851928,1.3109416614030176,0.411589685463304,68.6298407705917,0.0,0.0,0.0192903151175918,0.0469210551565634,0.0487002815797042,0.0215799725022914,0.0067559145637754,0.1286016659838864,0.0017369533461684,,0.0198666438707471,0.0032655068243764,-0.2635803221013303,286506000.0,-1519749000.0,-1869627000.0,638006000.0,33806500.0,340870000.0,137230500.0,5.45671471012069,39.92885544247884,12.90316080545375,16.493440610533476,2.25400901184491,6.975035137278914,-0.0035326388888888,0.001014002767175,2002-01-22,0.00136,bmo,867355222.0,2025-04-25,2001-12-31,2.308823529411764,0.4545390625,216657375.0
2001-09-30,AMZN,USD,1018724,2001-10-30,2001-10-30 00:00:00,2001,Q3,639281000.0,612335000.0,26946000.0,0.0421504784,53846000,18914000.0,32537000.0,51451000.0,-8017000.0,97280000.0,709615000.0,6316000.0,35046000.0,61630000.0,-68216000.0,-0.1067073791,-70334000.0,-0.1100204761,-94558000.0,-164892000.0,-0.2579335222,0.0,-169874000.0,-0.2657266523,-0.023,-0.023,7361040000,7361040000,https://www.sec.gov/Archives/edgar/data/1018724/000103221001501248/0001032210-01-501248-index.htm,https://www.sec.gov/Archives/edgar/data/1018724/000103221001501248/d10q.htm,0.0868465597252562,-0.0230774455783421,-0.0087491713127492,-0.0105050373316813,0.0907616315085911,-0.1975256213795876,-0.2126132992077206,-0.1975256213795876,0.3020312347168334,2211992520.0,3967903520.0,-3.2553429600762915,3.4601255472945387,-34.34610996382156,-28.6053243327126,-1.5213216285624285,-1.5213216285624285,6.206822226845472,-58.16675735897736,-61.61053863950437,-51.3126360438651,-0.0767968238879939,-0.0349585268941144,-1.5049704469206888,1.6252748134239674,-25.74045678433212,1.3853530256384134,-2.0069052102950407,0.3791221729046234,0.0,0.0,0.029586363430166,0.0842290010183315,0.0824893342681941,-0.2006894088784684,0.0202180261887964,0.2097192925523284,-0.0040154486055427,,-0.0957936542526531,-0.1375156135276494,-0.2807881087455033,242078000.0,-1565055000.0,-1930086000.0,641512000.0,0.0,247484000.0,129887000.0,0.0,34.83269778797554,19.21580507401994,0.0,2.5837791992978665,4.683644513113914,0.116832669185705,0.0017558660189321,2001-10-23,-0.02302,bmo,639281000.0,2025-04-25,2001-09-30,0.0026064291920069,0.5608050847457627,135460813.55932203
2001-06-30,AMZN,USD,1018724,2001-07-23,2001-07-23 00:00:00,2001,Q2,667625000.0,638198000.0,29427000.0,0.0440771391,64710000,25129000.0,34658000.0,59787000.0,44770000.0,169267000.0,807465000.0,6807000.0,35148000.0,71624000.0,-51272000.0,-0.0767976034,-139840000.0,-0.2094589028,-18204000.0,-158044000.0,-0.2367257068,0.0,-168359000.0,-0.252175997,-0.0235,-0.0235,7195040000,7195040000,https://www.sec.gov/Archives/edgar/data/1018724/000103221001500866/0001032210-01-500866-index.htm,https://www.sec.gov/Archives/edgar/data/1018724/000103221001500866/d10q.htm,0.0927896161800351,-0.0233993139718472,0.0003453768151393,-0.0011035379928395,0.0846373334964086,-0.1987384364784629,-0.2199884920723165,-0.1987384364784629,0.3030159665547377,5090490800.0,6772605800.0,-7.558982293788867,7.624775585096424,2048.4872434607646,-641.1197481108312,-3.5599555503027767,-3.5599555503027767,10.144326231042877,-132.09170307380248,2725.3946881287725,-852.9730226700252,-0.0330732352958972,-0.0015597710146141,-1.5001171385192713,1.5948004365682404,-32.80767280386956,1.2485452918672095,-3.978604757027427,-0.0147601256838066,0.0,0.0,0.0376393933720277,0.0969256693503089,0.1136735373625687,4.195171026156942,0.0156150533607938,0.1455517703563051,0.0035214379329713,,-0.1955440456530463,-0.1412240666162811,-0.2920734978540772,161117000.0,-1582826000.0,-1965610000.0,606434000.0,0.0,257693500.0,142298500.0,0.0,36.38030830557288,18.196782189853305,0.0,2.473865785964586,4.945929399000272,0.1177392475580989,0.0014489148079788,2001-07-23,-0.0184,bmo,917984375.0,2025-04-25,2001-06-30,0.2717391304347826,0.7234285714285714,149575555.55555555
2001-03-31,AMZN,USD,1018724,2001-04-27,2001-04-27 00:00:00,2001,Q1,700356000.0,686291000.0,14065000.0,0.0200826437,70284000,28944000.0,36638000.0,65582000.0,94807000.0,230673000.0,916964000.0,9950000.0,33748000.0,73904000.0,-102781000.0,-0.1467553644,-216608000.0,-0.3092827077,6175000.0,-210433000.0,-0.3004657631,0.0,-223608000.0,-0.3192776245,-0.033,-0.033,7148480000,7148480000,https://www.sec.gov/Archives/edgar/data/1018724/000095010901500823/0000950109-01-500823-index.htm,https://www.sec.gov/Archives/edgar/data/1018724/000095010901500823/d10q.htm,0.0979727158780607,-0.0312804959935538,-0.0569329423877523,-0.0596519819598012,0.0899454149693361,-0.1753395127355745,-0.2039358017368727,-0.1753395127355745,0.3038280865302833,3656447519.999999,5347664520.0,-4.088010625737898,5.220841286431472,-8.98425372987636,-8.574736047239698,-2.9171975672784107,-2.9171975672784107,7.635637475798022,-52.02969926348255,-13.139741414895918,-12.54080948170939,-0.0611544398700955,-0.1166216656105596,-1.7058738115430614,1.4543779397410477,-16.45456845136747,1.415074994625523,-6.418395164157876,1.738274726541979,0.0,0.0,0.0413275534156914,0.1003546767643884,0.1390465631174944,-0.0477586342460637,0.0277530284598118,0.2630033557046979,0.004163596799342,,-0.2448239615710652,-0.1766625715493369,-0.2801731277138636,251000000.0,-1457831000.0,-1867856000.0,759599000.0,0.0,371397000.0,165062500.0,0.0,33.75680287225098,20.400354951471023,0.0,2.666129264095163,4.411687944356591,0.1783995832173165,0.0027190395720488,2001-04-24,-0.02665,bmo,833757142.0,2025-04-25,2001-03-31,0.1737335834896811,0.7021190322580645,175966709.67741936
2000-12-31,AMZN,USD,1018724,2001-03-23,2001-03-23 00:00:00,2000,Q4,972360000.0,817851000.0,154509000.0,0.1589010243,69791000,27120000.0,186223000.0,213343000.0,193471000.0,476605000.0,1294456000.0,10979000.0,36094000.0,101951000.0,-369536000.0,-0.3800403143,-322096000.0,-0.3312517997,-185485000.0,-507581000.0,-0.5220093381,0.0,-545140000.0,-0.5606359784,0.0,0.0,7114360000,7114360000,https://www.sec.gov/Archives/edgar/data/1018724/000103221001500087/0001032210-01-500087-index.htm,https://www.sec.gov/Archives/edgar/data/1018724/000103221001500087/d10k405.txt,0.1366756812981069,-0.0766253043140915,0.0348102991695669,0.0295630246431161,0.1546902321501863,-0.1359575562664807,-0.1718462377501279,-0.1359575562664807,0.3064414789243164,5535896946.8,6857502946.8,-2.538750113181935,5.693258614916286,22.3534418997549,26.32105508125636,-5.7233302904830285,-5.7233302904830285,7.052432172035049,-18.55706330858157,27.68996518031278,32.604781938170994,-0.0984736539062772,0.0379923979837767,-2.216633531523875,1.004155174602104,-3.5763930983720127,1.396092746749597,-8.923810051532111,-0.4542924753274388,0.0,0.0,0.0278909046032333,0.0717748570488296,0.1195806982960131,0.150739139037282,0.0383921592825702,0.3661660994006925,-0.0011436093627874,,-0.2737072884711801,-0.2899921482846448,-0.2691199911165586,386173000.0,-1222576000.0,-1741291000.0,1007914000.0,0.0,395046000.0,169221500.0,0.0,53.41372695026355,19.209697120869205,0.0,1.6849601242729968,4.685133733952785,0.5635972462163389,0.0052472745264507,2001-01-30,-0.01219,bmo,1009758461.0,2025-04-25,2000-12-31,0.0254306808859722,1.3719944444444443,193074698.4126984
2000-09-30,AMZN,USD,1018724,2000-10-30,2000-10-30 00:00:00,2000,Q3,637858000.0,638159000.0,-301000.0,-0.0004718919,71159000,30308000.0,41921000.0,72229000.0,19826000.0,163214000.0,801373000.0,9402000.0,33809000.0,102051000.0,-36343000.0,-0.0569766312,-163515000.0,-0.2563501594,-8688000.0,-172203000.0,-0.2699707458,0.0,-240524000.0,-0.3770807923,-0.034,-0.034,7079080000,7079080000,https://www.sec.gov/Archives/edgar/data/1018724/000089102000001861/0000891020-00-001861-index.htm,https://www.sec.gov/Archives/edgar/data/1018724/000089102000001861/v66555e10-q.txt,0.090104646366477,-0.0339767314396786,-0.0005209716516835,-0.0064466004057024,0.1271385547274504,-0.0688178407363668,-0.142340106341502,-0.0688178407363668,0.3014119066319352,13591833600.0,15044695600.0,-14.127315361460813,21.308557076966977,-3685.42125813449,-297.8313962661057,-27.899741977597003,-27.899741977597003,23.58627719649201,-413.9640536004183,-4079.36431670282,-329.6672714523622,-0.0176962142914992,-0.00335760437797,-4.310452062639711,0.9313780062067916,-39.976391602234266,1.7646643817222654,-4.836434085598509,0.0153331892035722,0.0,0.0,0.0475152776950355,0.111559312574272,0.2308452795074307,-11.37418655097614,0.0657638533968375,0.4110493772721482,0.0064136531955388,,-0.1013893720202164,-0.1386979379606344,-0.248595862739226,503988000.0,-1007637000.0,-1578709000.0,1376748000.0,0.0,295474000.0,168120000.0,0.0,42.973318561675065,23.112108424389533,0.0,2.094322780095107,3.89406272882597,0.4937198127130943,0.0059256287540188,2000-10-24,-0.03008,bmo,739915280.0,2025-04-25,2000-09-30,0.1296542553191491,1.9055555555555557,151342539.68253967
2000-06-30,AMZN,USD,1018724,2000-08-02,2000-08-02 00:00:00,2000,Q2,577876000.0,596541000.0,-18665000.0,-0.0322993168,67132000,36634000.0,42216000.0,78850000.0,15730000.0,161712000.0,758253000.0,10314000.0,33397000.0,101095000.0,-72240000.0,-0.1250095176,-180377000.0,-0.3121378981,-26355000.0,-206732000.0,-0.357744568,0.0,-317184000.0,-0.5488789983,-0.0455,-0.0455,6997720000,6997720000,https://www.sec.gov/Archives/edgar/data/1018724/000089102000001380/0000891020-00-001380-index.htm,https://www.sec.gov/Archives/edgar/data/1018724/000089102000001380/e10-q.txt,0.0825806119707562,-0.0453267635744213,-0.0077209433929908,-0.0118477161132483,0.1297023887780591,-0.0397878166031221,-0.1250695940963628,-0.0397878166031221,0.311910022121491,12735850400.0,14164735400.0,-10.038219456214687,22.03907135786916,-235.72248977401028,-153.61610479211646,-45.74264574892969,-45.74264574892969,24.511721199703743,-196.0788399778516,-262.1691202872531,-170.85089799413802,-0.0249048151507809,-0.0065097341281584,-7.71938482314743,0.8734245528765854,-19.7796926910299,1.9200063197081083,-5.400994101266581,0.1703396135996771,0.0,0.0,0.063394222982093,0.1161702510573202,0.2425207153974633,-0.5344907364563475,0.0499726584942098,0.2856521094020476,0.0141310592583876,,-0.0964150824389925,-0.1701674721237456,-0.2494173816614554,559017000.0,-875202000.0,-1572514000.0,1499837000.0,0.0,271018000.0,172308500.0,0.0,43.1848104321413,26.003912555884675,0.0,2.0840661125842392,3.4610176375029007,1.1392121368847514,0.0041267727202574,2000-07-26,-0.01883,bmo,612898787.0,2025-04-25,2000-06-30,0.0621348911311737,2.582063492063492,157410158.73015872
2000-03-31,AMZN,USD,1018724,2000-05-15,2000-05-15 00:00:00,2000,Q1,573889000.0,606462000.0,-32573000.0,-0.0567583627,61244000,39697000.0,40648000.0,80345000.0,23730000.0,165319000.0,771781000.0,10126000.0,27621000.0,101135000.0,-91405000.0,-0.1592729605,-197892000.0,-0.3448262643,-22269000.0,-220161000.0,-0.3836299354,0.0,-308425000.0,-0.537429712,-0.045,-0.045,6877680000,6877680000,https://www.sec.gov/Archives/edgar/data/1018724/000089102000001049/0000891020-00-001049-index.htm,https://www.sec.gov/Archives/edgar/data/1018724/000089102000001049/0000891020-00-001049.txt,0.0834422363355084,-0.0448443370438868,-0.0466020518546951,-0.0504697805073803,0.1466891451768619,0.0037246571518302,-0.0903756790080376,0.0037246571518302,0.317049499249747,23040228000.0,25109085000.0,-18.67571370673583,40.14753375652783,-71.88524682229169,-66.37635365800959,899.4116407073427,899.4116407073427,43.75251137415075,-274.7014386521525,-78.34005690859058,-72.33650231191392,-0.0133863692668319,-0.015065606121606,84.04356482023657,0.7886984232581602,-22.63395875499152,2.240880519778195,-7.16454871293581,1.0391959147280538,0.0,0.0,0.0691719130354476,0.1067175011195544,0.237088986032751,-0.0829948145790823,0.0463521691476923,0.2630246699955505,0.0237885723545842,,-0.0908361069531677,-0.1480996143671871,-0.2339621064079748,703784000.0,-621575000.0,-1433177000.0,1685372000.0,0.0,359411500.0,196451500.0,0.0,37.96071311970082,25.56323397014157,0.0,2.3708722150768,3.520681307581114,-12.039856345395636,0.0038677286526852,2000-04-26,-0.01927,bmo,590285828.0,2025-04-25,2000-03-31,0.0378827192527245,3.4482539682539683,198809936.5079365
1999-12-31,AMZN,USD,1018724,2000-03-29,2000-03-29 00:00:00,1999,Q4,676042000.0,747918000.0,-71876000.0,-0.1063188382,57424000,39891000.0,179928000.0,219819000.0,-112211000.0,165032000.0,912950000.0,0.0,0.0,211995000.0,-153046000.0,-0.2263853429,-236908000.0,-0.3504338488,236908000.0,0.0,0.0,0.0,-323213000.0,-0.4780960355,0.0,0.0,6756400000,6756400000,https://www.sec.gov/Archives/edgar/data/1018724/000089102000000622/0000891020-00-000622-index.htm,https://www.sec.gov/Archives/edgar/data/1018724/000089102000000622/0000891020-00-000622.txt,0.1000594991415546,-0.047838049849032,0.0046631342134864,-0.0109066958735421,0.1045213427268959,0.0394112249126753,-0.0686557930258717,0.0394112249126753,0.219149251080457,25741884000.0,27089235000.0,-19.910928706456733,38.07734430701051,817.0470386593031,-349.32669290270053,96.67296584772306,96.67296584772306,40.070343262696696,-177.00060766044197,859.8119405827462,-367.610734156602,-0.0125559185955464,-0.0028626498355753,5.56057954468638,0.6004663706227061,-8.803568861649438,1.3726545686643008,0.0,-0.0974775148276833,0.0,0.0,0.0590066889335278,0.0849414681336366,0.2961023582131922,3.338919570875389,0.1556057168045772,0.4962192504540201,0.0,,,-0.186214139952273,-0.2047038363625599,273243000.0,-463866000.0,-1193095000.0,1321000000.0,0.0,349868500.0,169719500.0,0.0,55.71779259223605,26.551226203942143,0.0,1.615282943074471,3.3896739573796943,-1.213817889574054,0.0155698300870285,2000-02-02,-0.02646,bmo,602291963.0,2025-04-25,1999-12-31,0.1337868480725622,4.12265625,244330562.5
1999-09-30,AMZN,USD,1018724,1999-11-15,1999-11-15 00:00:00,1999,Q3,355777000.0,329751000.0,26026000.0,0.0731525647,44600000,30171000.0,86842000.0,117013000.0,31522000.0,193135000.0,522886000.0,12699000.0,21470000.0,83953000.0,-68298000.0,-0.1919685646,-167109000.0,-0.4697015265,-6612000.0,-173721000.0,-0.4882862017,0.0,-197080000.0,-0.5539424977,-0.0295,-0.0295,6649760000,6649760000,https://www.sec.gov/Archives/edgar/data/1018724/000089102099001938/0000891020-99-001938-index.htm,https://www.sec.gov/Archives/edgar/data/1018724/000089102099001938/0000891020-99-001938.txt,0.0535022316594884,-0.0296371598373475,-0.0113647710594066,-0.0220060573614686,0.1361981485046076,0.0631488955992396,-0.0430101236736363,0.0631488955992396,0.2250380464858882,26599040000.0,28030870000.0,-33.741424802110814,74.7632365217538,-351.9648551731438,-181.7681347592852,63.342358754539504,63.342358754539504,78.7877518782833,-410.4200708659112,-370.91117197941065,-191.55273857928725,-0.0074092899593368,-0.0055015143403671,3.512481990831696,0.6585318593320204,-20.964449910685524,3.0197248309200355,-7.783372147182115,0.383463568094175,0.0,0.0,0.0848031210561672,0.1253594245833766,0.3151764957480559,-0.9363396980403054,0.1988942511741905,0.842876371302991,0.0331359250316912,,-0.0881886364691826,-0.128485716167047,-0.1285448647770746,722397000.0,-286007000.0,-739806000.0,1649572000.0,0.0,201347000.0,89090000.0,0.0,64.60629383989738,32.42255520074238,0.0,1.393053132300569,2.775845378094669,-0.4693219027207239,0.010641286302062,1999-10-27,-0.02756,bmo,383144461.0,2025-04-25,1999-09-30,0.0754716981132074,2.9621875,365422812.5
1999-06-30,AMZN,USD,1018724,1999-08-16,1999-08-16 00:00:00,1999,Q2,314377000.0,280995000.0,33382000.0,0.1061846127,34300000,19138000.0,86165000.0,105303000.0,6659000.0,146262000.0,427257000.0,12860000.0,28320000.0,45252000.0,-54842000.0,-0.1744466039,-112880000.0,-0.3590593459,-15534000.0,-128414000.0,-0.4084713576,0.0,-138008000.0,-0.4389888573,-0.0215,-0.0215,6446800000,6446800000,https://www.sec.gov/Archives/edgar/data/1018724/000089102099001426/0000891020-99-001426-index.htm,https://www.sec.gov/Archives/edgar/data/1018724/000089102099001426/0000891020-99-001426.txt,0.0487648135509089,-0.0214072097784947,-0.0045935968232301,-0.0188696717751442,0.1774891418998573,0.0885782093441707,-0.0264967115468139,0.0885782093441707,0.2307217534280573,20178484000.0,21595042000.0,-36.55310561706568,64.18562426640625,-681.3832646721145,-165.87463933119056,35.33600445498261,35.33600445498261,68.69154550110218,-393.7683162539659,-729.2173296413858,-177.51927266150977,-0.0068393641464839,-0.006028649129439,2.5551304098093675,0.634883000451655,-25.829801976587287,4.522342630170106,-3.9858757062146895,0.2145817633760361,0.0,0.0,0.0608759546658947,0.1091046736879606,0.32280066173124,-3.107820625379888,0.292753604748439,7.207690500430731,0.0,,-0.0556019945393009,-0.0886741983963751,-0.085815831110008,979014000.0,-170819000.0,-470210000.0,1877212000.0,0.0,149500500.0,52311500.0,0.0,53.16276090321893,19.02108578444457,0.0,1.692914334600531,4.731591088958863,-0.2416758019494051,0.0142760749519141,1999-07-21,-0.02131,bmo,326952080.0,2025-04-25,1999-06-30,0.0046926325668699,3.551904761904762,327555746.03174603
1999-03-31,AMZN,USD,1018724,1999-05-17,1999-05-17 00:00:00,1999,Q1,293643000.0,252254000.0,41389000.0,0.1409500652,23500000,11354000.0,60717000.0,72071000.0,-2201000.0,93370000.0,345624000.0,10920000.0,16634000.0,26123000.0,-14987000.0,-0.0510381654,-51981000.0,-0.1770210766,-5763000.0,-57744000.0,-0.1966469488,0.0,-61667000.0,-0.2100067088,-0.01,-0.01,6275880000,6275880000,https://www.sec.gov/Archives/edgar/data/1018724/000089102099000894/0000891020-99-000894-index.htm,https://www.sec.gov/Archives/edgar/data/1018724/0000891020-99-000894.txt,0.0467891355475248,-0.0098260323651822,-0.0027396954690019,-0.0057770384392308,0.2299223375845299,0.0123547614039784,-0.0174727687591222,0.0123547614039784,0.2482013677763118,26986284000.0,28522084000.0,-109.40326268506657,91.90167652557696,-1569.5175061067814,-744.3260150044131,348.0439532094355,348.0439532094355,97.1318369584836,-1903.1216387535865,-1658.8393625683375,-786.6859002647838,-0.0022851238058563,-0.001343497311449,19.875001612133563,0.8500063982914355,-102.47547874824848,7.566426073368554,-3.124984970542263,0.2788201144858676,0.0,0.0,0.038665999189492,0.0800291510439547,0.1032518764644365,-1.1086425497266488,0.0649155607319091,3.571000374672162,0.0,,-0.0321150881788722,-0.0379304830267131,-0.0430001848346367,1323693000.0,-109657000.0,-210169000.0,1571487000.0,0.0,123145500.0,37368500.0,0.0,47.45859332260341,16.13944674811896,0.0,1.8963899622607467,5.576399327968875,-0.7953235229632305,0.0030373429702288,1999-04-28,-0.00819,bmo,373727454.0,2025-04-25,1999-03-31,0.2002442002442003,3.1644262295081966,424755672.1311476
1998-12-31,AMZN,USD,1018724,1999-03-05,1999-03-05 00:00:00,1998,Q4,252893000.0,199476000.0,53417000.0,0.2112237191,17281000,5457000.0,48501000.0,53958000.0,24247000.0,95486000.0,294962000.0,0.0,0.0,-21142000.0,-53941000.0,-0.2132957417,-42069000.0,-0.1663509864,42069000.0,0.0,0.0,0.0,-46427000.0,-0.1835835709,0.0,0.0,6351964444,6351964444,https://www.sec.gov/Archives/edgar/data/1018724/000089102099000375/0000891020-99-000375-index.htm,https://www.sec.gov/Archives/edgar/data/1018724/0000891020-99-000375.txt,0.0398133525824251,-0.0073090774372728,0.0060922885102975,0.0045881868919353,0.0587920482383607,0.0218428489679373,-0.0062804192863016,0.0218428489679373,0.0549453642376213,17023264709.92,17346714709.92,-91.66683562323648,67.31410007362798,439.9003749527107,584.1087259785891,122.69461753519046,122.69461753519046,68.59309949235447,-321.58682096957784,448.2586880438265,595.2070652594015,-0.0027272677004749,0.0017120100343042,2.515485242711449,0.5382151559078432,-5.996366400326282,2.625740368250039,0.0,-0.8335235961832554,0.0,0.0,0.0215782959591605,0.0683332476581004,0.2754803688739475,0.2468861439867693,0.0377788234549789,-0.4518966985148046,0.0,,,-0.0988182758576652,-0.0191310107402735,262679000.0,-39893000.0,-85461000.0,471108000.0,0.0,86659500.0,24636500.0,0.0,51.10674968417253,13.31032304638152,0.0,1.76101983703089,6.761669095962849,-0.3346210674258532,0.0015041016183622,1999-01-26,-0.00286,bmo,309091444.0,2025-04-25,1998-12-31,0.2237762237762237,1.46009828125,587641312.5
1998-09-30,AMZN,USD,1018724,1998-11-13,1998-11-13 00:00:00,1998,Q3,153600000.0,117800000.0,35800000.0,0.2330729167,13400000,4978000.0,37517000.0,42500000.0,21500000.0,77400000.0,195200000.0,0.0,0.0,21500000.0,-20100000.0,-0.130859375,-41600000.0,-0.2708333333,41600000.0,0.0,0.0,0.0,-45200000.0,-0.2942708333,-0.0075,-0.0075,6026666667,6026666667,https://www.sec.gov/Archives/edgar/data/1018724/000089102098001632/0000891020-98-001632-index.htm,https://www.sec.gov/Archives/edgar/data/1018724/0000891020-98-001632.txt,0.0254867256623071,-0.0074999999995851,-0.0005381084070498,-0.0023741150441164,0.0559612831827455,0.0298280973434829,-0.0055254424775704,0.0298280973434829,0.0566115597313821,5606065600.31007,5932388600.31007,-31.00700000171499,36.49782291868535,-1728.6665434196946,-391.81336317515166,31.185696804199228,31.185696804199228,38.622321616602015,-295.14371145821247,-1829.290348538412,-414.6203942067424,-0.0080626955199204,-0.0025522355641376,1.8979272824369728,0.5505426696831119,-16.23497512437811,3.7671006988085054,0.0,0.0680816223705756,0.0,0.0,0.0324088541666666,0.0872395833333333,0.343810209225546,-3.411964230650632,0.0720377604166666,0.516284061216872,0.0,,,-0.1111520963973933,-0.015398893804458,275202000.0,-33300000.0,-65293000.0,512087000.0,0.0,53801000.0,18403500.0,0.0,45.87555178268251,15.105942275042445,0.0,1.9618292642307564,5.95792029132106,-0.2514407779088137,0.0018360066370665,1998-10-28,-0.00649,bmo,192122500.0,2025-04-25,1998-09-30,0.1556240369799691,0.9137125,556996875.0
1998-06-30,AMZN,USD,1018724,1998-08-14,1998-08-14 00:00:00,1998,Q2,116000000.0,87800000.0,28200000.0,0.2431034483,8100000,3262000.0,26452000.0,29700000.0,7400000.0,45200000.0,133000000.0,0.0,0.0,7400000.0,-9600000.0,-0.0827586207,-17000000.0,-0.1465517241,17000000.0,0.0,0.0,0.0,-21200000.0,-0.1827586207,-0.004,-0.004,5300000000,5300000000,https://www.sec.gov/Archives/edgar/data/1018724/000089102098001313/0000891020-98-001313-index.htm,https://www.sec.gov/Archives/edgar/data/1018724/0000891020-98-001313.txt,0.0218867924528301,-0.004,0.0004028301886792,-0.0006618867924528,0.0641356603773584,0.0074394339622641,-0.0024469811320754,0.0074394339622641,0.0628471698113207,4405625000.0,4736192000.0,-51.953125,37.97952586206897,2063.5245901639346,-1255.879418472064,111.73565142407872,111.73565142407872,40.829241379310346,-493.35333333333335,2218.356908665105,-1350.1117445838083,-0.0048120300751879,-0.0007962547879131,8.447842958228716,0.7506101284706338,-34.4340625,5.136546910627885,0.0,-0.1005841892019221,0.0,0.0,0.0281206896551724,0.0698275862068965,0.118077605186599,2.643091334894613,0.0486465517241379,0.7597953413222027,0.0,,,-0.0541699351749407,-0.0105459433962264,297517000.0,-12969000.0,-34889000.0,363929000.0,0.0,40965000.0,14354500.0,0.0,48.74760820045558,17.461845102505695,0.0,1.846244427622172,5.154094511300264,-0.5376753151233863,0.001064716981132,1998-07-22,-0.00395,bmo,115977000.0,2025-04-25,1998-06-30,0.0126582278481011,0.4474644444444444,353529333.3333333
1998-03-31,AMZN,USD,1018724,1998-05-15,1998-05-15 00:00:00,1998,Q1,87400000.0,66000000.0,21400000.0,0.2448512586,7300000,1963000.0,19503000.0,22000000.0,2000000.0,31300000.0,97300000.0,0.0,0.0,2000000.0,-7900000.0,-0.090389016,-9900000.0,-0.1132723112,9900000.0,0.0,0.0,0.0,-10400000.0,-0.118993135,-0.002,-0.002,5200000000,5200000000,https://www.sec.gov/Archives/edgar/data/1018724/000089102098000846/0000891020-98-000846-index.htm,https://www.sec.gov/Archives/edgar/data/1018724/0000891020-98-000846.txt,0.0168076923076923,-0.002,-0.0012605769230769,-0.0016588461538461,0.0224653846153846,0.0038128846153846,0.0038128846153846,0.0038128846153846,0.014881923076923,1853176000.0,1831962000.0,-44.5475,21.203386727688784,-282.7118230358505,-214.8360769765824,93.46729207646138,93.46729207646138,20.96066361556064,-231.89392405063288,-279.4755148741418,-212.3767679109668,-0.0056119872046691,-0.0046547116949496,3.903061481817723,0.5336707883067714,2.6853164556962024,2.741305334378481,0.0,0.7079598228750406,0.0,0.0,0.0224599542334096,0.0835240274599542,0.0,-0.3159420289855073,0.023695652173913,1.0486075949367089,0.0,,,-0.0717206755535939,-0.0004851923076923,84415000.0,19827000.0,7713000.0,94188000.0,0.0,33700500.0,10322500.0,0.0,46.87363636363636,15.919090909090908,0.0,1.920055856170361,5.65358917252013,-0.5245372471881777,0.0003982692307692,1998-04-27,-0.00176,bmo,116500000.0,2025-04-25,1998-03-31,0.1363636363636363,0.2826816393442623,147383606.55737704
1997-12-31,AMZN,USD,1018724,1998-03-30,1998-03-30 00:00:00,1997,Q4,66100000.0,51400000.0,14700000.0,0.2223903177,4500000,0.0,0.0,18200000.0,1700000.0,24400000.0,75800000.0,0.0,0.0,1700000.0,-8000000.0,-0.1210287443,-9700000.0,-0.1467473525,9700000.0,0.0,0.0,0.0,-9300000.0,-0.1406959153,0.0,0.0,3540274286,3540274286,https://www.sec.gov/Archives/edgar/data/1018724/000089102098000448/0000891020-98-000448-index.htm,https://www.sec.gov/Archives/edgar/data/1018724/000089102098000448/,0.0186708697293292,-0.0026269151056393,0.0020619871259319,0.0011863487573855,0.0354139227279069,0.0080759279339069,0.0080759279339069,0.0080759279339069,0.0220892489345386,888750456.75744,965076456.75744,-23.891141310683867,13.445543975150375,121.74663791197808,211.60725160891428,31.08497278015599,31.08497278015599,14.60024896758608,-120.63455709468,132.20225435033424,229.78010875177145,-0.0104641296432415,0.0047257359679155,2.7351963904725265,0.5218894316756093,-9.54075,3.0910417274584185,0.0,-0.7849462365591398,0.0,0.0,0.0,0.0680786686838124,0.0,0.4246575342465753,0.0468986384266263,1.8235294117647056,0.0,,,-0.0620645471290141,0.0024313087926656,93158000.0,28591000.0,16456000.0,102884000.0,0.0,24213500.0,5835500.0,0.0,57.829377431906615,15.707976653696498,0.0,1.556302419232749,5.729573068777171,-0.3252771851281872,0.0008756383685464,1998-01-22,-0.00135,bmo,82625000.0,2025-04-25,1997-12-31,0.111111111111111,0.22010546875,74364750.0
1997-09-30,AMZN,USD,1018724,1997-11-14,1997-11-14 00:00:00,1997,Q3,37900000.0,29300000.0,8600000.0,0.2269129288,3600000,0.0,0.0,12800000.0,1400000.0,17800000.0,47100000.0,0.0,0.0,1500000.0,-7700000.0,-0.2031662269,-9200000.0,-0.2427440633,9200000.0,0.0,0.0,0.0,-8500000.0,-0.2242744063,-0.0015,-0.0015,5666666667,5666666667,https://www.sec.gov/Archives/edgar/data/1018724/000089102097001466/0000891020-97-001466-index.htm,https://www.sec.gov/Archives/edgar/data/1018724/0000891020-97-001466.txt,0.0066882352937242,-0.0014999999999117,-0.0011294117646394,-0.0014647058822667,0.0078882352936536,0.0065999999996117,0.0065999999996117,0.0065999999996117,3.52941176449827e-05,1229270000.07231,1184770000.07231,-36.15500000212677,32.43456464570739,-192.07343751129844,-148.10481928582047,32.86818182011525,32.86818182011525,31.260422165496305,-153.86623377562466,-185.12031251129844,-142.74337350268794,-0.0069146729355633,-0.0067519747488442,0.0053475935828877,0.0034843205574912,5.779220779220779,2.6616161616161618,0.0,0.7441860465116279,0.0,0.0,0.0,0.0949868073878627,0.0,-0.296875,0.050131926121372,1.3571428571428572,0.0,,,-0.1480836236933798,0.0045970588232589,32900000.0,37400000.0,32700000.0,37300000.0,0.0,12850000.0,2200000.0,0.0,47.303754266211605,8.293515358361775,0.0,1.9025974025974024,10.851851851851851,-0.2272727272727272,0.0003352941176273,1997-10-27,-0.00132,bmo,37900000.0,2025-04-25,1997-09-30,0.1363636363636363,0.131815953125,77619750.0
1997-06-30,AMZN,USD,1018724,1997-08-14,1997-08-14 00:00:00,1997,Q2,27900000.0,21700000.0,6200000.0,0.2222222222,2800000,0.0,0.0,9500000.0,900000.0,13200000.0,34900000.0,0.0,0.0,900000.0,-6100000.0,-0.2186379928,-7000000.0,-0.2508960573,7000000.0,0.0,0.0,0.0,-6700000.0,-0.2401433692,-0.0015,-0.0015,4466666667,4466666667,https://www.sec.gov/Archives/edgar/data/1018724/000089102097001148/0000891020-97-001148-index.htm,https://www.sec.gov/Archives/edgar/data/1018724/0000891020-97-001148.txt,0.0062462686562502,-0.001499999999888,0.0003134328357975,2.2388059699821787e-05,0.0106791044768149,0.0102089552231187,0.0102089552231187,0.0102089552231187,4.477611939964357e-05,344304066.692361,296804066.692361,-12.84716666762541,12.340647551697527,245.93147620882925,3443.04066692361,7.550527778341251,7.550527778341251,10.63813859112405,-48.65640437579688,212.00290478025784,2968.04066692361,-0.019459543607385,0.0002904409493639,0.0043859649122807,0.0031695721077654,7.786885245901639,3.4022988505747125,0.0,-0.208955223880597,0.0,0.0,0.0,0.1003584229390681,0.0,0.9285714285714286,0.046594982078853,1.4444444444444444,0.0,,,-0.1061806656101426,0.0069514925367946,41800000.0,45600000.0,41700000.0,45400000.0,0.0,8000000.0,1300000.0,0.0,42.71889400921659,7.050691244239631,0.0,2.1067961165048543,12.764705882352942,-0.1469298245614035,0.0002910447760976,1997-08-14,,amc,,2025-04-25,1997-06-30,,0.0777588125,135937500.0
1997-03-31,AMZN,USD,1018724,1997-03-31,1997-03-30 19:00:00,1997,Q1,16000000.0,11800000.0,4200000.0,0.2625,1600000,0.0,0.0,5100000.0,700000.0,7400000.0,19200000.0,0.0,0.0,700000.0,-2500000.0,-0.15625,-3200000.0,-0.2,3200000.0,0.0,0.0,0.0,-3000000.0,-0.1875,-0.001,-0.001,5731880000,5731880000,,,0.0027914052631946,-0.0005233884868489,0.0002093553947395,5.23388486848992e-05,0.0012561323684375,0.000488495921059,0.000488495921059,0.000488495921059,0.0,561248493.96,554048493.96,-46.77070783,35.0780308725,467.7070783,1870.8283132,200.4458907,200.4458907,34.628030872500005,-221.619397584,461.7070783,1846.8283132,-0.0053452259244971,0.0005345225924497,0.0,0.0,2.88,1.0,0.0,-0.4,0.0,0.0,0.0,0.1,0.0,0.75,0.05625,1.2857142857142858,0.0,,,-0.2564102564102564,-0.000218078536187,0.0,2800000.0,100000.0,2500000.0,0.0,4300000.0,750000.0,0.0,43.47457627118643,6.864406779661016,0.0,2.070175438596491,13.11111111111111,-1.0714285714285714,0.0001570165460546,1997-07-10,-0.00046,bmo,37200000.0,2025-04-25,1997-03-31,0.1304347826086955,,
1996-12-31,AMZN,USD,1018724,1996-12-31,1996-12-30 19:00:00,1996,Q4,8400000.0,0.0,0.0,0.0,0,0.0,0.0,0.0,8400000.0,8400000.0,8400000.0,0.0,0.0,0.0,-13300000.0,-1.5833333333,0.0,0.0,0.0,0.0,0.0,0.0,-2300000.0,-0.2738095238,0.0,0.0,3500000000,3500000000,,,0.0024,-0.0006571428571428,,,0.0017714285714285,0.0009714285714285,0.0009714285714285,0.0009714285714285,0.0,342709500.0,336509500.0,-37.25103260869565,40.79875,0.0,0.0,100.79691176470588,100.79691176470588,40.060654761904765,-25.301466165413533,0.0,0.0,-0.0067112233538901,,0.0,0.0,0.4661654135338345,1.4489795918367347,0.0,0.0,,,0.0,0.0,0.0,0.0,,0.0,,,,-0.2771084337349397,0.0004571428571428,2200000.0,3400000.0,2200000.0,3200000.0,,,,0.0,0.0,0.0,0.0,0.0,0.0,-0.6764705882352942,,1996-12-30,,amc,,2025-04-25,1996-12-31,,,
1996-09-30,AMZN,USD,1018724,1996-09-30,1996-09-29 20:00:00,1996,Q3,4200000.0,0.0,0.0,0.0,0,0.0,0.0,0.0,4200000.0,4200000.0,4200000.0,0.0,0.0,0.0,4200000.0,1.0,0.0,0.0,0.0,0.0,0.0,0.0,-2400000.0,-0.5714285714,-0.0005,-0.0005,4800000000,4800000000,,,0.000875,-0.0005,,,,,,,,470001600.0,,-48.9585,111.90514285714286,0.0,0.0,0.0,0.0,,,0.0,0.0,-0.0051063655953511,,0.0,0.0,,0.0,0.0,0.0,,,0.0,0.0,0.0,0.0,,0.0,,,0.0,0.0,,,,,,,,,,0.0,0.0,0.0,0.0,0.0,0.0,,1996-09-29,,amc,,2025-04-25,1996-09-30,,,
1996-06-30,AMZN,USD,1018724,1996-06-30,1996-06-29 20:00:00,1996,Q2,2200000.0,0.0,0.0,0.0,0,0.0,0.0,0.0,2200000.0,2200000.0,2200000.0,0.0,0.0,0.0,2200000.0,1.0,0.0,0.0,0.0,0.0,0.0,0.0,-800000.0,-0.3636363636,-0.0005,-0.0005,1600000000,1600000000,,,0.001375,-0.0005,,,,,,,,156667200.0,,-48.9585,71.21236363636363,0.0,0.0,0.0,0.0,,,0.0,0.0,-0.0051063655953511,,0.0,0.0,,0.0,0.0,0.0,,,0.0,0.0,0.0,0.0,,0.0,,,0.0,0.0,,,,,,,,,,0.0,0.0,0.0,0.0,0.0,0.0,,1996-06-29,,amc,,2025-04-25,1996-06-30,,,
1996-03-31,AMZN,USD,1018724,1996-03-31,1996-03-30 19:00:00,1996,Q1,900000.0,0.0,0.0,0.0,0,0.0,0.0,0.0,900000.0,900000.0,900000.0,0.0,0.0,0.0,900000.0,1.0,0.0,0.0,0.0,0.0,0.0,0.0,-300000.0,-0.3333333333,-0.0001,-0.0001,3500000000,3500000000,,,0.0002571428571428,-8.571428571428571e-05,,,,,,,,342709500.0,,-285.59125,380.78833333333336,0.0,0.0,0.0,0.0,,,0.0,0.0,-0.000875376959203,,0.0,0.0,,0.0,0.0,0.0,,,0.0,0.0,0.0,0.0,,0.0,,,0.0,0.0,,,,,,,,,,0.0,0.0,0.0,0.0,0.0,0.0,,1996-03-30,,amc,,2025-04-25,1996-03-31,,,
