date,symbol,reportedCurrency,cik,fillingDate,acceptedDate,calendarYear,period,revenue,costOfRevenue,grossProfit,grossProfitRatio,researchAndDevelopmentExpenses,generalAndAdministrativeExpenses,sellingAndMarketingExpenses,sellingGeneralAndAdministrativeExpenses,otherExpenses,operatingExpenses,costAndExpenses,interestIncome,interestExpense,depreciationAndAmortization,ebitda,ebitdaratio,operatingIncome,operatingIncomeRatio,totalOtherIncomeExpensesNet,incomeBeforeTax,incomeBeforeTaxRatio,incomeTaxExpense,netIncome,netIncomeRatio,eps,epsdiluted,weightedAverageShsOut,weightedAverageShsOutDil,link,finalLink,revenuePerShare,netIncomePerShare,operatingCashFlowPerShare,freeCashFlowPerShare,cashPerShare,bookValuePerShare,tangibleBookValuePerShare,shareholdersEquityPerShare,interestDebtPerShare,marketCap,enterpriseValue,peRatio,priceToSalesRatio,pocfratio,pfcfRatio,pbRatio,ptbRatio,evToSales,enterpriseValueOverEBITDA,evToOperatingCashFlow,evToFreeCashFlow,earningsYield,freeCashFlowYield,debtToEquity,debtToAssets,netDebtToEBITDA,currentRatio,interestCoverage,incomeQuality,dividendYield,payoutRatio,salesGeneralAndAdministrativeToRevenue,researchAndDdevelopementToRevenue,intangiblesToTotalAssets,capexToOperatingCashFlow,capexToRevenue,capexToDepreciation,stockBasedCompensationToRevenue,grahamNumber,roic,returnOnTangibleAssets,grahamNetNet,workingCapital,tangibleAssetValue,netCurrentAssetValue,investedCapital,averageReceivables,averagePayables,averageInventory,daysSalesOutstanding,daysPayablesOutstanding,daysOfInventoryOnHand,receivablesTurnover,payablesTurnover,inventoryTurnover,roe,capexPerShare,report_date,epsEstimated,time,revenueEstimated,updatedFromDate,fiscalDateEnding,surprise(%),QuarterAvgPrice,QuarterAvgVolume
2024-12-31,ANET,USD,1596532,2025-02-19,2025-02-18 19:50:17,2024,Q4,1930436000.0,699442000.0,1230994000.0,0.6376766699,285016000,35377000.0,110949000.0,146326000.0,0.0,431342000.0,1130784000.0,90353000.0,0.0,15388000.0,815040000.0,0.4222051391,799652000.0,0.4142338829,89275000.0,888927000.0,0.4604799123,87931000.0,800996000.0,0.4149300987,0.64,0.62,1260309000,1283370000,https://www.sec.gov/Archives/edgar/data/1596532/000159653225000028/0001596532-25-000028-index.htm,https://www.sec.gov/Archives/edgar/data/1596532/000159653225000028/anet-20241231.htm,1.531716428272749,0.6355552487524885,0.8180239925288163,0.8081438758272773,6.588442199492347,7.930441661529038,7.668172646549378,7.930441661529038,0.0,139301953770.0,136539596770.0,43.47773077830601,72.16087649111392,135.11828627215527,136.77020058693523,13.93743308600156,13.93743308600156,70.7299266953165,167.52502548341187,132.43889137631515,134.058048239047,0.0057500701054237,0.0073115342063446,0.0,0.0,-3.3892287495092264,4.359387707148247,0.0,1.2871013088704564,0.0,0.0,0.018325911866542,0.1476433303150169,0.0235361620162916,0.0120780280184642,0.0064503562925681,0.8113109199895752,0.0521819941194631,10.649190627248588,0.0636997073916645,0.0584098115555893,4.782163342481884,9178593000.0,9664267000.0,7861701000.0,9607978000.0,1135687500.0,335122000.0,1802267000.0,53.17090025258543,49.03547399212515,236.0617177693075,1.6926551849312306,1.835405935189972,0.3812562276105816,0.0801412173341616,0.009880116701539,2025-02-18,0.567,amc,1902837217.0,2025-05-11,2024-12-31,0.1463844797178131,102.836875,7317134.90625
2024-09-30,ANET,USD,1596532,2024-11-08,2024-11-07 17:52:31,2024,Q3,1810936000.0,649219000.0,1161717000.0,0.6415008592,235824000,33811000.0,106832000.0,140643000.0,0.0,376467000.0,1025686000.0,85374000.0,0.0,15538000.0,800788000.0,0.4421956381,785250000.0,0.4336155447,97660000.0,882910000.0,0.4875434582,134972000.0,747938000.0,0.4130118348,0.6,0.58,1257928000,1281792000,https://www.sec.gov/Archives/edgar/data/1596532/000159653224000368/0001596532-24-000368-index.htm,https://www.sec.gov/Archives/edgar/data/1596532/000159653224000368/anet-20240930.htm,1.439618165745575,0.5945793399940219,0.9336432609815506,0.9280586806240104,5.905256898646027,7.350093964042457,7.082010258138781,7.350093964042457,0.0,120710770879.99998,117535631879.99998,40.34785332474082,66.65656372174388,102.78015598711232,103.39863416338952,13.055615407020351,13.055615407020351,64.90324996576355,146.7749665079896,100.076658367789,100.6788682842926,0.0061961165068155,0.0096713076346812,0.0,0.0,-3.96501820706604,4.468475263045037,0.0,1.5702584973620808,0.0,0.0,0.0186704554992556,0.1302221613574417,0.0262502740971374,0.0,0.0,0.0,0.0541835824126308,9.916139138080617,0.0638863963798933,0.0597896333608404,4.420529434117056,8443566000.0,8908659000.0,7277106000.0,8873830000.0,1178846000.0,293496500.0,1811869000.0,56.203383222819575,40.0858416035267,245.3664787999119,1.6013270881433057,2.245181749959366,0.3667982702453499,0.0808941141300744,0.0,2024-11-07,2.08,bmo,1811980000.0,2025-04-25,2024-09-30,0.1538461538461537,87.1128125,7331318.5625
2024-06-30,ANET,USD,1596532,2024-07-31,2024-07-30 18:00:23,2024,Q2,1690400000.0,593187000.0,1097213000.0,0.649084832,267482000,25755000.0,104403000.0,130158000.0,0.0,397640000.0,990827000.0,71448000.0,0.0,15498000.0,715071000.0,0.4230188121,699573000.0,0.4138505679,70863000.0,770436000.0,0.455771415,105008000.0,665428000.0,0.3936512068,0.53,0.52,1254844000,1279684000,https://www.sec.gov/Archives/edgar/data/1596532/000159653224000279/0001596532-24-000279-index.htm,https://www.sec.gov/Archives/edgar/data/1596532/000159653224000279/anet-20240630.htm,1.347099719168279,0.5302874301506801,0.7881545435129785,0.785636302201708,4.999788021459241,6.718610440819735,6.44453732894288,6.718610440819735,0.0,111906987920.00002,109477956920.00002,42.0432368039818,66.20148362517749,113.15039763966226,113.5130845533453,13.273578039020698,13.273578039020698,64.7645272834832,153.10082064578205,110.69437743361804,111.04919193671256,0.005946259589041,0.0088095571002658,0.0,0.0,-3.396908838423038,4.552668303822739,0.0,1.486278004532421,0.0,0.0,0.0152360388073828,0.1582359204921912,0.0295889225331846,0.0031951110756098,0.0018693800283956,0.2038972770680087,0.0469072408897302,8.953372546645822,0.0638622417006929,0.0589954213535643,3.9275888078518126,7680439000.0,8086889000.0,6649891000.0,8120640000.0,1158418000.0,260568500.0,1939490000.0,65.31681850449597,45.187908703326265,281.26010853238523,1.3778993230327805,1.991683230814688,0.3199884991498433,0.0789281406954114,0.0025182413112705,2024-07-29,1.95,amc,1655518256.0,2025-04-25,2024-06-30,0.076923076923077,74.35174603174603,10201686.603174604
2024-03-31,ANET,USD,1596532,2024-05-08,2024-05-07 18:11:10,2024,Q1,1571374000.0,569995000.0,1001379000.0,0.6372633122,208395000,27763000.0,105080000.0,132843000.0,0.0,341238000.0,911233000.0,63823000.0,0.0,15614000.0,675755000.0,0.4300408432,660141000.0,0.4201043163,62620000.0,722761000.0,0.4599547912,85069000.0,637692000.0,0.405818093,0.51,0.5,1252128000,1279460000,https://www.sec.gov/Archives/edgar/data/1596532/000159653224000173/0001596532-24-000173-index.htm,https://www.sec.gov/Archives/edgar/data/1596532/000159653224000173/anet-20240331.htm,1.2549627514119963,0.5092865905083186,0.4103454271448286,0.4028422006376345,4.352348961128575,6.279162354008536,5.999151843900943,6.279162354008536,0.0337026246517927,93834472320.0,91784571320.0,36.78675297792665,59.71491975812251,182.6266239188537,186.0281764953672,11.93471290834824,11.93471290834824,58.41039200088585,135.82521967281042,178.63697608749814,181.96421859591248,0.0067959246131347,0.0053755297656476,0.0053673758937412,0.0039999321338528,-3.033497347411414,5.006148405217087,0.0,0.8057259601814042,0.0,0.0,0.0176679771970262,0.1326196055172097,0.0332325167184367,0.0182851471244638,0.0059788439925822,0.6017035993339311,0.0491385246287643,8.4824876478971,0.0664348963855488,0.0625214592379874,3.667330137174474,7143219000.0,7511706000.0,6238419000.0,7591777000.0,1057305000.0,329182000.0,1985192000.0,62.43178899485418,35.25899349994298,319.77185764787407,1.4415732986190428,2.552540247643358,0.2814506587978297,0.0811074092045409,0.0075032265071941,2024-05-06,1.74,amc,1551259273.0,2025-04-25,2024-03-31,0.1436781609195402,67.45098360655739,9985188.459016394
2023-12-31,ANET,USD,1596532,2024-02-13,2024-02-12 18:01:35,2023,Q4,1540437000.0,541211000.0,999226000.0,0.648663983,211481000,42293000.0,105538000.0,147831000.0,0.0,359312000.0,900523000.0,54030000.0,0.0,14397000.0,654311000.0,0.4247567411,639914000.0,0.4154106919,54477000.0,694391000.0,0.4507753319,80755000.0,613636000.0,0.3983518962,0.49,0.48,1246448000,1275380000,https://www.sec.gov/Archives/edgar/data/1596532/000159653224000043/0001596532-24-000043-index.htm,https://www.sec.gov/Archives/edgar/data/1596532/000159653224000043/anet-20231231.htm,1.2358614238219323,0.4923077416787543,0.422371410600362,0.4175497092538156,4.017791355916974,5.791704908668472,5.50505115335738,5.791704908668472,0.0525645674749367,73390858240.0,71517771240.0,29.899997001479704,47.64288201335076,139.40337466569414,141.0131505185857,10.166263808066953,10.166263808066953,46.42693679780478,109.30241313381558,135.84551126002918,137.41420229261377,0.008361204851881,0.0070915371816205,0.0090758366152707,0.0065869385609812,-2.8626860926990374,4.393699538019884,0.0,0.8579418417433137,0.0,0.0,0.0274551961553766,0.1372863674398888,0.0359209780506425,0.0114157853148553,0.0039014902913913,0.4174480794609988,0.0528148830494203,8.009636458121395,0.0703596358647059,0.0639903594626918,3.226157649577038,6480629000.0,6861760000.0,5662488000.0,6939508000.0,928971500.0,352015500.0,1919359000.0,59.86042272420099,72.34758717025338,323.4712524320459,1.5034975682457696,1.24399449270099,0.2782318345860023,0.0850022142775118,0.0048217013465463,2024-02-12,1.7,amc,1533998530.0,2025-04-25,2023-12-31,0.2235294117647059,52.52444444444444,8211780.0
2023-09-30,ANET,USD,1596532,2023-10-31,2023-10-30 18:05:46,2023,Q3,1509456000.0,567037000.0,942419000.0,0.6243434721,212353000,25338000.0,102033000.0,127371000.0,0.0,339724000.0,906761000.0,43676000.0,0.0,17006000.0,619701000.0,0.4105459185,602695000.0,0.399279608,41815000.0,644510000.0,0.4269816411,99183000.0,545327000.0,0.3612738629,0.44,0.43,1240740000,1270524000,https://www.sec.gov/Archives/edgar/data/1596532/000159653223000274/0001596532-23-000274-index.htm,https://www.sec.gov/Archives/edgar/data/1596532/000159653223000274/anet-20230930.htm,1.2165772039266889,0.4395175459806245,0.5633549333462289,0.5543183906378452,3.591085158856812,5.243286264648516,4.949921820848848,5.243286264648516,0.0387220529683898,57049225199.99999,55348451199.99999,26.153677151507257,37.79455989442554,81.61817227176287,82.94871823951495,8.769309490120367,8.769309490120367,36.66781356992187,89.31476825114046,79.18493913247502,80.47581833911292,0.0095588852975342,0.0120556413796834,0.0073850732181958,0.005297586788451,-2.744507431809857,4.145174836534947,0.0,1.281757550974003,0.0,0.0,0.0167861799217731,0.1406818085455952,0.0401353617005557,0.0160405850264028,0.0074278415535133,0.6592967188051276,0.0565700490772834,7.200806692171732,0.0706071698078005,0.0626449303082373,2.791819801086449,5808273000.0,6141566000.0,5091518000.0,6333742000.0,806550000.0,310446000.0,1878936000.0,49.6891992876904,42.69118240961348,300.54197521502124,1.811258810570044,2.1081636750293717,0.2994590021430782,0.083824823554639,0.0090365427083837,2023-10-30,1.58,bmo,1479610000.0,2025-04-25,2023-09-30,0.1582278481012658,44.54857142857143,9880966.285714284
2023-06-30,ANET,USD,1596532,2023-08-01,2023-07-31 17:47:39,2023,Q2,1458924000.0,574795000.0,884129000.0,0.6060144326,229676000,26420000.0,97971000.0,124391000.0,0.0,354067000.0,928862000.0,32206000.0,0.0,18322000.0,548384000.0,0.3758824997,530062000.0,0.3633239291,56339000.0,586401000.0,0.4019407454,94516000.0,491885000.0,0.3371560136,0.4,0.39,1234544000,1265940000,https://www.sec.gov/Archives/edgar/data/1596532/000159653223000197/0001596532-23-000197-index.htm,https://www.sec.gov/Archives/edgar/data/1596532/000159653223000197/anet-20230630.htm,1.1817513187055302,0.3984345636931531,0.3516197073575344,0.3422389157454088,3.0303707279772936,4.744733278036263,4.443321582705841,4.744733278036263,0.04187943078578,50023722880.00001,48813588880.00001,25.42450109273509,34.2880937458017,115.2381369762031,118.3968220321934,8.539995322301934,8.539995322301934,33.45862353350826,89.01351768104104,112.45038789191184,115.53266055871,0.009833034641983,0.0084461726491956,0.0088265089588161,0.0063158735706307,-2.206727402695921,4.137933387768512,0.0,0.8825030240808319,0.0,0.0,0.0181092366703131,0.1574283513054826,0.0454561612872449,0.0266787993273284,0.0079380420090422,0.632081650474839,0.0460113069632139,6.521922952870738,0.0680872519786198,0.0629497173959087,2.3730450271517256,5195765000.0,5485476000.0,4523098000.0,5730909000.0,821300500.0,341045500.0,1773518500.0,48.100750964409386,55.10277577223184,291.91287328525823,1.8710726588570856,1.633311548079109,0.3083111717106484,0.083974069846568,0.0093807916121256,2023-07-31,1.44,bmo,1378080000.0,2025-04-25,2023-06-30,0.0972222222222223,38.660806451612906,13472738.0
2023-03-31,ANET,USD,1596532,2023-05-02,2023-05-01 18:24:42,2023,Q1,1351351000.0,546844000.0,804507000.0,0.5953353348,201408000,25029000.0,93492000.0,118521000.0,0.0,319929000.0,866773000.0,22509000.0,0.0,20905000.0,505483000.0,0.3740575173,484578000.0,0.3585878132,12146000.0,496724000.0,0.3675758556,60251000.0,436473000.0,0.322990104,0.36,0.35,1227940000,1262312000,https://www.sec.gov/Archives/edgar/data/1596532/000159653223000104/0001596532-23-000104-index.htm,https://www.sec.gov/Archives/edgar/data/1596532/000159653223000104/anet-20230331.htm,1.1005024675472743,0.3554514064205091,0.3049684838021401,0.3003827548577292,2.712779126015929,4.339930289753571,4.031434760656058,4.339930289753571,0.0450274443376712,51536641800.0,50635591800.0,29.51880288127788,38.13712484765246,137.62077797924073,139.7217360892716,9.67066224521849,9.67066224521849,37.4703476742904,100.1726898827458,135.21466074561462,137.27888638261416,0.008469178137253,0.0071570825555808,0.0103751538230877,0.0073300432476661,-1.782552528967344,3.9563993894917626,0.0,0.8579751783042708,0.0,0.0,0.0185214648155808,0.1490419587509092,0.0502201624644408,0.015036730639308,0.0041669410834046,0.2693613967950251,0.0465319520983075,5.891457571632608,0.07146509737123,0.0609237363509826,2.122046476212193,4685624000.0,4950360000.0,4056641000.0,5225598000.0,892985500.0,281371500.0,1486204500.0,57.467489941547385,54.33979343286202,276.94053514347786,1.5661028538316677,1.6562447943641323,0.3249795121301858,0.0819025612599626,0.0045857289444109,2023-05-01,1.34,bmo,1305950000.0,2025-04-25,2023-03-31,0.0671641791044775,34.376612903225805,10420156.516129032
2022-12-31,ANET,USD,1596532,2023-02-14,2023-02-13 18:10:10,2022,Q4,1275552000.0,506946000.0,768606000.0,0.6025673591,190423000,23821000.0,85443000.0,109264000.0,0.0,299687000.0,806633000.0,13773000.0,0.0,17531000.0,486450000.0,0.3813643035,468919000.0,0.3676204498,16926000.0,485845000.0,0.380889999,58756000.0,427089000.0,0.3348268044,0.35,0.34,1224648000,1260804000,https://www.sec.gov/Archives/edgar/data/1596532/000159653223000016/0001596532-23-000016-index.htm,https://www.sec.gov/Archives/edgar/data/1596532/000159653223000016/anet-20221231.htm,1.04156622964313,0.3487442922374429,0.0330486801105297,0.0245074503040873,2.469059680822571,3.989570880775537,3.672639811603008,3.989570880775537,0.0358992951444006,37155820320.0,36528077320.0,21.74945990180033,29.129208624971778,918.039688681343,1237.9908812847766,7.604827914249808,7.604827914249808,28.637074239231328,75.09112410319663,902.5295214093346,1217.0751780894946,0.0114945383071009,0.0008077603923562,0.0089982848324334,0.0064887586138698,-1.2904573954157672,4.29115962431515,0.0,0.0947647914134992,0.0,0.0,0.0186750520558942,0.149286740172098,0.0572849465936378,0.2584439008721864,0.0082003712902335,0.5966573498374308,0.0509222665951682,5.59510068236591,0.0751950120530219,0.0668655410651261,2.017979043774211,4257217000.0,4497691000.0,3661158000.0,4740355000.0,787304000.0,255520500.0,1195128000.0,65.13151953036802,41.28936809837735,228.9662804322354,1.3818194423981904,2.1797378876218976,0.3930709789672995,0.087413985779255,0.0085412298064423,2023-02-13,1.21,bmo,1200860000.0,2025-04-25,2022-12-31,0.165289256198347,30.77873015873016,8999142.73015873
2022-09-30,ANET,USD,1596532,2022-11-01,2022-10-31 18:20:47,2022,Q3,1176801000.0,466821000.0,709980000.0,0.6033135594,187807000,23425000.0,81401000.0,104826000.0,0.0,292633000.0,759454000.0,6929000.0,0.0,17157000.0,434504000.0,0.3692247032,417347000.0,0.3546453479,6817000.0,424164000.0,0.3604381709,70165000.0,353999000.0,0.3008146662,0.29,0.28,1219724000,1257604000,https://www.sec.gov/Archives/edgar/data/1596532/000159653222000294/0001596532-22-000294-index.htm,https://www.sec.gov/Archives/edgar/data/1596532/000159653222000294/anet-20220930.htm,0.9648092519291248,0.2902287730666937,0.109947004404275,0.1013876909858295,2.443233879139871,3.5952543362268843,3.265230494767669,3.5952543362268843,0.038588237994825,34420611280.0,33751425280.0,24.308409967259795,29.24930492071302,256.6691121136423,278.3375351150285,7.849236065344983,7.849236065344983,28.680656525614783,77.67805424115774,251.67909682711309,272.9262546395504,0.0102845064871259,0.0035927601341541,0.0107331038046455,0.0076382544007555,-1.5401147055032864,4.0095863295593634,0.0,0.3788287537535417,0.0,0.0,0.0199056594955306,0.1595911288314676,0.0653257622107072,0.0778494463293687,0.0088715084368555,0.6084979891589438,0.0556398235555544,4.845362807311892,0.0709807843216013,0.06146379390333,1.83827488841738,3776766000.0,3982680000.0,3254886000.0,4333958000.0,618649000.0,276781000.0,976680000.0,49.82667417855696,53.68698066282365,212.1787580250246,1.806261434939034,1.6763840858407937,0.4241706419517514,0.0807255192330233,0.0085593134184454,2022-10-31,1.04,amc,1060792408.0,2025-04-25,2022-09-30,0.2019230769230768,28.8396875,7656734.4375
2022-06-30,ANET,USD,1596532,2022-08-02,2022-08-01 18:31:00,2022,Q2,1051891000.0,408626000.0,643265000.0,0.6115319933,178158000,22882000.0,79372000.0,102254000.0,0.0,280412000.0,689038000.0,4427000.0,0.0,14921000.0,377774000.0,0.3591379715,362853000.0,0.3449530417,-533000.0,362320000.0,0.3444463352,63221000.0,299099000.0,0.2843441003,0.25,0.24,1227016000,1266324000,https://www.sec.gov/Archives/edgar/data/1596532/000159653222000220/0001596532-22-000220-index.htm,https://www.sec.gov/Archives/edgar/data/1596532/000159653222000220/anet-20220630.htm,0.8572756997463766,0.2437612875463726,0.0823925686380617,0.0751652790183665,2.3650074652653266,3.2646615855049976,2.9269887271233626,3.2646615855049976,0.0422105335219752,28761255040.0,28319802040.0,24.03991240358544,27.342429053960917,284.4916767065294,311.84611174359475,7.179917239836716,7.179917239836716,26.922753441183545,74.96493151990343,280.1250486166751,307.05962376259095,0.0103993723355961,0.0032067098557323,0.0129295280433931,0.0088921967295299,-1.168563744460974,3.700390289399434,0.0,0.3380051421101374,0.0,0.0,0.0217532044670027,0.1693692597426919,0.0711351702150125,0.0877177364313481,0.0084305313002963,0.5943301387306481,0.0477463919740733,4.231484078716629,0.0658831508564968,0.0552841245680624,1.588319549215332,3451169000.0,3591462000.0,2910442000.0,4019191000.0,617196000.0,239884000.0,773513500.0,50.11996490130631,60.58931639200638,187.83166024677823,1.7956916006869403,1.4854103884868026,0.4791524489628405,0.0746666327158274,0.0072272896196952,2022-08-01,0.91,amc,978754912.0,2025-04-25,2022-06-30,0.1868131868131868,27.43016129032258,7791897.935483871
2022-03-31,ANET,USD,1596532,2022-05-03,2022-05-02 18:57:58,2022,Q1,877066000.0,323221000.0,553845000.0,0.6314747123,172006000,23113000.0,80739000.0,103852000.0,0.0,275858000.0,599079000.0,2428000.0,0.0,13091000.0,291078000.0,0.3318769625,277987000.0,0.3169510618,31480000.0,309467000.0,0.3528434576,37208000.0,272259000.0,0.3104201964,0.22,0.21,1232180000,1278608000,https://www.sec.gov/Archives/edgar/data/1596532/000159653222000112/0001596532-22-000112-index.htm,https://www.sec.gov/Archives/edgar/data/1596532/000159653222000112/anet-20220331.htm,0.7118002239932477,0.2209571653492184,0.1762226298105796,0.1641497183853008,2.7787449885568667,3.3705927705367724,3.1091382752519925,3.3705927705367724,0.0466441591325942,42805933200.0,42228382200.0,39.30626095005124,48.80582897980312,197.1369967486115,211.63606213722795,10.306792414578045,10.306792414578045,48.147325514841526,145.07582915919446,194.477162910223,208.780602387003,0.0063603098833971,0.0047250926420639,0.013838562623264,0.0094093401870866,-1.984179498278812,3.729112749770819,0.0,0.7975420463602673,0.0,0.0,0.0263526348074147,0.1961152296406428,0.052742172553357,0.0685094271845554,0.0169610952881539,1.1363532197693071,0.0573263585636656,4.09353441939828,0.0516046802195624,0.0470545678407653,1.8686133519453327,3736169000.0,3831018000.0,3150165000.0,4212390000.0,582557500.0,203655500.0,672167000.0,66.55661033491208,56.991191785187226,193.30281757682823,1.3522323259420974,1.579191401001588,0.4655907302759799,0.0655543936605639,0.0120729114252787,2022-05-02,0.81,amc,856139561.0,2025-04-25,2022-03-31,0.0370370370370369,31.59935483870968,8508497.548387097
2021-12-31,ANET,USD,1596532,2022-02-15,2022-02-14 19:10:53,2021,Q4,824459000.0,301745000.0,522714000.0,0.6340084831,157879000,24261000.0,74786000.0,99047000.0,0.0,256926000.0,558671000.0,1662000.0,0.0,12470000.0,278258000.0,0.3375037449,265788000.0,0.322378675,1500000.0,267288000.0,0.3241980499,27993000.0,239295000.0,0.2902448757,0.2,0.19,1230084000,1279012000,https://www.sec.gov/Archives/edgar/data/1596532/000159653222000026/0001596532-22-000026-index.htm,https://www.sec.gov/Archives/edgar/data/1596532/000159653222000026/anet-20211231.htm,0.6702460970145129,0.1945354951369174,0.1831061943737175,0.1755611811876262,2.7707985796091976,3.2344132595822725,3.0051996449022997,3.2344132595822725,0.0459537722627072,44209218960.0,43644932960.0,46.186943897699486,53.6220951678616,196.27954216910263,204.7149589497812,11.111752616498263,11.111752616498263,52.937663316186736,156.85059534676452,193.7742321831324,202.1019793938552,0.0054127850622403,0.0048848408788988,0.0142077615241542,0.0098574766554786,-2.027923725463419,4.33641218602145,0.0,0.9412482500679078,0.0,0.0,0.0294265694231004,0.1914940585280772,0.0491682781319639,0.0412056687208084,0.0112570788844563,0.7442662389735365,0.0621534848913044,3.762603375447722,0.051453551570859,0.0438873928308179,1.9225729706263963,3702847000.0,3696648000.0,3056847000.0,4128615000.0,456049500.0,168944000.0,612891000.0,56.38341021202994,60.43924505791314,193.9072064160135,1.5962141995589625,1.4890986794054364,0.4641395318073516,0.0601455285778917,0.0075450131860913,2022-02-14,0.73,amc,790104625.0,2025-04-25,2021-12-31,0.1232876712328766,29.83859375,8914276.0
2021-09-30,ANET,USD,1596532,2021-11-02,2021-11-01 21:21:14,2021,Q3,748697000.0,270082000.0,478615000.0,0.6392639479,153093000,22488000.0,69740000.0,92228000.0,0.0,245321000.0,515403000.0,1636000.0,0.0,12629000.0,245923000.0,0.3284679917,233294000.0,0.3116000198,1346000.0,234640000.0,0.3133978098,10335000.0,224305000.0,0.2995938277,0.18,0.18,1229824000,1278544000,https://www.sec.gov/Archives/edgar/data/1596532/000159653221000354/0001596532-21-000354-index.htm,https://www.sec.gov/Archives/edgar/data/1596532/000159653221000354/anet-20210930.htm,0.6087838585033306,0.1823878863967527,0.2216406575249792,0.1843280014050791,2.7536306008014155,3.142937526019983,2.9078551077227317,3.142937526019983,0.0501112354288093,26416619520.0,25847265520.0,29.442744834042937,35.28345848854744,96.91362694851767,116.53139965856606,6.834370655531581,6.834370655531581,34.522998649654,105.10308316017615,94.82486002223207,114.01981340238474,0.0084910561637221,0.0085813780914841,0.0159440762070339,0.0113341977249947,-2.3151718220743893,5.063827881981717,0.0,1.2152158890796014,0.0,0.0,0.0300361828616917,0.204479248614593,0.0531711219619851,0.1683475249377244,0.0612904819973901,3.633541848127326,0.0709699651527921,3.591345009891981,0.0490801281135187,0.0435692586204217,1.9506173241049125,3630571000.0,3576150000.0,2951868000.0,4064428000.0,379902000.0,140205500.0,559432000.0,47.55341613496515,45.0703119793248,191.8300738294296,1.892608508809626,1.9968798982639813,0.4691652263034925,0.0580310250798135,0.0373126561199,2021-11-01,0.68,amc,738320000.0,2025-04-25,2021-09-30,0.0882352941176469,22.9140625,6530277.5
2021-06-30,ANET,USD,1596532,2021-08-03,2021-08-02 18:35:00,2021,Q2,707319000.0,253141000.0,454178000.0,0.6421119749,143293000,20895000.0,70625000.0,91520000.0,0.0,234813000.0,487954000.0,1872000.0,0.0,12577000.0,231942000.0,0.3279171067,219365000.0,0.3101358793,1719000.0,221084000.0,0.312566183,24196000.0,196888000.0,0.2783581383,0.16,0.15,1223376000,1275360000,https://www.sec.gov/Archives/edgar/data/1596532/000159653221000255/0001596532-21-000255-index.htm,https://www.sec.gov/Archives/edgar/data/1596532/000159653221000255/anet-20210630.htm,0.5781697532075175,0.1609382561044192,0.2152780502478387,0.2116234093197839,2.682497449680229,3.0226528884006227,2.780477138672002,3.0226528884006227,0.0525553877139979,27697232640.0,26867839640.0,35.16876681158831,39.15804981910566,105.1663185073244,106.98249344328782,7.490109131247125,7.490109131247125,37.985462909945866,115.83861327400815,102.01711549706492,103.77890511597366,0.0071085802166262,0.009347323733206,0.0173871726772459,0.012344766410408,-3.5758637935345905,5.033397873095059,0.0,1.3376437365405711,0.0,0.0,0.0295411264224487,0.2025861032999255,0.0568848065004185,0.0169763750825846,0.0063210517461004,0.3554901804881927,0.0635413441459935,3.308377382499477,0.044926778295862,0.0400829966074973,1.893141601600816,3468460000.0,3401569000.0,2817956000.0,3867591000.0,372340000.0,141022000.0,513183500.0,46.34296547950783,51.60882670132455,193.12521480123723,1.942042315781381,1.7438877368954044,0.4660188991511398,0.0532440415907552,0.0036546409280548,2021-08-02,0.64,amc,681242723.0,2025-04-25,2021-06-30,0.0625,20.88142857142857,6618979.80952381
2021-03-31,ANET,USD,1596532,2021-05-06,2021-05-05 20:18:57,2021,Q1,667562000.0,242290000.0,425272000.0,0.6370524386,132487000,15473000.0,71020000.0,86493000.0,0.0,218980000.0,461270000.0,2045000.0,0.0,12658000.0,218950000.0,0.3279845168,206292000.0,0.3090229821,1575000.0,207867000.0,0.3113823136,27501000.0,180366000.0,0.27018614,0.15,0.14,1220896000,1273968000,https://www.sec.gov/Archives/edgar/data/1596532/000159653221000149/0001596532-21-000149-index.htm,https://www.sec.gov/Archives/edgar/data/1596532/000159653221000149/anet-20210331.htm,0.5467803973475218,0.1477324849946269,0.2085968010379262,0.2044228173407071,2.479872159463214,2.826889432023694,2.578190116111446,2.826889432023694,0.0555084134930411,23038307520.0,22262741520.0,31.932719470410166,34.51111285543515,90.46159819377638,92.30867789357278,6.675181486136681,6.675181486136681,33.34932413768309,101.6795684859557,87.41628161382154,89.2011808685827,0.0078289605190581,0.0108332176651143,0.0196358629609733,0.0138483324580636,-3.5422059831011645,5.089297066107927,0.0,1.41199006464633,0.0,0.0,0.0231783714471464,0.1984639628978282,0.0620459240701877,0.0200098164327083,0.0076337478766017,0.4025912466424395,0.0562539509438823,3.0653754278151597,0.043581871140453,0.0392946201101763,1.7300470310329463,3216363000.0,3147702000.0,2560503000.0,3625417000.0,385003000.0,135560000.0,481418000.0,51.29402212828172,50.84671261711173,179.47550456065048,1.7545904233229777,1.7700259341783249,0.5014611894827472,0.0522597323125118,0.004173983697219,2021-05-04,0.6,amc,642030000.0,2025-04-25,2021-03-31,0.05,18.69672131147541,9986594.885245902
2020-12-31,ANET,USD,1596532,2021-02-19,2021-02-18 19:04:33,2020,Q4,648482000.0,233898000.0,414584000.0,0.6393145839,133847000,18428000.0,67671000.0,86099000.0,0.0,219946000.0,453844000.0,2490000.0,0.0,12615000.0,246432000.0,0.3800136318,194638000.0,0.3001440287,5542000.0,200180000.0,0.308690141,17222000.0,182958000.0,0.2821327346,0.15,0.14,1213824000,1268176000,https://www.sec.gov/Archives/edgar/data/1596532/000159653221000049/0001596532-21-000049-index.htm,https://www.sec.gov/Archives/edgar/data/1596532/000159653221000049/anet-20201231.htm,0.5342471396182643,0.1507286064536539,0.1539959664663081,0.1476663832647896,2.3667912316777397,2.7353973887482863,2.477958089475904,2.7353973887482863,0.0596437374775914,22043043840.0,21222221840.0,30.12036073853016,33.99175896940856,117.92516659176992,122.97991999598308,6.638889133512696,6.638889133512696,32.725999858130216,86.11796292689262,113.533959470159,118.40048783481458,0.0083000333950249,0.0081314087700875,0.021804414131171,0.0152771127761415,-3.3308255421373847,4.994510851384263,0.0,1.0216771062211,0.0,0.0,0.0284171341687201,0.2064004860582098,0.0659403547517904,0.0411022661616485,0.0118476688635922,0.6090368608799048,0.0618290099031276,3.045785501527864,0.044801638941768,0.0413330553066091,1.6363401942950544,3068755000.0,3007805000.0,2418370000.0,3490760000.0,344878500.0,148668500.0,458885000.0,54.06256457388177,51.65136084960111,184.5681450888849,1.6647378959798738,1.7424516705777182,0.4876247738018796,0.0551030015140239,0.0063295832015185,2021-02-18,0.6,amc,628050000.0,2025-04-25,2020-12-31,0.0333333333333333,15.845,10765108.0
2020-09-30,ANET,USD,1596532,2020-11-03,2020-11-02 18:19:25,2020,Q3,605431000.0,220469000.0,384962000.0,0.6358478505,128049000,15146000.0,53372000.0,68518000.0,0.0,196567000.0,417036000.0,4319000.0,0.0,10805000.0,199200000.0,0.3290218043,188395000.0,0.3111750142,13224000.0,201619000.0,0.333017305,33244000.0,168375000.0,0.2781076621,0.14,0.13,1215984000,1269008000,https://www.sec.gov/Archives/edgar/data/1596532/000159653220000226/0001596532-20-000226-index.htm,https://www.sec.gov/Archives/edgar/data/1596532/000159653220000226/anet-20200930.htm,0.4978938867616679,0.1384681048434848,0.1769159791576205,0.174841116330478,2.340409906709299,2.5361164291635414,2.4022988789326174,2.5361164291635414,0.0615986723509519,15722673120.0,14827227120.0,23.344726236080177,25.969388947708328,73.08554072710538,73.9528565784275,5.098346373736696,5.098346373736696,24.490366565306367,74.43387108433735,68.92313433460235,69.7410543545747,0.0107090568324427,0.0135221280998049,0.0242885821970201,0.0170258391424957,-4.495210843373494,5.496330381492908,0.0,1.2776659242761692,0.0,0.0,0.0250168887949246,0.2115005673644065,0.0369870972493346,0.011727956044569,0.004167279177974,0.2335030078667283,0.0602364266117856,2.8109345067425147,0.042128181333254,0.0397424664570042,1.6238862929117488,2989084000.0,2921157000.0,2338372000.0,3264403000.0,341721000.0,142987000.0,382549500.0,44.62858690750887,66.58160557720133,178.8422862171099,2.016644627053098,1.3517246876187907,0.503236689172841,0.0545984810678246,0.0020748628271424,2020-11-02,0.55,amc,552893599.0,2025-04-25,2020-09-30,0.1090909090909089,13.73578125,11337342.25
2020-06-30,ANET,USD,1596532,2020-08-05,2020-08-04 19:48:51,2020,Q2,540570000.0,196481000.0,344089000.0,0.6365299591,111544000,14319000.0,51237000.0,65556000.0,0.0,177100000.0,373581000.0,8668000.0,0.0,10962000.0,177951000.0,0.3291914091,166989000.0,0.3089128143,8256000.0,175245000.0,0.3241855819,30452000.0,144793000.0,0.267852452,0.12,0.11,1212928000,1268768000,https://www.sec.gov/Archives/edgar/data/1596532/000159653220000148/0001596532-20-000148-index.htm,https://www.sec.gov/Archives/edgar/data/1596532/000159653220000148/anetq22020-10q.htm,0.44567360964542,0.1193747691536513,0.1139523533136344,0.1122449147847192,2.293434564953567,2.5034321905339807,2.3644874221718024,2.5034321905339807,0.0612229250211059,15925744640.0,15199821640.0,27.49743537325699,29.461021958303277,115.22359668924004,116.97634610158288,5.244799539467207,5.244799539467207,28.118137595501047,85.41576973436507,109.9715057591017,111.64436182011826,0.0090917569804761,0.0085487368457516,0.0244555955030869,0.0171267416707815,-4.079342066074369,5.587291719060703,0.0,0.9545765333959516,0.0,0.0,0.026488706365503,0.2063451541890966,0.0388689555983358,0.0149837934826648,0.0038311412028044,0.188925378580551,0.0609023808202452,2.593077206009938,0.0373333197694773,0.0347448636666097,1.5939282875817855,2936697000.0,2867953000.0,2277510000.0,3219773000.0,367692000.0,103843500.0,294397500.0,63.80348521005605,56.28269400094666,149.78410126169962,1.4105812512231717,1.5990705775115568,0.6008648397385908,0.0476844428241488,0.0017074385289151,2020-08-04,0.49,amc,499578909.0,2025-04-25,2020-06-30,0.0816326530612245,13.52984126984127,12191572.825396825
2020-03-31,ANET,USD,1596532,2020-05-06,2020-05-05 19:21:42,2020,Q1,523029000.0,184778000.0,338251000.0,0.6467155741,113154000,18349000.0,57086000.0,75435000.0,0.0,188589000.0,373367000.0,11662000.0,0.0,10208000.0,159870000.0,0.3056618275,149662000.0,0.2861447453,12157000.0,161819000.0,0.3093881984,23388000.0,138431000.0,0.2646717486,0.11,0.11,1220224000,1279024000,https://www.sec.gov/Archives/edgar/data/1596532/000162828020006504/0001628280-20-006504-index.htm,https://www.sec.gov/Archives/edgar/data/1596532/000162828020006504/anetq12020-10q.htm,0.4286335951431868,0.1134472031364733,0.1596813371971047,0.1571350833945242,2.161072884978496,2.33467461711948,2.1919516416657925,2.33467461711948,0.0643340894786531,15448035840.0,14765204840.0,27.89844008928636,29.53571568689308,79.28290320097308,80.5676219881089,5.422597182137484,5.422597182137484,28.230183871257616,92.35757077625571,75.77845612198288,77.00638802545113,0.0089610744973517,0.0124119339174189,0.0275559125057128,0.0190916729594622,-4.271164070807531,5.823487322144406,0.0,1.4075387738295613,0.0,0.0,0.0350821847354544,0.2163436444250701,0.042354222982627,0.0159458446883965,0.0059403971863892,0.3043691222570533,0.0526854151490643,2.441188619255636,0.0361788456388468,0.035155374050427,1.449727468071436,2763892000.0,2674672000.0,2073880000.0,3059229000.0,372073000.0,88460000.0,252811500.0,60.59761504620203,41.31092446070419,127.5142062366732,1.4852069661715304,2.178600483405058,0.7058037112582983,0.0485922973182637,0.0025462538025805,2020-05-05,0.45,amc,468654698.0,2025-04-25,2020-03-31,0.1333333333333333,12.98032258064516,15028483.35483871
2019-12-31,ANET,USD,1596532,2020-02-14,2020-02-13 19:39:57,2019,Q4,552546000.0,196243000.0,356303000.0,0.6448386198,110063000,15716000.0,54535000.0,70251000.0,0.0,180314000.0,376557000.0,12693000.0,0.0,7901000.0,183890000.0,0.3328048705,175989000.0,0.3185056086,11183000.0,187172000.0,0.3387446475,-73520000.0,260692000.0,0.4718014428,0.21,0.2,1221520000,1284176000,https://www.sec.gov/Archives/edgar/data/1596532/000159653220000024/0001596532-20-000024-index.htm,https://www.sec.gov/Archives/edgar/data/1596532/000159653220000024/anet20191231-10k.htm,0.4523429825135896,0.2134160717794223,0.2678310629379789,0.2658401008579474,2.2303097779815317,2.3697409784530747,2.2878020826511234,2.3697409784530747,0.0679661405462047,15525519200.000002,14497255200.000002,14.888756847160634,28.09814784651414,47.45528715219723,47.81069507189072,5.363455379961765,5.363455379961765,26.237191473651063,78.83656098754692,44.31229639229616,44.64416544256904,0.0167911936883888,0.0209158222547558,0.0286808310124137,0.019836618251065,-5.591734188917288,5.814414963639348,0.0,1.2549713838552774,0.0,0.0,0.0284428807737274,0.1991924654236932,0.02391471080857,0.0074336488762413,0.0044014434997267,0.3078091380837868,0.0478421706066101,3.373302275517871,0.0683114915608005,0.0638137667678449,1.5142337006352742,2874562000.0,2794596000.0,2181032000.0,3101695000.0,419619500.0,85352500.0,241813500.0,63.8477701404046,42.24074234494988,111.82182294400307,1.4096028694829166,2.130644373269638,0.8048518404593459,0.0900588181239692,0.0019909620800314,2020-02-13,0.52,amc,506701572.0,2025-04-25,2019-12-31,0.096153846153846,13.1553125,14507712.25
2019-09-30,ANET,USD,1596532,2019-11-01,2019-10-31 19:15:23,2019,Q3,654415000.0,237141000.0,417274000.0,0.6376290275,118732000,14657000.0,55279000.0,69936000.0,0.0,188668000.0,425809000.0,13446000.0,0.0,8191000.0,236797000.0,0.3618453122,228606000.0,0.3493287898,19169000.0,247775000.0,0.3786206001,38880000.0,208895000.0,0.319208759,0.17,0.16,1222816000,1292048000,https://www.sec.gov/Archives/edgar/data/1596532/000159653219000230/0001596532-19-000230-index.htm,https://www.sec.gov/Archives/edgar/data/1596532/000159653219000230/anet20190930-10q.htm,0.5351704590060974,0.1708310980556355,0.2203086973019653,0.2164814657315573,2.001151440609217,2.1720389657969803,2.087664865359956,2.1720389657969803,0.0712282142202915,18256642880.0,17248476880.0,21.84906637305824,27.89765344620768,67.7685456037001,68.96664316987575,6.873725672099891,6.873725672099891,26.35709279279968,72.84077450305536,64.02623963889724,65.15817601438518,0.0114421365074102,0.0144997632773983,0.0327932488053481,0.0240616604393858,-4.2575117083409,5.911136487598255,0.0,1.2896287608607195,0.0,0.0,0.0223971027558964,0.1814322715707922,0.0285024828548341,0.0173721310927738,0.0071514253187961,0.5713588084482969,0.0401228578195793,2.8894057407711564,0.0627463454289647,0.0594016864340533,1.5853235482689136,2692231000.0,2552830000.0,2276599000.0,2927496000.0,395166000.0,82367000.0,276989500.0,61.50940916696592,29.830354093134464,91.00990549925992,1.4631907738813912,3.01706106870229,0.9889033452598394,0.0786501074546574,0.0038272315704079,2019-10-31,0.6,amc,586297453.0,2025-04-25,2019-09-30,0.1166666666666667,15.47734375,12053117.25
2019-06-30,ANET,USD,1596532,2019-08-02,2019-08-02 16:39:41,2019,Q2,608321000.0,218130000.0,390191000.0,0.6414228672,114295000,16019000.0,53040000.0,69059000.0,0.0,183354000.0,401484000.0,13107000.0,0.0,8395000.0,215232000.0,0.3538132006,206837000.0,0.3400129208,13811000.0,220648000.0,0.3627163948,31397000.0,189251000.0,0.3111038416,0.15,0.15,1224832000,1301360000,https://www.sec.gov/Archives/edgar/data/1596532/000159653219000184/0001596532-19-000184-index.htm,https://www.sec.gov/Archives/edgar/data/1596532/000159653219000184/anet20190630-10q.htm,0.4966566843452816,0.1545118024349462,0.1603313760581043,0.1575538522834152,1.8433572930818267,2.0619644163444457,1.9759967081199707,2.0619644163444457,0.0732386155815654,20123989760.0,19269280760.0,26.58372975572124,33.08120179970772,102.47526344466569,104.28180436010508,7.968129745482189,7.968129745482189,31.67617221828607,89.5279547650907,98.12291925307696,99.85273250180072,0.0094042484744337,0.0095894006258925,0.0355188552241879,0.0260672445116543,-3.9711055976806415,5.768385966248905,0.0,1.0376642659748163,0.0,0.0,0.0263331366170163,0.1878860009764581,0.0305978103572727,0.0173236445852153,0.0055924421481421,0.4052412150089339,0.0399410837370401,2.677396378356649,0.060832881685091,0.0567299840887099,1.434049322682621,2503498000.0,2420264000.0,2112786000.0,2744020000.0,307163000.0,87978500.0,330665000.0,50.75807016361428,35.53871544491817,129.62879933984323,1.7731170572461237,2.532449439245826,0.694290161278515,0.0749342720030409,0.0027775237746891,2019-08-01,0.55,amc,548486147.0,2025-04-25,2019-06-30,0.1090909090909089,17.309047619047618,16388348.952380951
2019-03-31,ANET,USD,1596532,2019-05-06,2019-05-03 19:21:42,2019,Q1,595424000.0,214854000.0,380570000.0,0.6391579782,119669000,15506000.0,51053000.0,66559000.0,0.0,186228000.0,401082000.0,11898000.0,0.0,8362000.0,202704000.0,0.3404363949,194342000.0,0.3263926211,12333000.0,206675000.0,0.347105592,5646000.0,201029000.0,0.3376232735,0.17,0.15,1214720000,1299216000,https://www.sec.gov/Archives/edgar/data/1596532/000159653219000104/0001596532-19-000104-index.htm,https://www.sec.gov/Archives/edgar/data/1596532/000159653219000104/anet20190331-10q.htm,0.4901738672286617,0.1654941056375131,0.1400298011064278,0.1357185194942044,1.7707109457323498,1.976066089304531,1.886502239199157,1.976066089304531,0.077067966280295,24172928000.0,23457053000.0,30.061493615349026,40.59783952276025,142.11260633638452,146.62700473128714,10.070513383995031,10.070513383995031,39.3955450233783,115.7207208540532,137.9039783182537,142.28468397428122,0.0083162867154529,0.0068200261052364,0.0390007028091954,0.0280922950243124,-3.5316273975846557,5.340595331677691,0.0,0.8461316526471305,0.0,0.0,0.0260419465792443,0.2009811495673671,0.0326472102757015,0.0307883149026731,0.0087954130166066,0.6262855776130113,0.040796138550008,2.712584381715454,0.0677719273087658,0.0623606974580669,1.3137611959957851,2357781000.0,2291572000.0,1968897000.0,2606657000.0,301511500.0,91790000.0,305855000.0,40.999590207986245,37.625876176380245,145.4186098466866,2.1951438915228243,2.391970876056244,0.6189029044830378,0.0837492766731087,0.0043112816122233,2019-05-02,0.52,amc,533561766.0,2025-04-25,2019-03-31,0.1153846153846152,15.867377049180329,14010577.836065574
2018-12-31,ANET,USD,1596532,2019-02-15,2019-02-15 17:26:01,2018,Q4,595726000.0,220734000.0,374992000.0,0.6294705955,118439000,12000000.0,50911000.0,62911000.0,0.0,181350000.0,402084000.0,9733000.0,661000.0,9231000.0,208382000.0,0.34979504,193642000.0,0.3250521213,4848000.0,198490000.0,0.3331900907,28168000.0,170322000.0,0.2859066081,0.14,0.13,1207568000,1294848000,https://www.sec.gov/Archives/edgar/data/1596532/000159653219000027/0001596532-19-000027-index.htm,https://www.sec.gov/Archives/edgar/data/1596532/000159653219000027/anet20181231-10k.htm,0.4933270838578034,0.141045473215587,0.2449708836272574,0.2398225193115419,1.6199062909914803,1.774963397506393,1.681971532866058,1.774963397506393,0.0298881719290342,15903670560.0,15289151560.0,23.34353542114348,26.69628413062381,53.76149118210797,54.91561025131042,7.419871315939384,7.419871315939384,25.66473774856226,73.3707880719064,51.68414320919211,52.79366703268624,0.0107096031295054,0.0182097584898665,0.0165303638303639,0.0114961698361087,-2.949002313059669,4.4761485497210245,292.9531013615734,1.7368220194690058,0.0,0.0,0.0201434887851126,0.1988145556849961,0.0364356325132228,0.0210162295187259,0.0104360058147537,0.6734914960459322,0.0413260458667239,2.373370478388656,0.0671231655041199,0.0573534804486261,1.1582488522385488,2108298000.0,2031095000.0,1776208000.0,2295947000.0,326915000.0,89427000.0,240435000.0,50.12359708993732,38.22759520508848,107.86797684090354,1.795561476533937,2.3543202107575967,0.8343532773655583,0.0794638770657122,0.0051483643157155,2019-02-14,0.52,amc,548067920.0,2025-04-25,2018-12-31,0.0769230769230769,14.362698412698412,15236767.492063493
2018-09-30,ANET,USD,1596532,2018-11-05,2018-11-05 06:52:34,2018,Q3,563309000.0,201726000.0,361583000.0,0.6418910403,117589000,15321000.0,47903000.0,63224000.0,0.0,180813000.0,382539000.0,8585000.0,673000.0,7112000.0,197174000.0,0.3500281373,180770000.0,0.3209073528,8619000.0,189389000.0,0.3362080137,20865000.0,168524000.0,0.2991679522,0.14,0.13,1200176000,1296288000,https://www.sec.gov/Archives/edgar/data/1596532/000159653218000233/0001596532-18-000233-index.htm,https://www.sec.gov/Archives/edgar/data/1596532/000159653218000233/anet20180930-10q.htm,0.4693553278852435,0.1404160723093946,-0.0990063124075135,-0.1027907573555878,1.3846294210182506,1.6213255389209582,1.523608204130061,1.6213255389209582,0.0305896801802402,19478856480.0,18990209480.0,28.896264745674205,34.5793454036772,-163.92894155270355,-157.8935734839949,10.01032772900226,10.01032772900226,33.71188722353096,96.31193504214552,-159.8166167052388,-153.93265200580382,0.008651637234097,-0.0063333799972635,0.0185212212905652,0.0128795334778528,-2.478252710803656,4.513018218465973,268.6032689450223,0.8644773122449128,0.0,0.0,0.0271982162543115,0.2087468866998397,0.0419113742290684,-0.0382242794024826,0.0080630701799545,0.6386389201349831,0.0412810730877724,2.263261737510568,0.0712232409492223,0.0628595726903795,0.965802723933823,1896264000.0,1828598000.0,1583684000.0,2088939000.0,291485000.0,69139500.0,230876000.0,51.45447702770593,37.96600339073793,96.50798608012848,1.7491189338400823,2.370541852239209,0.9325653104529084,0.0866057241057498,0.0037844449480742,2018-11-01,0.46,amc,491226805.0,2025-04-25,2018-09-30,0.1521739130434782,17.02095238095238,16541668.825396825
2018-06-30,ANET,USD,1596532,2018-08-08,2018-08-07 21:40:03,2018,Q2,519845000.0,185962000.0,333883000.0,0.6422741394,104078000,18420000.0,46188000.0,64608000.0,405000000.0,573686000.0,759648000.0,7964000.0,680000.0,5631000.0,-235661000.0,-0.4533293578,-239803000.0,-0.4612971174,-2169000.0,-241972000.0,-0.465469515,-86703000.0,-155269000.0,-0.2986832614,0.13,0.12,1192048000,1293216000,https://www.sec.gov/Archives/edgar/data/1596532/000159653218000174/0001596532-18-000174-index.htm,https://www.sec.gov/Archives/edgar/data/1596532/000159653218000174/anet20180630-10q.htm,0.4360940163483349,-0.1302539830610848,0.1095459243251949,0.1038959840543333,1.5606787646135054,1.6995540448035649,1.6995540448035649,1.6995540448035649,0.0312688750788558,19180052320.0,18505489320.0,-30.881973091859933,36.89571376083256,146.8790381670036,154.8664286348699,9.46718937782275,9.46718937782275,35.59809043080149,-78.52588811895053,141.71329810696562,149.41977181890852,-0.0080953376669412,0.0064571773806297,0.0180626372812754,0.0133892358505443,2.8624295067915355,6.011762530141335,-352.65147058823527,0.8664702603710487,0.0,0.0,0.0354336388731256,0.2002096778847541,0.0,0.051575997059364,0.0129557848974213,1.1960575386254662,0.0432398118669988,,-0.0665752296650911,-0.0568107684669116,1.2345729786048885,2113776000.0,2025950000.0,1828398000.0,2187512000.0,234128000.0,61806500.0,256785000.0,45.17217632178822,25.73848420645077,118.7850743700326,1.9923768861362043,3.496709412959272,0.7576709487897196,-0.0766400947703546,0.0056499402708615,2018-08-02,0.42,amc,457894559.0,2025-04-25,2018-06-30,0.1428571428571428,16.33296875,15295552.75
2018-03-31,ANET,USD,1596532,2018-05-04,2018-05-04 17:22:41,2018,Q1,472489000.0,169570000.0,302919000.0,0.6411133381,102362000,19679000.0,42140000.0,61819000.0,0.0,164181000.0,333751000.0,5385000.0,687000.0,5697000.0,149278000.0,0.3159396303,138738000.0,0.2936322327,4156000.0,142894000.0,0.3024282047,-1644000.0,144538000.0,0.3059076508,0.12,0.11,1183904000,1291536000,https://www.sec.gov/Archives/edgar/data/1596532/000159653218000109/0001596532-18-000109-index.htm,https://www.sec.gov/Archives/edgar/data/1596532/000159653218000109/anet20180331-10q.htm,0.3990940143795443,0.1220859123712733,0.1651662634808227,0.1598144782009352,1.4680582209368327,1.5584363259183176,1.5584363259183176,1.5584363259183176,0.0319493810308944,18895107840.0,18046085840.0,32.681903444076994,39.99057721978713,96.629902884817,99.86579551280356,10.241034384639024,10.241034384639024,38.19366342920153,120.88911855732258,92.28798993561452,95.3784828096509,0.0076494932563454,0.0100134384837678,0.0201285718079672,0.0143943839499789,-5.687522608823805,5.197210881233084,201.94759825327512,1.3528691416790048,0.0,0.0,0.0416496468700858,0.216644197007761,0.0,0.0324024117704215,0.0134098359961819,1.1121642969984202,0.0441301278971573,2.0690384762616523,0.0661250344978559,0.0560217423491318,1.091823957010028,1921395000.0,1845039000.0,1644179000.0,1995220000.0,227342500.0,61315500.0,287164500.0,39.49406229563016,37.38155334080321,142.31167069646753,2.278823569130747,2.407604605926368,0.6324147524903871,0.078338723463298,0.0053517852798875,2018-05-03,0.38,amc,429794210.0,2025-04-25,2018-03-31,0.1052631578947368,16.855737704918035,21026415.47540984
2017-12-31,ANET,USD,1596532,2018-02-20,2018-02-16 18:08:29,2017,Q4,467867000.0,160702000.0,307165000.0,0.6565220458,107180000,21789000.0,38808000.0,60597000.0,0.0,167777000.0,328479000.0,0.0,741000.0,5285000.0,147661000.0,0.3156046483,139388000.0,0.2979222728,2247000.0,141635000.0,0.3027249197,37802000.0,103833000.0,0.221928454,0.0888,0.0806,1172960000,1283888000,https://www.sec.gov/Archives/edgar/data/1596532/000159653218000018/0001596532-18-000018-index.htm,https://www.sec.gov/Archives/edgar/data/1596532/000159653218000018/anet20171231-10k.htm,0.3988771995634975,0.0885222002455326,0.156581639612604,0.1539217023598417,1.3091281885145274,1.4168547947074068,1.4168547947074068,1.4168547947074068,0.0327496248806438,17265971200.0,16444452200.0,41.571492685369776,36.90358841294641,94.0084676365537,95.63303792981212,10.389208587207282,10.389208587207282,35.14770693380811,111.36625242955148,89.53552247582542,91.08279532967032,0.0060137364297236,0.0104566373885762,0.0226684413272889,0.015308875758881,-5.563547585347519,4.277047772713977,188.10796221322536,1.7688403494072211,0.0,0.0,0.0465709272079458,0.2290821964361667,0.0,0.0169875424688561,0.0066685617921332,0.5903500473036897,0.0436790797384726,1.679886852367883,0.0529197823085511,0.042193785912242,0.9166702189332968,1736524000.0,1661914000.0,1467483000.0,1810803000.0,229978500.0,42546500.0,319677500.0,47.5800601452977,29.23423479483765,171.4839889982701,1.8915486807953232,3.078582375478927,0.5248303385391152,0.0624779621568865,0.0026599372527622,2018-02-15,0.35,amc,385785070.0,2025-04-25,2017-12-31,0.2285714285714286,13.377619047619048,12456161.015873017
2017-09-30,ANET,USD,1596532,2017-11-03,2017-11-02 19:27:15,2017,Q3,437633000.0,157016000.0,280617000.0,0.6412153562,79610000,19535000.0,40640000.0,60175000.0,0.0,139785000.0,296801000.0,2332000.0,701000.0,5322000.0,148290000.0,0.3388455624,140832000.0,0.3218038859,1435000.0,142267000.0,0.3250828891,8545000.0,133722000.0,0.3055573963,0.12,0.11,1161408000,1269152000,https://www.sec.gov/Archives/edgar/data/1596532/000159653217000251/0001596532-17-000251-index.htm,https://www.sec.gov/Archives/edgar/data/1596532/000159653217000251/aristanetworksincq317-10q.htm,0.3768124552267592,0.1151378326996197,0.1772572601531933,0.1749970725188736,1.1564532016311235,1.3126756488675817,1.3126756488675817,1.3126756488675817,0.0334938281809665,13762684800.0,12946404800.0,25.73003095975232,31.44800506360352,66.85198670993063,67.71541848919766,9.02736331722368,9.02736331722368,29.58278923207345,87.30463820891497,62.88692171682826,63.69914240588851,0.0097162728016556,0.0147676854446306,0.0250558852699022,0.0165959221622185,-5.504619326994403,3.657034571586142,200.9015691868759,1.539522292517312,0.0,0.0,0.0446378586623952,0.1819104135200042,0.0,0.0127508889191132,0.0059981765543274,0.4932356257046223,0.0460477157801171,1.8440767766240265,0.0763326115124581,0.0580968062874992,0.7680270413153689,1507992000.0,1524552000.0,1298381000.0,1581053000.0,241117500.0,56655500.0,348480000.0,43.723827956301285,18.853938452132265,190.962258623325,2.0583742139400125,4.773538442829781,0.4712973162803123,0.0877123246698046,0.0022601876343197,2017-11-02,0.3,amc,321471154.0,2025-04-25,2017-09-30,0.3666666666666666,10.456984126984128,12849357.714285716
2017-06-30,ANET,USD,1596532,2017-08-04,2017-08-04 16:18:08,2017,Q2,405211000.0,145434000.0,259777000.0,0.641090691,81194000,23319000.0,38630000.0,61949000.0,0.0,143143000.0,288577000.0,1425000.0,623000.0,5094000.0,122847000.0,0.3031679792,116634000.0,0.2878352266,496000.0,117130000.0,0.2890592802,14445000.0,102685000.0,0.2534111858,0.0888,0.0813,1151872000,1260096000,https://www.sec.gov/Archives/edgar/data/1596532/000159653217000201/0001596532-17-000201-index.htm,https://www.sec.gov/Archives/edgar/data/1596532/000159653217000201/aristanetworksincq217-10q.htm,0.351784746916324,0.0891461898544282,0.068786288754306,0.064541893543727,0.976531246527392,1.1787325327814202,1.1787325327814202,1.1787325327814202,0.0341140335037226,10781521920.0,9996718920.0,26.24901864926717,26.6071797656036,136.07362992692438,145.02208544065425,7.940732727477611,7.940732727477611,24.67040361688108,81.3753605704657,126.16862822308886,134.46571236414505,0.009524165582738,0.0068955014469793,0.0284824367390438,0.0178793678973989,-6.388458814623068,3.191222288256164,187.2134831460674,0.7716122121049812,0.0,0.0,0.0575477960864833,0.2003746196426059,0.0,0.0617040879431549,0.0120653190559979,0.9597565763643502,0.045408441527994,1.537624488776691,0.0658767709918277,0.0474747334646361,0.6109771745471719,1338392000.0,1357749000.0,1143998000.0,1414232000.0,239343000.0,70701000.0,325294500.0,59.8852449711385,49.76566690044969,225.13490655555097,1.5028743732011989,1.8084757143923005,0.3997603098380167,0.075628853344764,0.0042443952105789,2017-08-03,0.24,amc,287276455.0,2025-04-25,2017-06-30,0.4166666666666668,9.055238095238096,13352715.682539685
2017-03-31,ANET,USD,1596532,2017-05-08,2017-05-05 21:16:04,2017,Q1,335475000.0,121265000.0,214210000.0,0.6385274611,81610000,22155000.0,37027000.0,59182000.0,0.0,140792000.0,262057000.0,0.0,715000.0,4939000.0,79382000.0,0.23662568,73418000.0,0.2188479022,310000.0,73728000.0,0.2197719651,-9233000.0,82961000.0,0.2472941352,0.0725,0.0669,1137824000,1240256000,https://www.sec.gov/Archives/edgar/data/1596532/000159653217000088/0001596532-17-000088-index.htm,https://www.sec.gov/Archives/edgar/data/1596532/000159653217000088/aristanetworksincq117-10q.htm,0.2948390963804595,0.0729119793570886,0.1431346148437719,0.1390522611581404,0.9168746660291924,1.0795817279298028,1.0795817279298028,1.0795817279298028,0.0350238701240262,9409804480.0,8702373480.0,28.356108532925106,28.049197347045236,57.777777996094855,59.47404185390951,7.660374185712169,7.660374185712169,25.940453029286832,109.62653347106396,53.43403298498115,55.00277138360606,0.0088164424857422,0.0168140581811536,0.0318600035494075,0.0201773769616178,-8.911730619032022,3.2615635674622028,102.68251748251748,1.9631151987078264,0.0,0.0,0.0660406885758998,0.2432670094641925,0.0,0.0285210791958836,0.0138460391981518,0.9404737801174328,0.0490021611148371,1.3308173859981416,0.0587115764300311,0.042772265180723,0.5556285506370053,1204312000.0,1228374000.0,1025601000.0,1280631000.0,231090500.0,70220500.0,261638000.0,56.08638497652582,45.26087494330598,212.8457510411083,1.604667514899886,1.988472386199659,0.4228414218267279,0.0675372484275961,0.0040823536856315,2017-05-04,0.21,amc,310224193.0,2025-04-25,2017-03-31,0.0952380952380953,6.89983870967742,13983292.903225806
2016-12-31,ANET,USD,1596532,2017-02-17,2017-02-17 17:17:51,2016,Q4,327969000.0,117814000.0,210155000.0,0.6407770247,71398000,22941000.0,38321000.0,61262000.0,0.0,132660000.0,250474000.0,0.0,918000.0,4942000.0,82997000.0,0.2530635517,77495000.0,0.236287576,-358000.0,77137000.0,0.2351960094,18354000.0,58783000.0,0.1792334032,0.0525,0.0494,1119680000,1190144000,https://www.sec.gov/Archives/edgar/data/1596532/000159653217000019/0001596532-17-000019-index.htm,https://www.sec.gov/Archives/edgar/data/1596532/000159653217000019/anet20161231-10k.htm,0.2929131537582166,0.0524998213775364,0.0471161403258073,0.0427086310374392,0.7750723420977422,0.9894076879108316,0.9894076879108316,0.9894076879108316,0.0361808731066018,6774064000.0,6245734000.0,28.80962182944048,20.654586256627912,128.40610368685432,141.65754914261814,6.114769547399397,6.114769547399397,19.0436718104455,75.2525271997783,118.39131835844944,130.60924299456295,0.008677656426039,0.0070592778574279,0.0357395605784333,0.0228992710845011,-6.365651770545924,3.320892258346698,84.41721132897604,0.8974533453549496,0.0038207492577572,0.4402973648844053,0.0699486841744189,0.217697404327848,0.0,0.0935456354847881,0.0150471538468574,0.9985835694050992,0.0497729968381158,1.0810799484357296,0.0465206438176372,0.0339981272487618,0.4954364193340954,1066573000.0,1107820000.0,904939000.0,1143534000.0,231681000.0,78252500.0,199309000.0,69.4599489585906,60.69847386558473,180.65849559475103,1.29571071314283,1.4827390915841272,0.4981775127912385,0.0530618692567384,0.0044075092883681,2017-02-16,0.2,amc,258590942.0,2025-04-25,2016-12-31,0.3,5.594444444444444,10859660.444444444
2016-09-30,ANET,USD,1596532,2016-11-03,2016-11-03 17:30:19,2016,Q3,290261000.0,103841000.0,186420000.0,0.6422495616,70648000,19535000.0,33216000.0,52751000.0,0.0,123399000.0,227240000.0,0.0,735000.0,5145000.0,68805000.0,0.2370452799,63021000.0,0.2171183866,-96000.0,62925000.0,0.2167876497,11668000.0,51257000.0,0.1765893455,0.0463,0.0431,1105216000,1175248000,https://www.sec.gov/Archives/edgar/data/1596532/000159653216000331/0001596532-16-000331-index.htm,https://www.sec.gov/Archives/edgar/data/1596532/000159653216000331/aristanetworksincq316-10q.htm,0.2626283007122589,0.0463773597197289,-0.0428368753257281,-0.0462253532341189,0.7239743181423359,0.9151333314030924,0.9151333314030924,0.9151333314030924,0.0368941455787827,5879749120.0,5419309120.0,28.677786058489577,20.25676587622863,-124.19206488678608,-115.0883579635538,5.813360542603468,5.813360542603468,18.6704694051216,78.76330382966354,-114.46665089557284,-106.0758503787508,0.0087175488194979,-0.0086889761718268,0.0395888948211425,0.0263587171182557,-6.6919555264879005,3.7292174765265487,85.74285714285715,-0.9236592075228748,0.0,0.0,0.0673014976176613,0.2433947378393928,0.0,-0.0791018925312605,0.0129021811404218,0.7278911564625851,0.0520772683894839,0.9772067454202776,0.044102480415609,0.0337421333965294,0.4806610201082865,969096000.0,1011420000.0,816518000.0,1047243000.0,178451000.0,68572500.0,140129000.0,65.18915734459677,66.77824751302471,140.51790718502323,1.38059768934043,1.3477442633163743,0.6404877627553538,0.0506782543354887,0.0033884779083907,2016-11-03,0.18,amc,255289795.0,2025-04-25,2016-09-30,0.1666666666666666,4.76484375,11419369.75
2016-06-30,ANET,USD,1596532,2016-08-05,2016-08-04 20:18:15,2016,Q2,268741000.0,97290000.0,171451000.0,0.6379785742,69020000,17529000.0,31744000.0,49273000.0,0.0,118293000.0,215583000.0,0.0,732000.0,4883000.0,58457000.0,0.2175217031,53158000.0,0.1978038334,-316000.0,52842000.0,0.1966279801,13938000.0,38904000.0,0.1447639177,0.0356,0.0331,1092400000,1165072000,https://www.sec.gov/Archives/edgar/data/1596532/000159653216000291/0001596532-16-000291-index.htm,https://www.sec.gov/Archives/edgar/data/1596532/000159653216000291/aristanetworksincq216-10q.htm,0.246009703405346,0.0356133284511168,0.0502682167704137,0.0465086049066276,0.7541358476748444,0.8392823141706335,0.8392823141706335,0.8392823141706335,0.0376876601977297,4391448000.0,3900828000.0,28.2197717458359,16.340818855329108,79.97100868646768,86.43561784041255,4.789806638511744,4.789806638511744,14.515194927458037,66.7298698188412,71.03651230127656,76.77888438373421,0.0088590369281385,0.0115693047031411,0.0441062266587553,0.0302909089819533,-8.392835759618182,4.335174366741446,72.62021857923497,1.411500102817191,0.0,0.0,0.0652263703714729,0.25682720537618,0.0,0.0747910330887039,0.0152823722468845,0.8410813024779848,0.0529580525487365,0.8200712323633076,0.0365234342837943,0.0291418349827863,0.5261087971439034,878615000.0,916832000.0,723898000.0,958296000.0,140889000.0,42452500.0,101080000.0,49.115356421238296,55.59389454209066,109.27844588344126,1.8324207856319763,1.6188828061300895,0.8235841869127233,0.0424330738892185,0.0037596118637861,2016-08-04,0.17,amc,243319554.0,2025-04-25,2016-06-30,0.1176470588235293,4.24921875,11650274.25
2016-03-31,ANET,USD,1596532,2016-05-05,2016-05-05 17:19:50,2016,Q1,242196000.0,87106000.0,155090000.0,0.6403491387,62515000,15234000.0,27606000.0,42840000.0,0.0,105355000.0,192461000.0,0.0,751000.0,4779000.0,54851000.0,0.2264735999,49735000.0,0.2053502122,-414000.0,49321000.0,0.2036408529,14076000.0,35245000.0,0.1455226346,0.0325,0.03,1083792000,1155424000,https://www.sec.gov/Archives/edgar/data/1596532/000159653216000255/0001596532-16-000255-index.htm,https://www.sec.gov/Archives/edgar/data/1596532/000159653216000255/aristanetworksincq116-10q.htm,0.2234709243101997,0.0325200776532766,0.0656177569127655,0.0576531290136852,0.7033194561318039,0.7841513869820039,0.7841513869820039,0.7841513869820039,0.0383634498132482,4270140480.0,3600304480.0,30.28898056461909,17.63092899965317,60.04472242533326,68.33974265411945,5.024539987315513,5.024539987315513,14.865251614394952,65.63790049406575,50.6258012261657,57.61962230330965,0.0082538268155524,0.0146327738613414,0.0480398467036219,0.0337428003044761,-12.2119195639095,4.775104543927118,66.22503328894807,2.01776138459356,0.0,0.0,0.0628994698508645,0.2581173925250623,0.0,0.1213791551830811,0.0356405555830814,1.8062356141452187,0.0551619349617665,0.7574727321316824,0.0356949412526653,0.0291293750883303,0.5033403549758625,808869000.0,849857000.0,663043000.0,888813000.0,139691000.0,34387000.0,88079500.0,50.21020165485805,25.63221821688517,86.82180332009276,1.792464420251778,3.5112060625604644,1.0366059740568845,0.0414716828831203,0.0079646278990802,2016-05-05,0.15,amc,213702352.0,2025-04-25,2016-03-31,0.1333333333333334,3.914754098360656,15689132.06557377
2015-12-31,ANET,USD,1596532,2016-02-25,2016-02-25 17:08:19,2015,Q4,245446000.0,89278000.0,156168000.0,0.6362621513,57413000,18050000.0,31308000.0,49358000.0,0.0,106771000.0,196049000.0,0.0,746000.0,3947000.0,53235000.0,0.2168908843,49397000.0,0.2012540437,-855000.0,48542000.0,0.1977705891,4618000.0,43924000.0,0.1789558599,0.0406,0.0375,1073776000,1152992000,https://www.sec.gov/Archives/edgar/data/1596532/000159653216000244/0001596532-16-000244-index.htm,https://www.sec.gov/Archives/edgar/data/1596532/000159653216000244/anet20151231-10k.htm,0.2285821251359687,0.0409061107717065,0.1085058708706471,0.1035960945299578,0.6401018461951096,0.73400038741786,0.73400038741786,0.73400038741786,0.0390733262803415,5229289120.0,4583173120.0,29.763279300610144,21.30525296806629,44.88236406862871,47.00949415223078,6.634873882195312,6.634873882195312,18.67283687654311,86.0932303935381,39.33682759567766,41.20113557295553,0.0083996120681122,0.0212722986714492,0.052286868522823,0.0355292312202019,-12.137052690898845,4.145882533158022,66.21581769436997,2.6525589654858392,0.0046256765393763,0.5507012111829523,0.0735395973044987,0.233912958451146,0.0,0.045248946451408,0.0214792663151976,1.335697998479858,0.0528751741727304,0.8219274761007122,0.0482584068875797,0.037869108277509,0.4375677515608469,739317000.0,788152000.0,602590000.0,819023000.0,152246500.0,37726500.0,101025000.0,52.89827497698067,44.321557382557856,92.87405631846592,1.7013787318993785,2.030614565800846,0.9690542608733408,0.0557303667312904,0.0049097763406893,2016-02-18,0.15,amc,187152575.0,2025-04-25,2015-12-31,0.3333333333333335,4.3390625,10517413.25
2015-09-30,ANET,USD,1596532,2015-11-06,2015-11-05 18:24:38,2015,Q3,217548000.0,75800000.0,141748000.0,0.6515711475,58748000,25195000.0,26508000.0,51703000.0,0.0,110451000.0,186251000.0,0.0,753000.0,3478000.0,34788000.0,0.1599095372,31297000.0,0.1438625039,-740000.0,30557000.0,0.1404609557,1867000.0,28690000.0,0.1318789417,0.0263,0.0244,1066064000,1150192000,https://www.sec.gov/Archives/edgar/data/1596532/000159653215000176/0001596532-15-000176-index.htm,https://www.sec.gov/Archives/edgar/data/1596532/000159653215000176/aristanetworksinc2015930-1.htm,0.2040665475993936,0.0269120803253838,0.0099890813309519,0.0050700520794248,0.5333797970853532,0.6783588977772441,0.6783588977772441,0.6783588977772441,0.0409065497005808,4072364480.0,3696720480.0,35.48592262112234,18.71938367624616,382.41754906564,753.4439370952822,5.631237406212059,5.631237406212059,16.9926658944233,106.26424284235944,347.1424997652361,683.9445846438483,0.0070450472055978,0.0013272387642473,0.0592609800684206,0.0399443746434869,-10.798091295849144,4.0943964865801945,41.56308100929615,0.3711746253049843,0.0,0.0,0.1158135216136209,0.2700461507345505,0.0,0.4924406047516199,0.0241050250979094,1.5077630822311674,0.0564381194035339,0.6409064719555038,0.0346031085815355,0.0267408089537437,0.3696138318149755,696134000.0,723174000.0,571382000.0,771382000.0,141286000.0,37659000.0,105112500.0,66.28744001323845,37.38562005277045,130.51306068601582,1.3577232727953568,2.4073427128656277,0.6895861573311742,0.0396723333526924,0.0049190292515271,2015-11-05,0.13,amc,195424474.0,2025-04-25,2015-09-30,0.1538461538461537,4.76453125,12230502.0
2015-06-30,ANET,USD,1596532,2015-08-07,2015-08-06 18:37:02,2015,Q2,195552000.0,67662000.0,127890000.0,0.6539948454,49947000,18403000.0,26681000.0,45084000.0,0.0,95031000.0,162693000.0,0.0,832000.0,3353000.0,36629000.0,0.187310792,32859000.0,0.1680320324,-415000.0,32444000.0,0.1659098347,8448000.0,23996000.0,0.1227090493,0.0225,0.0206,1048384000,1139440000,https://www.sec.gov/Archives/edgar/data/1596532/000159653215000112/0001596532-15-000112-index.htm,https://www.sec.gov/Archives/edgar/data/1596532/000159653215000112/aristanetworksinc2015630-1.htm,0.1865270740492033,0.0228885599169769,0.0501781789878517,0.0460413359990232,0.5262985699896221,0.6348265521030462,0.6348265521030462,0.6348265521030462,0.0419226161406507,5357242240.0,5057403240.0,55.8139089848308,27.395486827033217,101.83709538835876,110.9872224409041,8.049442769952911,8.049442769952911,25.862191335297005,138.0710158617489,96.1373843287838,104.77538875883072,0.0044791702381559,0.0090100461837618,0.0647877970135618,0.0435176653321074,-8.185836359168965,4.198619245622179,39.49399038461539,2.1922820470078346,0.0,0.0,0.0941079610538373,0.2554154393716249,0.0,0.0824430673307227,0.0221782441498936,1.2934685356397255,0.057314678448699,0.5717787818997098,0.0307808256643482,0.0242178598137538,0.3513736379036689,647714000.0,665542000.0,524915000.0,720892000.0,117699500.0,36477000.0,95764500.0,56.30614874815906,58.30140994945464,133.41846235700984,1.5984044727076556,1.5437019461111998,0.6745693092997288,0.0360548244889128,0.0041368429888285,2015-08-06,0.12,amc,166581333.0,2025-04-25,2015-06-30,0.1666666666666668,4.474285714285714,11346428.19047619
2015-03-31,ANET,USD,1596532,2015-05-15,2015-05-14 19:24:37,2015,Q1,179045000.0,61291000.0,117754000.0,0.6576782373,43340000,14072000.0,24587000.0,38659000.0,0.0,81999000.0,143290000.0,0.0,821000.0,2893000.0,38180000.0,0.2132424809,35755000.0,0.1996983998,-1289000.0,34466000.0,0.1924990924,9974000.0,24492000.0,0.1367924265,0.0231,0.0213,1034160000,1131552000,https://www.sec.gov/Archives/edgar/data/1596532/000159653215000013/0001596532-15-000013-index.htm,https://www.sec.gov/Archives/edgar/data/1596532/000159653215000013/aristanetworksinc2015331-1.htm,0.1731308501585828,0.0236829890925968,0.0200810319486346,0.0151146824475903,0.4683404888992032,0.5903061421830278,0.5903061421830278,0.5903061421830278,0.0427400015471493,4560645600.0,4328838600.0,46.55240078392945,25.4720634477366,219.6102277652044,291.7692789968652,7.470699836683479,7.470699836683479,24.177377754195877,113.37974332111052,208.4479510762267,276.9393256989316,0.0053702923112464,0.0034273656343742,0.0710582484671671,0.0495707879857203,-6.071424829753798,4.962172438667575,43.55054811205847,0.8479095214764004,0.0,0.0,0.0785947666787679,0.2420620514395822,0.0,0.247315452400443,0.0286855259850875,1.7753197372969236,0.0493674774498031,0.5608518639969077,0.034905483410789,0.0279879144135702,0.3385581051288002,587713000.0,610471000.0,471423000.0,660500000.0,105019500.0,30775500.0,85872000.0,56.830014800748415,42.764353657143786,133.95522996851088,1.5836701840664444,2.1045565360711467,0.6718662647300631,0.0401198418925714,0.0049663495010443,2015-05-14,0.09,amc,132493300.0,2025-04-25,2015-03-31,0.4444444444444445,4.144426229508197,10976663.606557377
2014-12-31,ANET,USD,1596532,2015-03-12,2015-03-11 21:55:45,2014,Q4,173489000.0,57049000.0,116440000.0,0.6711664716,44344000,8078000.0,25016000.0,33094000.0,0.0,77438000.0,134487000.0,0.0,768000.0,2655000.0,41506000.0,0.2392428338,39002000.0,0.2248096421,-919000.0,38083000.0,0.2195124763,7046000.0,31037000.0,0.1788989504,0.03,0.0269,1010976000,1123504000,https://www.sec.gov/Archives/edgar/data/1596532/000159653215000004/0001596532-15-000004-index.htm,https://www.sec.gov/Archives/edgar/data/1596532/000159653215000004/anet20141231-10k.htm,0.1716054584876396,0.0307000364004684,0.0156403317190516,0.0133207909980058,0.4445773193428924,0.5496253125692401,0.5858635615484443,0.5496253125692401,0.0428447361757351,3841708800.0,3644224800.0,30.94458871669298,22.14381776366225,242.96159878573232,285.26834484294943,6.913800935107565,6.913800935107565,21.005509283009296,87.79995181419554,230.4720971414116,270.6040543550902,0.0080789569474917,0.0035054713152647,0.0765704804034136,0.0524609043146741,-4.757962704187347,4.706413249014705,50.78385416666666,0.5094564551986339,0.0,0.0,0.0465620298693288,0.2556012196738698,-0.0451725783362494,0.1483050847457627,0.0135167071111136,0.8832391713747646,0.0464006363515842,0.6161608027180298,0.0476025282935962,0.0366149595533109,0.3037539961383851,535106000.0,592294000.0,424114000.0,570028000.0,94522500.0,26136500.0,71553000.0,50.31085544328459,51.158127223965366,127.02606531227542,1.7888783485595263,1.7592512643394598,0.7085160024342081,0.0558563000982618,0.0023195407210458,2015-02-19,0.1,amc,124388339.0,2025-04-25,2014-12-31,0.3,4.64046875,10243316.0
2014-09-30,ANET,USD,1596532,2014-11-07,2014-11-06 19:16:18,2014,Q3,155463000.0,54506000.0,100957000.0,0.6493956761,36231000,9896000.0,20956000.0,30852000.0,0.0,67083000.0,121589000.0,0.0,764000.0,2653000.0,35703000.0,0.229655931,33874000.0,0.2178910738,-1588000.0,32286000.0,0.2076764246,10420000.0,21866000.0,0.1406508301,0.0213,0.0188,998432000,1115792000,https://www.sec.gov/Archives/edgar/data/1596532/000159653214000005/0001596532-14-000005-index.htm,https://www.sec.gov/Archives/edgar/data/1596532/000159653214000005/aristanetworksinc2014930-1.htm,0.155707148809333,0.0219003397327008,0.0348125861350597,0.0325991154129675,0.4092376846895932,0.4936961155091183,0.5117243838338514,0.4936961155091183,0.0436634643120412,5511344640.0,5145579640.0,63.01272111954633,35.45116612956137,158.5633419644398,169.3297480643972,11.18096704955348,11.18096704955348,33.098419816933934,144.1217724000784,148.04015305828875,158.0920376059973,0.0039674528501269,0.0059056368501752,0.0868920437716312,0.0619049752631586,-10.2446573117105,5.779706471767064,44.33769633507853,1.5895911460715266,0.0,0.0,0.0636550175926104,0.2330522375098898,-0.0260159593457275,0.06358248460786,0.014215601139821,0.8330192235205428,0.0519866463402867,0.493226656541594,0.038878145214734,0.030802258963801,0.3104625552866895,486555000.0,510922000.0,389390000.0,535546000.0,84004500.0,19922500.0,66827500.0,53.29673298469732,32.76795215205665,103.34330165486368,1.6886588531766291,2.746586041824137,0.8708837298480515,0.0443599595879266,0.0022134707220922,2014-11-06,0.07,amc,108824100.0,2025-04-25,2014-09-30,0.4285714285714285,4.74296875,6060595.75
2014-06-30,ANET,USD,1596532,2014-08-08,2014-08-07 20:40:07,2014,Q2,137947000.0,44567000.0,93380000.0,0.6769266457,34888000,7126000.0,20711000.0,27837000.0,0.0,62725000.0,107292000.0,0.0,2204000.0,2428000.0,36324000.0,0.2633185209,30655000.0,0.2222230277,1037000.0,31692000.0,0.2297404075,10074000.0,21618000.0,0.1567123605,0.0231,0.0213,615856000,704912000,https://www.sec.gov/Archives/edgar/data/1596532/000135027814000011/0001350278-14-000011-index.htm,https://www.sec.gov/Archives/edgar/data/1596532/000135027814000011/aristanetworksinc2014630-1.htm,0.2239922969005741,0.0351023615910212,0.0751100906705463,0.0662184017042945,0.644952716219376,0.7488536281208594,0.7488536281208594,0.7488536281208594,0.0735756410589488,2401838400.0,2047748400.0,27.775908964751597,17.41131304051556,51.92378234645568,58.89601530124322,5.207960345717346,5.207960345717346,14.844457654026549,56.374529236868185,44.2689409170504,50.21329540717491,0.0090006055361593,0.0169790773600755,0.093472048154107,0.0670651453534501,-9.74810042946812,5.75957581837165,13.90880217785844,2.1397446572300862,0.0,0.0,0.0516575206419856,0.2529087258149869,0.0,0.1183820827118057,0.0396964051411049,2.255354200988468,0.0486056238990336,0.7690558781672163,0.0383622217545321,0.0336321404901847,0.5002784741887714,464982000.0,461186000.0,381084000.0,533781000.0,71476500.0,13629000.0,75023000.0,49.549029699812245,40.38862835730473,143.51695200484664,1.816382692966055,2.22835,0.6271036190690606,0.0468747967197616,0.0088916889662518,2014-08-07,,amc,,2025-04-25,2014-06-30,,4.021176470588236,13502780.23529412
2014-03-31,ANET,USD,1596532,2014-03-31,2014-03-30 20:00:00,2014,Q1,117207000.0,35893000.0,81314000.0,0.6937640243,33446000,7231000.0,18655000.0,25886000.0,0.0,59332000.0,95225000.0,0.0,2543000.0,2285000.0,24275000.0,0.2071122032,21982000.0,0.1875485253,-2535000.0,19447000.0,0.1659201242,7118000.0,12329000.0,0.1051899631,0.0063,0.0063,1017318656,1017318656,,,0.115211688401397,0.0121191132466561,0.0173878655381701,0.0143376904709,0.1273190059339676,0.0947864264862159,0.0947864264862159,0.0947864264862159,0.1425266303186717,3499576176.64,3512504176.64,70.96228762754481,29.8580816558738,197.83911903668945,239.92706544906076,36.29211615547352,36.29211615547352,29.96838223519073,144.69636155056642,198.5699687172819,240.81339480597836,0.0035229980368186,0.0041679332764244,1.4772887543037292,0.379403563067466,0.5325643666323377,1.4676576150884213,8.644121116791192,1.4347473436612863,0.0,0.0,0.0616942674072367,0.2853583830317301,0.0,0.17541975238849,0.0264745279718788,1.3579868708971554,0.0407996109447387,0.160768054440945,0.0505639703316597,0.0328367908422401,-0.0587492912348596,93033000.0,96428000.0,12932000.0,160659000.0,74503000.0,13684500.0,76169000.0,51.45281425170852,18.19909174490848,198.0335998662692,1.7491754592803737,4.945301736015431,0.4544683329534807,0.1278570539677272,0.0030501750672701,2014-08-07,0.00733,amc,95501769.0,2025-04-25,2014-03-31,1.7285129604365623,,
2013-12-31,ANET,USD,1596532,2013-12-31,2013-12-30 19:00:00,2013,Q4,114766000.0,37293000.0,77473000.0,0.6750518446,31352000,6204000.0,17412000.0,23616000.0,0.0,54968000.0,92261000.0,0.0,1799000.0,2539000.0,24413000.0,0.2127197951,22505000.0,0.1960946622,-2430000.0,20075000.0,0.1749211439,6333000.0,13742000.0,0.1197392956,0.016175,0.01485,849988960,925051280,,,0.1350205772084381,0.0161672688078207,-0.007020091178596,-0.0126907530657809,0.1384300332559613,0.0914505995466105,0.0914505995466105,0.0914505995466105,0.1691127847119332,2923962022.4,2952243022.4,53.193895037112505,25.477598090026664,-490.02212542316073,-271.06350444053027,37.61593709669119,37.61593709669119,25.7240212467107,120.9291370335477,-494.7616930450813,-273.68527138221936,0.0046997874441339,-0.0036891724028433,1.826081922502959,0.3894025019203336,1.1584401753164295,1.3638938780189545,12.509727626459144,-0.4342162712851113,0.0,0.0,0.0540578220030322,0.2731819528431765,0.0,-0.8077761018937489,0.0419985012982939,1.8983851910200864,0.032762316365474,0.1823907743661793,0.060463898052201,0.0376988916931855,-0.0834654958342047,76179000.0,77732000.0,-1265000.0,143383000.0,73683499.5,23726500.0,62354000.0,64.30397504487392,48.53430938782077,177.0412677982463,1.3996024341760265,1.854358311371886,0.508356052344602,0.1767869088663613,0.0056706618871849,2013-12-30,,amc,,2025-04-25,2013-12-31,,,
2013-09-30,ANET,USD,1596532,2013-09-30,2013-09-29 20:00:00,2013,Q3,101625000.0,36589000.0,65036000.0,0.6399606396,26635000,5242000.0,14523000.0,19765000.0,0.0,46400000.0,82989000.0,0.0,1797000.0,1021000.0,19634000.0,0.193200492,18636000.0,0.1833800738,-1820000.0,16816000.0,0.1654710947,4960000.0,11856000.0,0.1166642066,0.0048,0.0048,1221520000,1283264000,,,0.0831955268845373,0.0097059401401532,0.0260879887353461,0.0233995350055668,0.0982546335712882,0.0456644181020368,0.0456644181020368,0.0456644181020368,0.1170296024625057,4202028800.0,4223165800.0,88.6055330634278,41.34837687576876,131.86144914802145,147.01146835531608,75.33217640731445,75.33217640731445,41.55636703567036,215.09451971070592,132.52473718894154,147.75096385963684,0.0028214942267887,0.006802190408595,2.530602366439584,0.4178331769435013,1.07655088112458,2.7659368012487877,10.370617696160268,2.6878373819163293,0.0,0.0,0.0515817958179581,0.2620910209102091,0.0,0.1030533153418897,0.0323148831488314,3.216454456415279,0.0254268142681426,0.0998617166097661,0.0540664636336458,0.0350944703120791,-0.0714937133653153,167432000.0,55780000.0,-19807000.0,233489000.0,,,,57.89047881918819,67.254639372489,126.303533848971,1.554659796148877,1.3381976446492576,0.712569136090987,0.2125493008246683,0.0026884537297792,2013-09-29,,amc,,2025-04-25,2013-09-30,,,
2013-06-30,ANET,USD,1596532,2013-06-30,2013-06-29 20:00:00,2013,Q2,83485000.0,29584000.0,53901000.0,0.6456369408,21086000,3506000.0,13045000.0,16551000.0,0.0,37637000.0,67221000.0,0.0,1772000.0,767000.0,17030000.0,0.2039887405,16264000.0,0.1948134395,-1773000.0,14491000.0,0.1735760915,4240000.0,10251000.0,0.1227885249,0.0041,0.004,1221520000,1283264000,,,0.068345176501408,0.008392003405593,0.0057805029798939,-0.0028284432510315,,,,,,4202028800.0,,102.47850941371571,50.33274001317602,595.1039229570882,-1216.2167293777134,0.0,0.0,,,,,0.0024395358737189,-0.0008222218752998,0.0,0.0,,0.0,9.178329571106095,0.6888108477221735,0.0,0.0,0.0419955680661196,0.2525723183805474,0.0,1.4893074635320775,0.1259627477990058,13.710560625814862,0.0248308079295681,,0.0,0.0,,,,,,,,,,,,0.0,0.0,0.0,0.0,0.0086089462309254,2013-06-29,,amc,,2025-04-25,2013-06-30,,,
2013-03-31,ANET,USD,1596532,2013-03-31,2013-03-30 20:00:00,2013,Q1,61348000.0,19220000.0,42128000.0,0.6867053531,19514000,3736000.0,10135000.0,13871000.0,0.0,33385000.0,52605000.0,0.0,1751000.0,717000.0,9361000.0,0.1525885114,8743000.0,0.1425148334,-1850000.0,6893000.0,0.1123590011,282000.0,6611000.0,0.1077622742,0.0078,0.0071,849988960,925051280,,,0.0721750550736564,0.0077777480780456,0.0019847316605147,-1.0588372818395194e-05,0.1043013546905362,0.0,0.0,0.022247347777317,0.0020600267561122,2923962022.4,3012617022.4,110.571850794131,47.66189643346157,1733.231785655009,-324884.66915555554,154.6251730512956,154.6251730512956,49.1070128186738,321.82640982800984,1785.783652874926,-334735.2247111111,0.0022609732785016,-3.07801535418465e-06,0.0,0.0,9.470676209806644,0.0,4.993146773272416,0.2551807593404931,0.0,0.0,0.06089848079807,0.3180869792006259,0.0,1.005334914048607,0.0276455630175392,2.365411436541144,0.0283953837125904,0.0623960815626622,0.0,0.0,0.1043013546905362,88655000.0,0.0,88655000.0,88655000.0,24951000.0,5508000.0,12090500.0,0.0,0.0,0.0,0.0,0.0,0.0,0.3496033844526705,0.0019953200333331,2013-03-30,,amc,,2025-04-25,2013-03-31,,,
2012-12-31,ANET,USD,1596532,2012-12-31,2012-12-30 19:00:00,2012,Q4,57341000.0,15990000.0,41351000.0,0.7211419403,18548000,2931000.0,8833000.0,11764000.0,0.0,30312000.0,46302000.0,1719000.0,0.0,555000.0,11594000.0,0.2021938927,11039000.0,0.1925149544,-1719000.0,9320000.0,0.162536405,3040000.0,2922000.0,0.0509583021,0.007,0.006925,416907436,421611792,,,0.1375389236281216,0.007008750019033,0.0191265477932132,0.0169821869044331,0.212649121470695,0.0453577901642416,0.0453577901642416,0.0453577901642416,0.0,1434161579.84,1345506579.84,122.70376281998632,25.011101652220923,179.85472533734637,202.56519489265537,75.84143732628239,75.84143732628239,23.4650002588026,116.05197342073484,168.7367168096313,190.0433022372881,0.0020374273311142,0.0049366822396607,0.0,0.0,-7.646627565982405,3.821326891553792,0.0,1.2697452229299364,0.0,0.0,0.0511152578434279,0.3234683734151828,0.0,0.1121143717080511,0.015590938421025,1.6108108108108108,0.025165239531923,0.0845741200677298,0.0460992360731004,0.0132716834417354,-0.1513189608832019,130808000.0,18910000.0,-24086000.0,161354000.0,,,,78.32406131738198,62.003752345215766,136.1031894934334,1.1490721814756923,1.451525054466231,0.6612629750630661,0.1545214172395557,0.0021443608887801,2012-12-30,,amc,,2025-04-25,2012-12-31,,,
