date,symbol,reportedCurrency,cik,fillingDate,acceptedDate,calendarYear,period,revenue,costOfRevenue,grossProfit,grossProfitRatio,researchAndDevelopmentExpenses,generalAndAdministrativeExpenses,sellingAndMarketingExpenses,sellingGeneralAndAdministrativeExpenses,otherExpenses,operatingExpenses,costAndExpenses,interestIncome,interestExpense,depreciationAndAmortization,ebitda,ebitdaratio,operatingIncome,operatingIncomeRatio,totalOtherIncomeExpensesNet,incomeBeforeTax,incomeBeforeTaxRatio,incomeTaxExpense,netIncome,netIncomeRatio,eps,epsdiluted,weightedAverageShsOut,weightedAverageShsOutDil,link,finalLink,revenuePerShare,netIncomePerShare,operatingCashFlowPerShare,freeCashFlowPerShare,cashPerShare,bookValuePerShare,tangibleBookValuePerShare,shareholdersEquityPerShare,interestDebtPerShare,marketCap,enterpriseValue,peRatio,priceToSalesRatio,pocfratio,pfcfRatio,pbRatio,ptbRatio,evToSales,enterpriseValueOverEBITDA,evToOperatingCashFlow,evToFreeCashFlow,earningsYield,freeCashFlowYield,debtToEquity,debtToAssets,netDebtToEBITDA,currentRatio,interestCoverage,incomeQuality,dividendYield,payoutRatio,salesGeneralAndAdministrativeToRevenue,researchAndDdevelopementToRevenue,intangiblesToTotalAssets,capexToOperatingCashFlow,capexToRevenue,capexToDepreciation,stockBasedCompensationToRevenue,grahamNumber,roic,returnOnTangibleAssets,grahamNetNet,workingCapital,tangibleAssetValue,netCurrentAssetValue,investedCapital,averageReceivables,averagePayables,averageInventory,daysSalesOutstanding,daysPayablesOutstanding,daysOfInventoryOnHand,receivablesTurnover,payablesTurnover,inventoryTurnover,roe,capexPerShare,report_date,epsEstimated,time,revenueEstimated,updatedFromDate,fiscalDateEnding,surprise(%),QuarterAvgPrice,QuarterAvgVolume
2025-03-31,AON,USD,315293,2025-04-25,2025-04-25 16:04:45,2025,Q1,4729000000.0,2249000000.0,2480000000.0,0.5244237682,0,0.0,0.0,551000000.0,468000000.0,1019000000.0,3268000000.0,5000000.0,206000000.0,245000000.0,1836000000.0,0.3882427575,1461000000.0,0.3089448086,-211000000.0,1250000000.0,0.2643264961,268000000.0,965000000.0,0.204060055,4.46,4.43,216400000,217900000,https://www.sec.gov/Archives/edgar/data/315293/000162828025019927/0001628280-25-019927-index.htm,https://www.sec.gov/Archives/edgar/data/315293/000162828025019927/aon-20250331.htm,21.85304990757856,4.459334565619224,0.6469500924214417,0.388170055452865,6.146025878003697,33.613678373382626,-70.64695009242145,32.36598890942699,86.48798521256931,86363076000.0,103909076000.0,22.37385388601036,18.26243941636709,616.8791142857143,1028.1318571428571,12.330536264991432,12.330536264991432,21.972737576654684,56.595357298474944,742.2076857142857,1237.0128095238094,0.0111737567105645,0.0009726378898315,2.642775556824672,0.367962786259542,9.556644880174291,1.0463292332747611,7.092233009708738,0.1425661914460285,0.0017021163072051,0.1523316062176165,0.0,0.0,0.4485130407124681,0.4,0.0118418270247409,0.2285714285714285,0.031084795939945,56.98633515695464,0.0405297362194992,0.0347848028260399,-139.37731053604438,1081000000.0,-15288000000.0,-18616000000.0,25009000000.0,9594000000.0,1452500000.0,-67500000.0,292.79974624656376,0.0,0.0,0.3073773155671108,0.0,0.0,0.1377784123358081,0.2587800369685767,2025-04-25,6.01,bmo,4867952475.0,2025-05-11,2025-03-31,-0.0565723793677204,383.4136666666666,1158733.4833333334
2024-12-31,AON,USD,315293,2025-02-18,2025-02-18 16:47:00,2024,Q4,4147000000.0,2120000000.0,2027000000.0,0.488787075,0,506000000.0,0.0,506000000.0,430000000.0,936000000.0,3056000000.0,4000000.0,206000000.0,232000000.0,1329000000.0,0.3204726308,1091000000.0,0.2630817458,-200000000.0,891000000.0,0.2148541114,157000000.0,716000000.0,0.1726549313,3.31,3.28,216600000,218300000,https://www.sec.gov/Archives/edgar/data/315293/000162828025006093/0001628280-25-006093-index.htm,https://www.sec.gov/Archives/edgar/data/315293/000162828025006093/aon-20241231.htm,19.14589104339797,3.3056325023084026,5.54016620498615,5.286241920590951,6.020313942751616,29.68605724838412,-71.77746999076639,28.259464450600184,82.67313019390582,77794056000.0,94410056000.0,27.16272905027933,18.75911646973716,64.82838,67.94240698689957,12.709370364319556,12.709370364319556,22.765868338557997,71.03841685477803,78.67504666666666,82.45419737991267,0.009203788011773,0.0147183481473186,2.891847737297827,0.361503114469519,12.502633559066968,1.0190041313328984,5.296116504854369,1.6348773841961852,0.0018767500694397,0.2039106145251396,0.1220159151193634,0.0,0.4488307975084243,0.0458333333333333,0.013262599469496,0.2370689655172413,0.02724861345551,45.84590051661095,0.0336349200288923,0.0265303097673039,-177.4988457987073,437000000.0,-15547000000.0,-19103000000.0,23762000000.0,8770000000.0,2746500000.0,-67500000.0,82.5343621895346,123.3254716981132,-5.731132075471698,1.0904549040231395,0.729776247848537,-15.703703703703704,0.1169743505963078,0.2539242843951985,2025-01-31,4.25,bmo,4202199262.0,2025-05-01,2024-12-31,0.0399999999999999,367.7015625,1010275.171875
2024-09-30,AON,USD,315293,2024-10-25,2024-10-25 16:05:01,2024,Q3,3721000000.0,2150000000.0,1571000000.0,0.4221983338,0,531000000.0,0.0,531000000.0,417000000.0,948000000.0,3098000000.0,4000000.0,213000000.0,221000000.0,883000000.0,0.2373018006,623000000.0,0.1674281107,-174000000.0,449000000.0,0.1206664875,94000000.0,343000000.0,0.0921795216,1.58,1.57,217400000,218400000,https://www.sec.gov/Archives/edgar/data/315293/000162828024043809/0001628280-24-043809-index.htm,https://www.sec.gov/Archives/edgar/data/315293/000162828024043809/aon-20240930.htm,17.115915363385465,1.577736890524379,4.659613615455382,4.37442502299908,5.975160993560258,30.14259429622815,-72.89788408463662,28.721251149954004,83.78104875804968,75218226000.0,92116226000.0,54.82377988338193,20.21451921526472,74.25293780848963,79.09382334384858,12.046480781550288,12.046480781550288,24.75577156678312,104.32188674971688,90.9340829220138,96.86248790746582,0.0045600650033942,0.0126432122980406,2.8829276105060857,0.3608499548962614,19.137032842582105,1.0703683591275228,2.924882629107981,2.853521126760564,0.0019543135728832,0.4285714285714285,0.1427035743079817,0.0,0.4490528214894256,0.0612043435340572,0.0166621875839828,0.2805429864253393,0.0306369255576457,31.930831391136824,0.0176006711596332,0.0124799883568621,-145.9533118675253,1555000000.0,-15848000000.0,-19679000000.0,25356000000.0,14894500000.0,2453500000.0,0.0,332.25745767266864,108.33488372093024,0.0,0.2708742811385309,0.8307573415765069,0.0,0.0549327354260089,0.2851885924563017,2024-10-25,2.48,bmo,3687464942.0,2025-04-25,2024-09-30,0.0967741935483871,327.15734375,993329.03125
2024-06-30,AON,USD,315293,2024-07-26,2024-07-26 16:22:37,2024,Q2,3760000000.0,2130000000.0,1630000000.0,0.4335106383,0,548000000.0,0.0,548000000.0,426000000.0,974000000.0,3104000000.0,31000000.0,225000000.0,173000000.0,1096000000.0,0.2914893617,656000000.0,0.1744680851,42000000.0,698000000.0,0.1856382979,160000000.0,524000000.0,0.1393617021,2.47,2.46,212500000,213300000,https://www.sec.gov/Archives/edgar/data/315293/000162828024033161/0001628280-24-033161-index.htm,https://www.sec.gov/Archives/edgar/data/315293/000162828024033161/aon-20240630.htm,17.694117647058825,2.4658823529411764,2.4141176470588235,2.164705882352941,5.44,28.97882352941177,-74.90352941176471,27.576470588235296,88.20705882352941,62366625000.0,79911625000.0,29.755069179389317,16.58686835106383,121.57236842105264,135.5796195652174,10.642768771331058,10.642768771331058,21.253091755319147,72.91206660583941,155.77314814814815,173.7209239130435,0.0084019297180182,0.0073757398287946,3.160238907849829,0.3599207043321089,16.008211678832115,1.0870286832921952,2.915555555555556,0.9790076335877864,0.0023409956847913,0.2786259541984733,0.1457446808510638,0.0,0.4290323207587507,0.1033138401559454,0.014095744680851,0.3063583815028902,0.0311170212765957,39.11530996999056,0.0179542471118288,0.0178364762747634,-151.05882352941177,2045000000.0,-15917000000.0,-19752000000.0,25496000000.0,10053000000.0,2055500000.0,0.0,384.2234042553192,97.98591549295774,0.0,0.2342387241465238,0.9184993531694696,0.0,0.089419795221843,0.2494117647058823,2024-07-26,3.08,bmo,3736742633.0,2025-04-25,2024-06-30,-0.0487012987012986,295.67253968253965,1604124.0
2024-03-31,AON,USD,315293,2024-04-26,2024-04-26 16:09:07,2024,Q1,4070000000.0,1883000000.0,2187000000.0,0.5373464373,0,429000000.0,0.0,429000000.0,293000000.0,722000000.0,2605000000.0,28000000.0,144000000.0,60000000.0,1628000000.0,0.4,1465000000.0,0.35995086,-41000000.0,1424000000.0,0.3498771499,331000000.0,1071000000.0,0.2631449631,5.38,5.35,199100000,200100000,https://www.sec.gov/Archives/edgar/data/315293/000162828024018649/0001628280-24-018649-index.htm,https://www.sec.gov/Archives/edgar/data/315293/000162828024018649/aon-20240331.htm,20.441988950276244,5.3792064289301855,1.5519839276745353,1.3108990457056755,32.18483174284279,-0.1406328478151682,-42.92817679558011,-0.6680060271220493,87.69964841788047,65621368999.99999,81943369000.0,15.317779878618111,16.123186486486485,212.36688996763755,251.42286973180072,-493.3937518796991,-493.3937518796991,20.133505896805897,50.33376474201474,265.18889644012944,313.9592681992337,0.0163209030277926,0.0039773629227393,-130.203007518797,0.424779846444428,10.025798525798526,1.3107427420093416,10.17361111111111,0.2885154061624649,0.0018743894233599,0.1148459383753501,0.1054054054054054,0.0,0.2089680378737704,0.1553398058252427,0.0117936117936117,0.8,0.0319410319410319,,0.0570391500137357,0.0332113619449268,-157.4409844299347,6786000000.0,-8547000000.0,-12171000000.0,16544000000.0,3671500000.0,2027000000.0,0.0,89.64619164619164,85.65055762081784,0.0,1.0039467192895906,1.05078125,0.0,-8.052631578947368,0.2410848819688598,2024-04-26,5.91,bmo,4135896222.0,2025-04-25,2024-03-31,-0.0423011844331641,310.02934426229507,1011441.5901639344
2023-12-31,AON,USD,315293,2024-04-17,2024-04-17 17:00:21,2023,Q4,3375000000.0,1671000000.0,1704000000.0,0.5048888889,0,618000000.0,0.0,618000000.0,307000000.0,925000000.0,2596000000.0,12000000.0,124000000.0,67000000.0,800000000.0,0.237037037,779000000.0,0.2308148148,-170000000.0,609000000.0,0.1804444444,102000000.0,498000000.0,0.1475555556,2.49,2.47,200300000,202000000,https://www.sec.gov/Archives/edgar/data/315293/000119312524099218/0001193125-24-099218-index.htm,https://www.sec.gov/Archives/edgar/data/315293/000119312524099218/d718867d10ka.htm,16.849725411882176,2.486270594108837,6.295556665002496,6.050923614578132,5.726410384423365,-3.704443334997504,-46.87968047928108,-4.123814278582127,60.68896655017474,58291306000.0,69545306000.0,29.262703815261045,17.271498074074074,46.226253766851706,48.09513696369637,-70.57058837772396,-70.57058837772396,20.606016592592592,86.9316325,55.15091673275178,57.38061551155115,0.0085432980348733,0.0207921229282459,-14.566585956416464,0.3543096086457198,14.0675,1.0024479238834234,6.282258064516129,2.532128514056225,0.002110091683312,0.2469879518072289,0.1831111111111111,0.0,0.2546600312141111,0.0388580491673275,0.0145185185185185,0.7313432835820896,0.0346666666666666,,0.0473584850004424,0.019675240014223,-155.20344483275088,53000000.0,-9390000000.0,-12997000000.0,10015000000.0,3294500000.0,2005500000.0,7982500000.0,87.70666666666666,121.83123877917414,0.0,1.0261477652782,0.7387267904509284,0.0,-0.6029055690072639,0.2446330504243634,2024-02-02,4.07,bmo,3356360000.0,2025-04-25,2023-12-31,-0.0442260442260442,320.0992063492063,978300.619047619
2023-09-30,AON,USD,315293,2023-10-27,2023-10-27 16:10:19,2023,Q3,2953000000.0,1685000000.0,1268000000.0,0.4293938368,0,392000000.0,0.0,392000000.0,185000000.0,577000000.0,2262000000.0,9000000.0,119000000.0,62000000.0,741000000.0,0.2509312563,691000000.0,0.2339993227,-131000000.0,560000000.0,0.1896376566,93000000.0,456000000.0,0.1544192347,2.25,2.23,202900000,204600000,https://www.sec.gov/Archives/edgar/data/315293/000162828023035412/0001628280-23-035412-index.htm,https://www.sec.gov/Archives/edgar/data/315293/000162828023035412/aon-20230930.htm,14.553967471660917,2.247412518482011,5.1404632824051255,4.854608181370133,4.844751108920651,-2.395268605224248,-44.27304090685067,-2.8881222276983736,59.19172005914243,65784238000.00001,76867238000.0,36.06591995614036,22.277087030138844,63.07213614573347,66.78602842639594,-112.25979180887371,-112.25979180887371,26.0302194378598,103.73446423751687,73.69821476510067,78.03780507614213,0.0069317516454321,0.0149731916025233,-20.291808873720136,0.3591145204155593,14.956815114709851,1.019447929736512,5.80672268907563,2.233404710920771,0.0019001512185943,0.2741228070175439,0.1327463596342702,0.0,0.2566139164049287,0.0556088207094918,0.0196410430071114,0.935483870967742,0.0321706738909583,,0.0415971011952026,0.0185252894576477,-109.2040413997043,403000000.0,-8983000000.0,-12473000000.0,10198000000.0,3532000000.0,1687000000.0,17079000000.0,100.57568574331188,93.41839762611276,852.7299703264094,0.8948484848484849,0.9634076615208692,0.1055433761352959,-0.7781569965870307,0.2858551010349926,2023-10-27,2.21,bmo,2887010000.0,2025-04-25,2023-09-30,0.0497737556561085,330.8515873015873,727723.2222222222
2023-06-30,AON,USD,315293,2023-07-28,2023-07-28 16:59:31,2023,Q2,3177000000.0,1754000000.0,1423000000.0,0.4479068303,0,431000000.0,0.0,431000000.0,150000000.0,581000000.0,2335000000.0,5000000.0,130000000.0,64000000.0,852000000.0,0.268177526,842000000.0,0.2650299024,-184000000.0,658000000.0,0.2071136292,83000000.0,560000000.0,0.1762669185,2.74,2.71,204700000,206300000,https://www.sec.gov/Archives/edgar/data/315293/000162828023026117/0001628280-23-026117-index.htm,https://www.sec.gov/Archives/edgar/data/315293/000162828023026117/aon-20230630.htm,15.52027357107963,2.7357107962872496,3.3610161211529066,3.0239374694675134,5.627747923790913,0.7914020517830972,-41.3580850024426,0.3175378602833414,59.26722032242306,70662440000.0,81712440000.0,31.545732142857144,22.24187598363236,102.70703488372094,114.15579967689824,1087.1144615384617,1087.1144615384617,25.72,95.90661971830986,118.76808139534884,132.00717285945072,0.0079250023067417,0.0087599579069163,184.64615384615385,0.3329357263724375,12.969483568075118,1.0435748834371867,6.476923076923077,1.1965217391304348,0.0017831255190168,0.225,0.1356625747560591,0.0,0.2393408971122638,0.1002906976744186,0.0217186024551463,1.078125,0.0311614730878186,4.421036579090871,0.0503207682640015,0.0204223040735202,-111.45823155837812,1000000000.0,-8466000000.0,-11938000000.0,10945000000.0,3738500000.0,1653000000.0,17411000000.0,106.62889518413596,83.38084378563285,933.5062713797035,0.844048884165781,1.0793846153846154,0.0964107074149398,8.615384615384615,0.3370786516853932,2023-07-28,2.84,bmo,3170260000.0,2025-04-25,2023-06-30,-0.028169014084507,324.75548387096774,848094.1612903225
2023-03-31,AON,USD,315293,2023-04-28,2023-04-28 16:13:13,2023,Q1,3871000000.0,1792000000.0,2079000000.0,0.5370705244,0,421000000.0,0.0,421000000.0,185000000.0,606000000.0,2398000000.0,5000000.0,111000000.0,63000000.0,1516000000.0,0.3916300697,1473000000.0,0.380521829,-131000000.0,1342000000.0,0.3466804443,263000000.0,1050000000.0,0.2712477396,5.09,5.07,206100000,207100000,https://www.sec.gov/Archives/edgar/data/315293/000162828023014187/0001628280-23-014187-index.htm,https://www.sec.gov/Archives/edgar/data/315293/000162828023014187/aon-20230331.htm,18.78214459000485,5.094614264919942,2.1494420184376515,1.7806889859291606,6.263949539058709,0.2814167879670063,-42.14459000485201,-0.3396409509946628,58.92285298398835,64981269000.00001,75895269000.0,15.471730714285714,16.78668793593387,146.6845801354402,177.06067847411447,-928.3038428571429,-928.3038428571429,19.606114440712997,50.06284234828496,171.32114898419866,206.79909809264305,0.0161585025370926,0.0056477813629647,-171.9,0.3512976965521268,7.199208443271768,1.0752124302015051,13.27027027027027,0.4105653382761816,0.0017697407540625,0.1095238095238095,0.1087574270214414,0.0,0.2552769100516743,0.1715575620767494,0.0196331697235856,1.2063492063492065,0.0328080599328338,,0.0810350409644869,0.0411619428437022,-105.79694323144103,1549000000.0,-8686000000.0,-12051000000.0,11582000000.0,3374000000.0,1897500000.0,16264500000.0,86.3265306122449,84.42522321428571,835.1618303571428,1.0425531914893618,1.0660321237358714,0.1077635456130855,-15.0,0.368753032508491,2023-04-28,5.32,bmo,3844190000.0,2025-04-25,2023-03-31,-0.0281954887218045,309.53225806451616,843025.7903225806
2022-12-31,AON,USD,315293,2023-02-17,2023-02-17 17:07:28,2022,Q4,3130000000.0,1539000000.0,1591000000.0,0.5083067093,0,549000000.0,0.0,549000000.0,30000000.0,579000000.0,2118000000.0,3000000.0,110000000.0,62000000.0,881000000.0,0.2814696486,1012000000.0,0.3233226837,-303000000.0,709000000.0,0.2265175719,43000000.0,657000000.0,0.2099041534,3.17,3.14,207500000,209300000,https://www.sec.gov/Archives/edgar/data/315293/000162828023004087/0001628280-23-004087-index.htm,https://www.sec.gov/Archives/edgar/data/315293/000162828023004087/aon-20221231.htm,15.08433734939759,3.166265060240964,5.021686746987951,4.68433734939759,5.5036144578313255,-2.067469879518072,-44.18313253012048,-2.549397590361446,55.77349397590361,62279050000.0,73052050000.0,23.69826864535769,19.897460063897764,59.76876199616123,64.07309670781893,-117.7297731568998,-117.7297731568998,23.339313099041533,82.91946651532349,70.10753358925145,75.15643004115226,0.0105492938636668,0.0156071744832331,-21.669187145557657,0.3505075831702544,12.228149829738934,1.020535802225943,9.2,1.5645645645645645,0.0018625846091101,0.1765601217656012,0.1753993610223642,0.0,0.2672150195694716,0.0671785028790787,0.0223642172523961,1.1290322580645162,0.0297124600638977,,0.0702656081941097,0.0274149801794283,-104.89036144578311,417000000.0,-9168000000.0,-12410000000.0,10413000000.0,7133000000.0,1956000000.0,11862499528.5,87.26837060702876,123.62573099415204,929.8245614035088,1.031301482701812,0.728003784295175,0.0967924528301886,-1.2419659735349715,0.3373493975903614,2023-02-03,3.65,bmo,3131707146.0,2025-04-25,2022-12-31,0.0657534246575343,292.19761904761907,797789.4444444445
2022-09-30,AON,USD,315293,2022-10-28,2022-10-28 16:13:13,2022,Q3,2696000000.0,1532000000.0,1164000000.0,0.4317507418,0,373000000.0,0.0,373000000.0,201000000.0,574000000.0,2106000000.0,7000000.0,103000000.0,71000000.0,684000000.0,0.2537091988,590000000.0,0.21884273,-80000000.0,510000000.0,0.1891691395,92000000.0,408000000.0,0.1513353116,1.93,1.92,210900000,212600000,https://www.sec.gov/Archives/edgar/data/315293/000162828022027307/0001628280-22-027307-index.htm,https://www.sec.gov/Archives/edgar/data/315293/000162828022027307/aon-20220930.htm,12.783309625414889,1.934566145092461,4.959696538643907,4.684684684684685,4.47131341868184e-06,-3.176861071597913,-43.172119487908965,-3.712660028449502,55.99810336652442,56493783000.0,68200782308.0,34.616288602941175,20.95466728486647,54.009352772466535,57.17994230769231,-72.15042528735633,-72.15042528735633,25.297026078635017,99.70874606432749,65.20151272275335,69.02913189068826,0.0072220336173982,0.0174886500342878,-14.9514687100894,0.3749479550331486,17.115496064327484,1.02611301369863,5.728155339805825,2.502392344497608,0.0020887254089534,0.2892156862745098,0.1383531157270029,0.0,0.2701534125484418,0.0554493307839388,0.021513353115727,0.8169014084507042,0.0344955489614243,,0.0360173266386846,0.0179041600842548,-92.73233536510196,488000000.0,-9105000000.0,-12717000000.0,10149000000.0,7473500000.0,1763000000.0,12533999528.5,374.9221068249258,105.6266318537859,459.6931560900783,0.2400498619891372,0.8520578420467185,0.195782771197847,-0.5210727969348659,0.2750118539592224,2022-10-28,1.99,bmo,2808803364.0,2025-04-25,2022-09-30,0.0150753768844221,282.6809375,813379.46875
2022-06-30,AON,USD,315293,2022-07-29,2022-07-29 16:06:33,2022,Q2,2983000000.0,1639000000.0,1344000000.0,0.4505531344,0,467000000.0,0.0,467000000.0,177000000.0,644000000.0,2283000000.0,5000000.0,102000000.0,65000000.0,800000000.0,0.2681863895,700000000.0,0.2346630908,-67000000.0,633000000.0,0.2122024807,119000000.0,501000000.0,0.1679517264,2.35,2.33,213300000,214700000,https://www.sec.gov/Archives/edgar/data/315293/000162828022019828/0001628280-22-019828-index.htm,https://www.sec.gov/Archives/edgar/data/315293/000162828022019828/aon-20220630.htm,13.984997655883731,2.3488045007032348,3.13173933427098,2.9207688701359587,4.608532583216127,3.694327238631036,-37.49648382559775,3.2067510548523206,53.605250820440695,57522744000.0,68114744000.0,28.70396407185629,19.28352128729467,86.11189221556886,92.33185232744783,84.09757894736842,84.09757894736842,22.834309084813945,85.14343,101.96817964071856,109.33345746388444,0.0087095984155415,0.0108304986285077,16.567251461988302,0.3263824884792626,13.24,1.0517151397257674,6.862745098039215,1.2996108949416345,0.0020687469290407,0.2375249500998004,0.1565538048944016,0.0,0.253052995391705,0.0673652694610778,0.0150854844116661,0.6923076923076923,0.030841434797184,13.018091430049164,0.0389825405240193,0.0193182694532274,-100.98687294889828,1090000000.0,-7998000000.0,-11765000000.0,11137000000.0,3694500000.0,1728000000.0,16453000000.0,112.11532014750252,94.88712629652228,946.8395363026236,0.8027448869752422,0.9484953703703703,0.0950530650118888,0.7324561403508771,0.2109704641350211,2022-07-29,2.56,bmo,3012166073.0,2025-04-25,2022-06-30,0.0273437499999999,287.43451612903226,992196.8548387096
2022-03-31,AON,USD,315293,2022-04-29,2022-04-29 16:08:58,2022,Q1,3670000000.0,1767000000.0,1903000000.0,0.5185286104,0,350000000.0,0.0,350000000.0,186000000.0,536000000.0,2303000000.0,3000000.0,91000000.0,66000000.0,1461000000.0,0.3980926431,1367000000.0,0.372479564,-63000000.0,1304000000.0,0.3553133515,256000000.0,1023000000.0,0.278746594,4.75,4.73,215300000,216400000,https://www.sec.gov/Archives/edgar/data/315293/000162828022011520/0001628280-22-011520-index.htm,https://www.sec.gov/Archives/edgar/data/315293/000162828022011520/aon-20220331.htm,17.045982350209012,4.751509521597771,2.150487691593126,2.0436600092893635,4.876915931258709,5.996284254528565,-35.92661402693916,5.466790524849048,52.763585694379934,70108139000.0,80782139000.0,17.132976295210167,19.10303514986376,151.42146652267817,159.33667954545456,59.56511384876805,59.56511384876805,22.01148201634877,55.292360711841205,174.47546220302377,183.59577045454543,0.0145917437631599,0.0062760188228644,9.574341546304163,0.3364784568988683,7.305954825462012,1.0706654854343634,15.021978021978022,0.4417938931297709,0.0015690047057161,0.1075268817204301,0.0953678474114441,0.0,0.2695052402137888,0.0496760259179265,0.006267029972752,0.3484848484848485,0.032425068119891,24.175378232956696,0.0727185532062808,0.041814837522992,-95.51207617278216,1356000000.0,-7735000000.0,-11655000000.0,11708000000.0,3383500000.0,1960000000.0,15024500000.0,90.07356948228885,88.01358234295417,797.7758913412564,0.999183228968146,1.0225694444444444,0.1128136372342463,0.8691588785046729,0.1068276823037621,2022-04-29,4.81,bmo,3724877900.0,2025-04-25,2022-03-31,0.0041580041580042,290.86161290322576,1353938.5967741937
2021-12-31,AON,USD,315293,2022-02-18,2022-02-18 16:07:56,2021,Q4,3080000000.0,1556000000.0,1524000000.0,0.4948051948,0,335000000.0,0.0,335000000.0,215000000.0,550000000.0,2106000000.0,2000000.0,85000000.0,76000000.0,1197000000.0,0.3886363636,974000000.0,0.3162337662,62000000.0,1036000000.0,0.3363636364,163000000.0,863000000.0,0.2801948052,3.94,3.9,219300000,221200000,https://www.sec.gov/Archives/edgar/data/315293/000162828022003180/0001628280-22-003180-index.htm,https://www.sec.gov/Archives/edgar/data/315293/000162828022003180/aon-20211231.htm,14.04468764249886,3.935248518011856,4.245326037391701,4.085727314181487,3.812129502963976,5.280437756497948,-35.421796625627,4.83812129502964,46.73506611947104,65912808000.0,75532808000.0,19.09409269988413,21.400262337662337,70.79786036519872,73.56340178571429,62.12328746465598,62.12328746465598,24.52363896103896,63.101761069340014,81.13083566058002,84.30000892857143,0.0130930546912824,0.0135937161105319,9.579641847313855,0.3183412678526685,8.036758563074352,0.9978503643894512,11.458823529411765,1.0664375715922108,0.0016992145138164,0.1297798377752027,0.1087662337662337,0.0,0.2795665246805311,0.037593984962406,0.0113636363636363,0.4605263157894737,0.0334415584415584,20.697396388558328,0.0576696758189169,0.0375184766542039,-93.11673506611947,-41000000.0,-7768000000.0,-11738000000.0,10200000000.0,3143000000.0,2093500000.0,14460000000.0,90.4090909090909,126.78663239074552,832.095115681234,0.995475113122172,0.7098540145985401,0.1081607118031419,0.8133836003770029,0.1595987232102143,2022-02-04,3.35,bmo,3151709000.0,2025-04-25,2021-12-31,0.1074626865671641,299.79390625,1271899.734375
2021-09-30,AON,USD,315293,2021-10-29,2021-10-29 16:14:10,2021,Q3,2702000000.0,1835000000.0,867000000.0,0.3208734271,0,1446000000.0,0.0,1446000000.0,222000000.0,1668000000.0,3503000000.0,3000000.0,80000000.0,92000000.0,-696000000.0,-0.2575869726,-801000000.0,-0.2964470762,-67000000.0,-868000000.0,-0.3212435233,23000000.0,-900000000.0,-0.3330866025,-3.99,-3.99,225400000,225400000,https://www.sec.gov/Archives/edgar/data/315293/000162828021020852/0001628280-21-020852-index.htm,https://www.sec.gov/Archives/edgar/data/315293/000162828021020852/aon-20210930.htm,11.987577639751551,-3.992901508429459,-0.417036379769299,-0.5590062111801242,4.0771960958296365,10.199645075421474,-30.066548358473824,9.800354924578526,42.43566992014197,64412557999.99999,73288558000.0,-17.892377222222223,23.83884455958549,-685.2399787234042,-511.2107777777777,29.15914803078316,29.15914803078316,27.123818652849742,-105.29965229885056,-779.6655106382979,-581.6552222222223,-0.0139724306555252,-0.0019561402917735,4.293798098687189,0.2981204425446316,-12.75287356321839,1.0702455739577383,-10.0125,0.1054994388327721,0.0018008910622677,-0.1288888888888889,0.5351591413767579,0.0,0.2852652753331657,-0.3404255319148936,0.0118430792005921,0.3478260869565217,0.0481125092524056,,-0.0560365742777809,-0.0395778364116095,-84.0150842945874,1230000000.0,-6777000000.0,-10777000000.0,11740000000.0,3411000000.0,1843500000.0,15348000000.0,106.32124352331606,97.8474114441417,712.8392370572208,0.8464912280701754,0.9197994987468672,0.1262556763451217,-0.4074241738343142,0.1419698314108252,2021-10-29,1.67,bmo,2597090000.0,2025-04-25,2021-09-30,0.0419161676646707,268.63109375,1910764.65625
2021-06-30,AON,USD,315293,2021-07-30,2021-07-30 16:33:19,2021,Q2,2886000000.0,1628000000.0,1258000000.0,0.4358974359,0,394000000.0,0.0,394000000.0,192000000.0,586000000.0,2214000000.0,3000000.0,78000000.0,77000000.0,751000000.0,0.2602217602,672000000.0,0.2328482328,-76000000.0,596000000.0,0.2065142065,203000000.0,379000000.0,0.1313236313,1.67,1.66,227000000,228000000,https://www.sec.gov/Archives/edgar/data/315293/000162828021015069/0001628280-21-015069-index.htm,https://www.sec.gov/Archives/edgar/data/315293/000162828021015069/aon-20210630.htm,12.713656387665198,1.669603524229075,3.4537444933920707,3.2731277533039647,6.079295154185022,20.11894273127753,-20.51101321585903,19.65638766519824,37.38766519823788,54198520000.0,61516520000.0,35.75100263852242,18.77980595980596,69.13076530612244,72.94551816958277,12.146687584043027,12.146687584043027,21.315495495495497,81.91280958721704,78.46494897959184,82.79477792732168,0.0069928108738024,0.0137088614227842,1.884580905423577,0.2431752458068247,9.744340878828227,1.1241084165477888,8.615384615384615,1.994910941475827,0.0021218291569585,0.3034300791556728,0.1365211365211365,0.0,0.2667148640832851,0.0522959183673469,0.0142065142065142,0.5324675324675324,0.0294525294525294,27.173763406770284,0.027879331443295,0.0149465630792286,-78.54405286343612,2349000000.0,-4656000000.0,-8737000000.0,13096000000.0,3600500000.0,1660000000.0,15207500000.0,113.2016632016632,93.53808353808354,893.4766584766585,0.7950413223140496,0.9621749408983452,0.100730107659943,0.0849394890183774,0.1806167400881057,2021-07-30,1.8,bmo,2692730000.0,2025-04-25,2021-06-30,0.2722222222222222,244.38603174603173,1772287.126984127
2021-03-31,AON,USD,315293,2021-04-30,2021-04-30 16:07:18,2021,Q1,3525000000.0,1719000000.0,1806000000.0,0.5123404255,0,366000000.0,0.0,366000000.0,195000000.0,561000000.0,2280000000.0,3000000.0,79000000.0,81000000.0,1327000000.0,0.3764539007,1245000000.0,0.3531914894,-78000000.0,1167000000.0,0.3310638298,234000000.0,913000000.0,0.2590070922,4.02,4.0,227100000,228100000,https://www.sec.gov/Archives/edgar/data/315293/000162828021008451/0001628280-21-008451-index.htm,https://www.sec.gov/Archives/edgar/data/315293/000162828021008451/aon-20210331.htm,15.521796565389696,4.020255394099515,2.4702774108322325,2.3425803610744165,4.372523117569353,19.20299427564949,-21.224130339057684,18.758256274768826,37.32716864817261,52257981000.0,59833981000.0,14.30941429353779,14.82495914893617,93.15148128342248,98.22928759398496,12.267131690140843,12.267131690140843,16.9741790070922,45.089661642803314,106.6559376114082,112.46988909774436,0.0174710155755921,0.010180263183149,1.9713615023474176,0.261010101010101,5.709118311981914,1.1237591392736137,15.759493670886076,0.6012861736334405,0.0019901266373073,0.1139101861993428,0.1038297872340425,0.0,0.2853457653457653,0.0516934046345811,0.0082269503546099,0.3580246913580246,0.0371631205673758,41.19213604417912,0.063911641015297,0.039706010263547,-74.9284456186702,2082000000.0,-4820000000.0,-8909000000.0,12796000000.0,3320500000.0,1822000000.0,14021500000.0,91.17446808510638,85.23560209424083,746.2303664921466,0.9871184542145056,1.055896805896806,0.1206061881709113,0.214319248826291,0.1276970497578159,2021-04-30,4.05,bmo,3348170000.0,2025-04-25,2021-03-31,0.0567901234567902,220.1250819672131,1733791.475409836
2020-12-31,AON,USD,315293,2021-02-19,2021-02-19 16:59:44,2020,Q4,2965000000.0,1635000000.0,1330000000.0,0.4485666105,0,401000000.0,0.0,401000000.0,216000000.0,617000000.0,2252000000.0,1000000.0,82000000.0,84000000.0,792000000.0,0.2671163575,713000000.0,0.2404721754,-87000000.0,626000000.0,0.2111298482,92000000.0,524000000.0,0.1767284992,2.29,2.27,229200000,230900000,https://www.sec.gov/Archives/edgar/data/315293/000162828021002574/0001628280-21-002574-index.htm,https://www.sec.gov/Archives/edgar/data/315293/000162828021002574/aon-20201231.htm,12.93630017452007,2.2862129144851657,3.3158813263525304,3.2198952879581157,5.200698080279232,15.6326352530541,-24.9694589877836,15.24869109947644,37.99301919720768,48423084000.0,56165084000.0,23.10261641221374,16.3315629005059,63.71458421052632,65.61393495934959,13.85495965665236,13.85495965665236,18.942692748735244,70.9155101010101,73.90142631578948,76.10444986449865,0.010821285153998,0.0152406649687987,2.4680972818311875,0.2686725222699807,9.775252525252526,1.0718549127640036,8.695121951219512,1.4232209737827717,0.0021683872923087,0.2003816793893129,0.1352445193929173,0.0,0.2898523640441039,0.0289473684210526,0.0074198988195615,0.2619047619047619,0.0354131534569983,28.00695407776265,0.0395869602647739,0.0229824561403508,-79.11649214659685,1252000000.0,-5723000000.0,-9847000000.0,12068000000.0,3053500000.0,1812000000.0,13837500000.0,93.18718381112986,110.97247706422016,759.0825688073394,0.9657980456026058,0.8110119047619048,0.1185641769398114,0.1499284692417739,0.0959860383944153,2021-02-05,2.46,bmo,2772154471.0,2025-04-25,2020-12-31,0.0650406504065041,204.161875,1526544.0
2020-09-30,AON,USD,315293,2020-10-30,2020-10-30 16:30:42,2020,Q3,2385000000.0,1387000000.0,998000000.0,0.4184486373,0,358000000.0,0.0,358000000.0,199000000.0,557000000.0,1944000000.0,3000000.0,80000000.0,92000000.0,536000000.0,0.2247379455,441000000.0,0.1849056604,-77000000.0,364000000.0,0.1526205451,82000000.0,275000000.0,0.1153039832,1.18,1.18,232600000,233500000,https://www.sec.gov/Archives/edgar/data/315293/000162828020015165/0001628280-20-015165-index.htm,https://www.sec.gov/Archives/edgar/data/315293/000162828020015165/aon-20200930.htm,10.2536543422184,1.1822871883061048,3.4565778159931213,3.327601031814273,5.455717970765262,15.563198624247637,-23.67583834909716,15.227858985382632,38.731728288908,47985380000.0,56093380000.0,43.623072727272735,20.119656184486377,59.68330845771145,61.9966149870801,13.547538114059853,13.547538114059853,23.51923689727463,104.65182835820896,69.7678855721393,72.47206718346253,0.0057309122070097,0.0161299129026382,2.520892151326934,0.2847348448611244,15.126865671641792,1.0817427385892115,5.5125,2.851063829787234,0.0021464871175345,0.3745454545454545,0.150104821802935,0.0,0.2910488217098759,0.0373134328358208,0.0125786163522012,0.3260869565217391,0.0280922431865828,20.126681498308965,0.0224994301056204,0.0123695573947463,-74.16057609630266,1379000000.0,-5507000000.0,-9490000000.0,12124000000.0,3217000000.0,1548000000.0,14002500000.0,114.60377358490568,104.34030281182407,900.9733237202596,0.78531445505433,0.8625621890547264,0.0998919697515304,0.077639751552795,0.1289767841788478,2020-10-30,1.49,bmo,7889209150.0,2025-04-25,2020-09-30,0.0268456375838926,199.705,1469018.9375
2020-06-30,AON,USD,315293,2020-07-31,2020-07-31 16:08:15,2020,Q2,2497000000.0,1361000000.0,1136000000.0,0.4549459351,0,336000000.0,0.0,336000000.0,206000000.0,542000000.0,1903000000.0,0.0,89000000.0,99000000.0,684000000.0,0.2739287145,594000000.0,0.2378854626,-98000000.0,496000000.0,0.198638366,85000000.0,398000000.0,0.1593912695,1.71,1.7,232700000,233600000,https://www.sec.gov/Archives/edgar/data/315293/000162828020011354/0001628280-20-011354-index.htm,https://www.sec.gov/Archives/edgar/data/315293/000162828020011354/aon-20200630.htm,10.730554361839278,1.7103566824237215,3.785990545767082,3.657069187795445,6.063601203266008,15.87881392350666,-23.03394929093253,15.474860335195531,40.1418134937688,44818020000.0,53313020000.0,28.152022613065327,17.948746495794953,50.87175936435868,52.66512338425382,12.445992779783392,12.445992779783392,21.35082899479375,77.94301169590643,60.51421112372304,62.64749706227967,0.0088803566065613,0.0189878981713159,2.569286309358512,0.2891701828410689,12.419590643274852,1.0924466432721625,6.674157303370786,2.1435523114355237,0.0022758702861036,0.2562814070351759,0.1345614737685222,0.0,0.2830129707766838,0.0340522133938706,0.0120144173007609,0.303030303030303,0.0256307569082899,24.403267048434277,0.0315314314645285,0.0173496076721883,-74.2640739149119,1607000000.0,-5360000000.0,-9310000000.0,12319000000.0,3515000000.0,1518500000.0,13453000000.0,122.43892671205448,98.3982365907421,933.7252020573108,0.7350603473653223,0.9146505376344086,0.0963881019830028,0.1105248542071646,0.1289213579716373,2020-07-31,1.93,bmo,2458780612.0,2025-04-25,2020-06-30,0.0155440414507772,186.3453968253968,1526624.015873016
2020-03-31,AON,USD,315293,2020-05-01,2020-05-01 16:48:14,2020,Q1,3219000000.0,1522000000.0,1697000000.0,0.5271823548,0,415000000.0,0.0,415000000.0,249000000.0,664000000.0,2186000000.0,2000000.0,83000000.0,138000000.0,1201000000.0,0.3730972352,1033000000.0,0.320907114,-53000000.0,980000000.0,0.3044423734,189000000.0,772000000.0,0.2398260329,3.31,3.29,233200000,234500000,https://www.sec.gov/Archives/edgar/data/315293/000162828020006142/0001628280-20-006142-index.htm,https://www.sec.gov/Archives/edgar/data/315293/000162828020006142/q12020aonplc.htm,13.80360205831904,3.3104631217838767,1.4493996569468268,1.1963979416809605,3.6878216123499135,13.979416809605487,-24.78130360205832,13.589193825042882,40.21440823327616,38487328000.0,47092328000.0,12.463512953367877,11.95629947188568,113.86783431952662,137.94741218637992,12.144944146418428,12.144944146418428,14.6294899036968,39.21093089092423,139.32641420118344,168.78970609318998,0.0200585501804645,0.0072491392491575,2.933101924897444,0.3069480219272175,7.164862614487927,1.013675413476711,12.44578313253012,0.427307206068268,0.0026502229513049,0.1321243523316062,0.1289220254737496,0.0,0.2984941549435308,0.1745562130177514,0.0183286735010872,0.427536231884058,0.0236098167132649,31.81504066920231,0.0546560846560846,0.0363413830438262,-73.08855060034305,234000000.0,-5779000000.0,-9677000000.0,10929000000.0,3372500000.0,1744000000.0,12310000000.0,101.57502329916124,91.59658344283837,756.0709592641261,0.8860445912469034,0.9825693996126532,0.119036446112936,0.2436099715998737,0.2530017152658662,2020-05-01,3.66,bmo,3201505434.0,2025-04-25,2020-03-31,0.0054644808743169,204.73951612903227,1605523.677419355
2019-12-31,AON,USD,315293,2020-02-14,2020-02-14 16:40:54,2019,Q4,2885000000.0,1601000000.0,1284000000.0,0.4450606586,0,475000000.0,0.0,475000000.0,285000000.0,760000000.0,2361000000.0,4000000.0,80000000.0,145000000.0,666000000.0,0.2308492201,524000000.0,0.1816291161,-83000000.0,441000000.0,0.1528596187,59000000.0,374000000.0,0.1296360485,1.59,1.58,234700000,237000000,https://www.sec.gov/Archives/edgar/data/315293/000162828020001607/0001628280-20-001607-index.htm,https://www.sec.gov/Archives/edgar/data/315293/000162828020001607/aonplc201910-k.htm,12.292288027268851,1.5935236472092031,2.8632296548785683,2.616105666808692,3.953983809118023,14.695355773327652,-23.42991052407329,14.38005965061781,35.632722624627185,48885663000.0,56378663000.0,32.677582219251335,16.9447705372617,72.74652232142857,79.61834364820847,14.484640888888888,14.484640888888888,19.541997573656847,84.65264714714715,83.89681994047619,91.82192671009771,0.0076505048116049,0.0125599196639718,2.454222222222222,0.2816867879612311,11.25075075075075,1.0581208657119003,6.55,1.7591623036649215,0.0021069572074741,0.2754010695187165,0.1646447140381282,0.0,0.3043019894575752,0.0863095238095238,0.0201039861351819,0.4,0.022530329289428,22.70653462738456,0.0307600766881253,0.0182822505743755,-71.48274392841925,905000000.0,-5499000000.0,-9480000000.0,11403000000.0,3077500000.0,1719000000.0,11618500000.0,97.08145580589256,109.000624609619,665.2467207995004,0.9270565552699228,0.8256833419288293,0.135288152780125,0.1108148148148148,0.2471239880698764,2020-01-31,2.49,bmo,2816581027.0,2025-04-25,2019-12-31,0.0160642570281122,198.0034375,823491.265625
2019-09-30,AON,USD,315293,2019-10-25,2019-10-25 16:34:48,2019,Q3,2379000000.0,1368000000.0,1011000000.0,0.4249684741,0,386000000.0,0.0,386000000.0,265000000.0,651000000.0,2019000000.0,1000000.0,78000000.0,145000000.0,508000000.0,0.2135350988,360000000.0,0.1513240858,-75000000.0,285000000.0,0.1197982346,56000000.0,222000000.0,0.0933165195,0.94,0.93,236900000,239100000,https://www.sec.gov/Archives/edgar/data/315293/000162828019012581/0001628280-19-012581-index.htm,https://www.sec.gov/Archives/edgar/data/315293/000162828019012581/q32019aonplc.htm,10.04221190375686,0.9371042634022796,3.3853946813001268,3.127902068383284,3.28830730265935,15.031658927817643,-22.72688898269312,14.740396791895314,36.16715913887716,45856733000.0,53744733000.0,51.64046509009009,19.27563387978142,57.17797132169576,61.88492982456141,13.131939576174112,13.131939576174112,22.59131273644389,105.796718503937,67.01338279301746,72.530004048583,0.0048411647641797,0.0161590229290865,2.43127147766323,0.3014165512834167,15.527559055118113,1.0313783583597065,4.615384615384615,3.517543859649123,0.0022679330426788,0.4684684684684684,0.1622530474989491,0.0,0.3175702062697483,0.0760598503740648,0.0256410256410256,0.4206896551724138,0.030264817150063,17.629492200666007,0.0197018906071881,0.0115492664655082,-66.87737441958632,466000000.0,-5384000000.0,-9289000000.0,11036000000.0,3207500000.0,1434000000.0,11909000000.0,115.11979823455232,98.61842105263158,750.1973684210526,0.7817942819585935,0.9126084056037358,0.1199684293606945,0.063573883161512,0.2574926129168425,2019-10-25,1.43,bmo,2346186206.0,2025-04-25,2019-09-30,0.013986013986014,192.9596875,749448.0
2019-06-30,AON,USD,315293,2019-07-26,2019-07-26 16:27:21,2019,Q2,2606000000.0,1501000000.0,1105000000.0,0.4240214889,0,429000000.0,0.0,429000000.0,263000000.0,692000000.0,2193000000.0,1000000.0,77000000.0,137000000.0,557000000.0,0.2137375288,413000000.0,0.1584804298,-70000000.0,343000000.0,0.13161934,56000000.0,277000000.0,0.1062931696,1.15,1.14,240600000,242800000,https://www.sec.gov/Archives/edgar/data/315293/000162828019009103/0001628280-19-009103-index.htm,https://www.sec.gov/Archives/edgar/data/315293/000162828019009103/q22019aonplc.htm,10.831255195344973,1.1512884455527848,1.1928512053200333,0.9891936824605154,3.391521197007481,16.263507896924356,-21.853699085619287,15.943474646716542,36.92019950124688,46950684000.0,55175684000.0,42.37426353790613,18.016379125095938,163.59123344947733,197.27178151260503,12.239490093847758,12.239490093847758,21.17255717574827,99.05867863554758,192.2497700348432,231.8306050420168,0.0058998075512595,0.0050691487263529,2.295620437956204,0.2954339584661321,14.76660682226212,1.0816484723209094,5.363636363636363,1.0,0.0022789870324359,0.3862815884476534,0.1646201074443591,0.0,0.3076794041668064,0.1707317073170731,0.0188027628549501,0.3576642335766423,0.0349194167306216,20.32239179357075,0.0224455331626025,0.0134231440201589,-67.91978387364921,1264000000.0,-5258000000.0,-9149000000.0,12058000000.0,3347500000.0,1424000000.0,12085500000.0,116.45433614735228,82.08527648234511,744.4037308461026,0.772835112692764,1.0964207450693937,0.1209021345146999,0.0722106360792492,0.2036575228595178,2019-07-26,1.88,bmo,2606000000.0,2025-04-25,2019-06-30,-0.0053191489361701,181.21571428571428,860760.5873015873
2019-03-31,AON,USD,315293,2019-04-26,2019-04-26 16:32:15,2019,Q1,3143000000.0,1584000000.0,1559000000.0,0.496022908,0,433000000.0,0.0,433000000.0,254000000.0,687000000.0,2271000000.0,2000000.0,72000000.0,137000000.0,1011000000.0,0.3216671969,872000000.0,0.2774419345,-70000000.0,802000000.0,0.2551702195,126000000.0,659000000.0,0.2096722876,2.72,2.7,242200000,243700000,https://www.sec.gov/Archives/edgar/data/315293/000162828019004829/0001628280-19-004829-index.htm,https://www.sec.gov/Archives/edgar/data/315293/000162828019004829/q12019aonplc.htm,12.976878612716764,2.720891824938068,0.305532617671346,0.0701899256812551,3.0305532617671345,20.074318744838976,-18.307184145334435,19.71511147811725,32.02725020644096,42007168000.0,49092168000.0,15.93595144157815,13.365309576837417,567.6644324324325,2471.009882352941,8.797312670157067,8.797312670157067,15.619525294304804,48.5580296735905,663.4076756756757,2887.7745882352942,0.0156877988061466,0.0004046928371843,1.6094240837696334,0.2637720954178822,7.007912957467854,1.0950677581344157,12.11111111111111,0.1094674556213017,0.002285324257041,0.1456752655538695,0.1377664651606745,0.0,0.3190664149648189,0.7702702702702703,0.0181355392936684,0.4160583941605839,0.0283168946866051,34.7413360003961,0.0481495246489083,0.033217400070568,-62.62902559867878,1382000000.0,-4434000000.0,-8354000000.0,12347000000.0,3041500000.0,1711000000.0,10961000000.0,95.1543111676742,84.0340909090909,667.9545454545455,0.9458320794462834,1.0709939148073022,0.1347397073834637,0.1380104712041885,0.2353426919900908,2019-04-26,3.31,bmo,3143000000.0,2025-04-25,2019-03-31,0.0,162.13852459016394,1203062.3934426229
2018-12-31,AON,USD,315293,2019-02-19,2019-02-19 17:09:03,2018,Q4,2770000000.0,1601000000.0,1169000000.0,0.4220216606,0,397000000.0,0.0,397000000.0,273000000.0,670000000.0,2271000000.0,0.0,70000000.0,151000000.0,642000000.0,0.2317689531,499000000.0,0.1801444043,-78000000.0,421000000.0,0.1519855596,137000000.0,345000000.0,0.1245487365,1.42,1.41,242400000,245000000,https://www.sec.gov/Archives/edgar/data/315293/000162828019001558/0001628280-19-001558-index.htm,https://www.sec.gov/Archives/edgar/data/315293/000162828019001558/aonplc201810-k.htm,11.427392739273929,1.4232673267326732,2.9331683168316838,2.6815181518151814,3.415841584158416,17.405115511551156,-21.043729372937293,17.124587458745875,26.04785478547855,35235264000.0,40823264000.0,25.532800000000005,12.7203119133574,49.55733333333333,54.20809846153846,8.488379667549989,8.488379667549989,14.737640433212997,63.58763862928349,57.41668635724332,62.80502153846154,0.0097913272339892,0.0184474281220086,1.5042158516020236,0.2363182196654303,8.70404984423676,1.0809265944645006,7.128571428571429,2.0141643059490084,0.0027529238889766,0.2811594202898551,0.1433212996389891,0.0,0.3527363560669139,0.0857946554149085,0.0220216606498194,0.4039735099337748,0.0447653429602888,23.417717241667788,0.0251639064960117,0.0201730791720266,-58.67161716171617,1076000000.0,-5101000000.0,-7831000000.0,10984000000.0,2811500000.0,1771500000.0,9918500000.0,89.67509025270759,109.22548407245472,571.4803247970019,1.0036231884057971,0.8239835306227483,0.1574857367696242,0.0831125030113225,0.2516501650165016,2019-02-01,2.13,bmo,2731527777.0,2025-04-25,2018-12-31,0.0140845070422536,155.3034920634921,1043002.761904762
2018-09-30,AON,USD,315293,2018-10-26,2018-10-26 16:27:13,2018,Q3,2349000000.0,1392000000.0,957000000.0,0.4074074074,0,430000000.0,0.0,430000000.0,265000000.0,695000000.0,2087000000.0,0.0,69000000.0,140000000.0,403000000.0,0.171562367,262000000.0,0.1115368242,-68000000.0,194000000.0,0.0825883355,39000000.0,147000000.0,0.0625798212,0.6,0.6,244000000,245600000,https://www.sec.gov/Archives/edgar/data/315293/000162828018012970/0001628280-18-012970-index.htm,https://www.sec.gov/Archives/edgar/data/315293/000162828018012970/q32018aonplc.htm,9.62704918032787,0.6024590163934426,2.30327868852459,2.0245901639344264,2.668032786885246,17.737704918032787,-21.368852459016395,17.4672131147541,27.18032786885246,37783400000.0,43862400000.0,64.25748299319729,16.08488718603661,67.23024911032029,76.48461538461538,8.865180666353824,8.865180666353824,18.6727969348659,108.83970223325062,78.04697508896797,88.79028340080971,0.0038905974581429,0.0130745247913104,1.5398873768183952,0.2563471603780954,15.084367245657567,1.055762081784387,3.7971014492753614,3.673202614379085,0.0025937316387619,0.6666666666666666,0.183056619838229,0.0,0.3727052574017654,0.1209964412811387,0.0289484887186036,0.4857142857142857,0.0285227756492124,15.387455953653006,0.0152795545187749,0.0091531755915317,-55.90266393442623,705000000.0,-5214000000.0,-7926000000.0,10841000000.0,3018500000.0,1523500000.0,10265000000.0,109.69348659003832,103.44827586206895,625.2801724137931,0.8204680405169402,0.87,0.1439354771998759,0.0344908493664946,0.2786885245901639,2018-10-26,1.23,bmo,2204446153.0,2025-04-25,2018-09-30,0.0650406504065041,146.2538095238095,809527.6349206349
2018-06-30,AON,USD,315293,2018-07-27,2018-07-27 16:36:37,2018,Q2,2561000000.0,1494000000.0,1067000000.0,0.4166341273,0,638000000.0,0.0,638000000.0,445000000.0,1083000000.0,2577000000.0,1000000.0,69000000.0,329000000.0,311000000.0,0.1214369387,-16000000.0,-0.0062475595,-71000000.0,-87000000.0,-0.033971105,-144000000.0,48000000.0,0.0187426786,0.2,0.19,246000000,247400000,https://www.sec.gov/Archives/edgar/data/315293/000162828018009710/0001628280-18-009710-index.htm,https://www.sec.gov/Archives/edgar/data/315293/000162828018009710/q22018aonplc.htm,10.410569105691057,0.1951219512195122,1.1097560975609757,0.8414634146341463,2.682926829268293,18.77235772357724,-20.471544715447155,18.47560975609756,27.15040650406504,33743820000.0,39866820000.0,175.74906249999998,13.17603279968762,123.60373626373624,163.01362318840577,7.424382838283828,7.424382838283828,15.566895743850058,128.1891318327974,146.03230769230768,192.59333333333333,0.0014224826946089,0.0061344566205011,1.4543454345434543,0.2428629165595032,19.68810289389068,1.0734667340894315,-0.2318840579710145,4.706896551724138,0.0029042355014933,2.0416666666666665,0.2491214369386958,0.0,0.3547047801006723,0.2417582417582417,0.0257711831315892,0.2006079027355623,0.0273330730183522,9.006244115920369,0.0007396287744789,0.0027330182770597,-57.4349593495935,1017000000.0,-5036000000.0,-7739000000.0,11246000000.0,3175500000.0,1496000000.0,10989500000.0,111.54236626317844,87.16867469879519,654.156626506024,0.8068683049779458,1.032480995162405,0.1375817294410166,0.0105610561056105,0.2682926829268293,2018-07-27,1.63,bmo,2456163742.0,2025-04-25,2018-06-30,0.049079754601227,140.87984375,879023.84375
2018-03-31,AON,USD,315293,2018-05-04,2018-05-04 16:10:38,2018,Q1,3090000000.0,1616000000.0,1474000000.0,0.4770226537,0,411000000.0,0.0,411000000.0,264000000.0,675000000.0,2291000000.0,4000000.0,70000000.0,149000000.0,937000000.0,0.303236246,799000000.0,0.2585760518,-81000000.0,718000000.0,0.2323624595,114000000.0,594000000.0,0.1922330097,2.39,2.37,248500000,250200000,https://www.sec.gov/Archives/edgar/data/315293/000162828018005956/0001628280-18-005956-index.htm,https://www.sec.gov/Archives/edgar/data/315293/000162828018005956/q12018aonplc.htm,12.434607645875252,2.3903420523138834,0.5633802816901409,0.3822937625754527,2.8772635814889336,21.670020120724345,-19.424547283702218,21.33199195171026,25.45674044265593,34872005000.0,40531005000.0,14.67676978114478,11.28543851132686,249.08575,367.0737368421053,6.578382380682891,6.578382380682891,13.116830097087378,43.25614194236926,289.5071785714286,426.6421578947368,0.0170337208887186,0.0027242482902832,1.1801546877947555,0.224656156857112,6.03948772678762,1.106677405183775,11.414285714285716,0.2295081967213114,0.0025521905035285,0.1498316498316498,0.133009708737864,0.0,0.3667181383991094,0.3214285714285714,0.0145631067961165,0.3020134228187919,0.0249190938511326,33.87169972101153,0.0460621762449298,0.0336830167280975,-55.55030181086519,1457000000.0,-4827000000.0,-7347000000.0,12247000000.0,2827500000.0,1753000000.0,10372500000.0,92.53398058252426,86.04579207920791,619.3069306930693,0.9726156751652504,1.0459546925566343,0.1453237410071942,0.1120543293718166,0.1810865191146881,2018-05-04,2.81,bmo,2923535353.0,2025-04-25,2018-03-31,0.0569395017793594,140.06655737704918,1315076.0983606558
2017-12-31,AON,USD,315293,2018-02-20,2018-02-20 17:30:16,2017,Q4,2909000000.0,1752000000.0,1157000000.0,0.3977311791,0,405000000.0,0.0,405000000.0,263000000.0,668000000.0,2420000000.0,7000000.0,71000000.0,139000000.0,616000000.0,0.2117566174,489000000.0,0.1680990031,-83000000.0,406000000.0,0.1395668615,389000000.0,-19000000.0,-0.0065314541,-0.08,-0.08,251300000,254500000,https://www.sec.gov/Archives/edgar/data/315293/000162828018001923/0001628280-18-001923-index.htm,https://www.sec.gov/Archives/edgar/data/315293/000162828018001923/aonplc201710-k.htm,11.575805809789095,-0.0756068444090728,1.516116195781934,1.285316354954238,5.113410266613609,18.4958217270195,-21.659371269399124,18.23716673298846,24.02307998408277,33674200000.0,38884200000.0,-443.0815789473684,11.575867995874871,88.38372703412072,104.25448916408668,7.347632555094917,7.347632555094917,13.366861464420763,63.1237012987013,102.05826771653544,120.384520123839,-0.0005642301821572,0.0095919130966734,1.301767401265547,0.2286875191659,8.457792207792208,1.0722853782830262,6.887323943661972,-31.75,0.0026726692839028,-4.7368421052631575,0.1392231007218975,0.0,0.3868061944188899,0.1522309711286089,0.0199381230663458,0.4172661870503597,0.0360948779649364,,0.0015020077360716,-0.0011877226980058,-53.65698368483884,922000000.0,-5443000000.0,-7763000000.0,11577000000.0,2439000000.0,1774500000.0,9537500000.0,76.66552079752492,100.736301369863,494.4349315068493,1.1739305891848264,0.8934217236104028,0.182025974025974,-0.0041457560549858,0.2307998408276959,2018-02-02,2.34,bmo,2909000000.0,2025-04-25,2017-12-31,0.0042735042735043,142.33507936507937,1132322.0952380951
2017-09-30,AON,USD,315293,2017-10-27,2017-10-27 16:38:43,2017,Q3,2340000000.0,1428000000.0,912000000.0,0.3897435897,0,406000000.0,0.0,406000000.0,250000000.0,656000000.0,2084000000.0,10000000.0,70000000.0,141000000.0,411000000.0,0.1756410256,256000000.0,0.1094017094,-56000000.0,200000000.0,0.0854700855,4000000.0,185000000.0,0.0790598291,0.72,0.72,255600000,257300000,https://www.sec.gov/Archives/edgar/data/315293/000162828017010331/0001628280-17-010331-index.htm,https://www.sec.gov/Archives/edgar/data/315293/000162828017010331/q32017aonplc.htm,9.154929577464788,0.7237871674491393,-0.5751173708920188,-0.7433489827856025,9.346635367762127,20.528169014084508,-15.579029733959311,20.24647887323944,24.18622848200313,37343160000.0,42706160000.0,50.46372972972973,15.958615384615385,-254.03510204081635,-196.54294736842104,7.216069565217391,7.216069565217391,18.250495726495725,103.90793187347931,-290.5180952380952,-224.76926315789476,0.0049540531652918,-0.0050879464940835,1.1810628019323672,0.2357660854806357,13.048661800486618,1.1437389770723103,3.657142857142857,-0.765625,0.0024636372497667,0.4972972972972973,0.1735042735042735,0.0,0.356002160160469,-0.2925170068027211,0.0183760683760683,0.3049645390070922,0.0282051282051282,18.15814378938052,0.0182391857506361,0.0110811620245582,-46.02112676056338,1793000000.0,-3982000000.0,-6410000000.0,11567000000.0,2410500000.0,1505500000.0,9587500000.0,92.3076923076923,100.08403361344538,595.5882352941177,0.975,0.8992443324937027,0.1511111111111111,0.0357487922705314,0.1682316118935837,2017-10-27,1.27,bmo,2321860465.0,2025-04-25,2017-09-30,0.015748031496063,139.54730158730158,1018735.1111111112
2017-06-30,AON,USD,315293,2017-08-04,2017-08-04 17:12:50,2017,Q2,2368000000.0,1466000000.0,902000000.0,0.3809121622,0,417000000.0,0.0,417000000.0,612000000.0,1029000000.0,2495000000.0,8000000.0,71000000.0,514000000.0,399000000.0,0.1684966216,-127000000.0,-0.0536317568,-59000000.0,-186000000.0,-0.0785472973,-143000000.0,769000000.0,0.3247466216,2.93,2.93,262400000,262400000,https://www.sec.gov/Archives/edgar/data/315293/000162828017008138/0001628280-17-008138-index.htm,https://www.sec.gov/Archives/edgar/data/315293/000162828017008138/q22017aonplc10-q.htm,9.024390243902438,2.930640243902439,0.9908536585365854,0.8079268292682927,13.071646341463415,21.16234756097561,-13.696646341463415,20.910823170731707,23.3765243902439,34886080000.0,40265080000.0,11.341378413524057,14.732297297297295,134.17723076923076,164.55698113207546,6.357951521778749,6.357951521778749,17.00383445945946,100.91498746867168,154.8656923076923,189.92962264150944,0.0220431759601537,0.0060769223713297,1.1049753963914708,0.2229945934017433,13.481203007518795,1.1665046728971962,-1.7887323943661972,0.3341902313624679,0.0027231491758317,0.1235370611183355,0.1760979729729729,0.0,0.3364228180514178,0.1846153846153846,0.0202702702702702,0.0933852140077821,0.0295608108108108,37.13283248203217,-0.002081399053861,0.0426227690943354,-43.93197408536585,2227000000.0,-3594000000.0,-6034000000.0,11930000000.0,2335500000.0,1377500000.0,11099000000.0,92.0143581081081,87.36016371077763,597.0327421555253,0.9781082197439076,1.0302178496134926,0.150745501285347,0.1401494441406962,0.1829268292682926,2017-08-04,1.45,bmo,2368000000.0,2025-04-25,2017-06-30,0.0,126.43174603174604,1208409.0317460315
2017-03-31,AON,USD,315293,2017-05-09,2017-05-09 17:25:20,2017,Q1,2381000000.0,1469000000.0,912000000.0,0.3830323394,0,392000000.0,0.0,392000000.0,185000000.0,577000000.0,2046000000.0,2000000.0,70000000.0,97000000.0,432000000.0,0.1814363713,335000000.0,0.1406971861,-70000000.0,265000000.0,0.111297774,0.0,291000000.0,0.1222175556,1.1,1.09,264800000,267000000,https://www.sec.gov/Archives/edgar/data/315293/000162828017005272/0001628280-17-005272-index.htm,https://www.sec.gov/Archives/edgar/data/315293/000162828017005272/q12017aonplc10-q.htm,8.991691842900302,1.098942598187311,0.9063444108761328,0.7779456193353474,2.3904833836858006,22.001510574018127,-13.610271903323262,21.729607250755286,24.478851963746223,31429112000.0,37408112000.0,27.00095532646048,13.199963040739185,130.95463333333333,152.56850485436894,5.462132777198471,5.462132777198471,15.711092818143635,86.59285185185185,155.86713333333333,181.59277669902912,0.0092589316554664,0.0065544327183027,1.1143552311435525,0.2376399080868727,13.84027777777778,1.1868157286044718,4.785714285714286,0.7868852459016393,0.0027681342062734,0.2989690721649484,0.1646367072658547,0.0,0.3494922540953228,0.1416666666666666,0.0142797144057118,0.3505154639175257,0.0327593448131037,23.17953404663334,0.022821718100688,0.0165793072014585,-47.579305135951664,2423000000.0,-3604000000.0,-5763000000.0,12389000000.0,2228000000.0,1468000000.0,10979000000.0,85.04829903401932,81.60653505786249,764.1729067392785,1.0582222222222222,1.102852852852853,0.1177743926882065,0.0505735140771637,0.1283987915407855,2017-05-09,1.28,bmo,2118268965.0,2025-04-25,2017-03-31,0.1328124999999999,115.39467741935484,998975.870967742
2016-12-31,AON,USD,315293,2017-02-23,2017-02-23 16:32:21,2016,Q4,3323000000.0,1966000000.0,1357000000.0,0.4083659344,0,728000000.0,0.0,728000000.0,0.0,728000000.0,2694000000.0,3000000.0,70000000.0,131000000.0,772000000.0,0.2323201926,629000000.0,0.189286789,-58000000.0,571000000.0,0.1718326813,62000000.0,502000000.0,0.1510683118,1.89,1.87,265608466,268300000,https://www.sec.gov/Archives/edgar/data/315293/000162828017001652/0001628280-17-001652-index.htm,https://www.sec.gov/Archives/edgar/data/315293/000162828017001652/aonplc201610-k.htm,12.510896395900271,1.8899999972139443,3.20396413870332,2.94418326259224,2.714521908349111,20.827649371688327,-20.4737449897399,20.613047778379173,23.624999965174304,29623312212.98,35397312212.98,14.75264552439243,8.914629013836894,34.81000260044653,37.88147341813299,5.410650632507763,5.410650632507763,10.652215532043334,45.85144069038859,41.59496147236192,45.26510513168797,0.0169461131284313,0.0263981284191898,1.1333333333333333,0.233139207213977,7.479274611398964,1.0521008403361345,8.985714285714286,1.6719056974459725,0.0029368761796285,0.1733067729083665,0.2190791453505868,0.0,0.4121735863235017,0.081081081081081,0.0207643695455913,0.5267175572519084,0.0309960878724044,29.60692242505829,0.0387868204695303,0.032086928731224,-52.57739036074249,651000000.0,-5438000000.0,-7937000000.0,12386000000.0,2383000000.0,1540500000.0,9218500000.0,59.74721637074932,73.42828077314344,434.20651068158696,1.5063463281958296,1.2256857855361596,0.2072746441750131,0.0916894977168949,0.25978087611108,2017-02-10,2.49,bmo,2577539062.0,2025-04-25,2016-12-31,0.0281124497991967,111.44984126984129,1039316.0634920635
2016-09-30,AON,USD,315293,2016-10-28,2016-10-28 16:50:19,2016,Q3,2201000000.0,1300000000.0,901000000.0,0.4093593821,0,353000000.0,0.0,353000000.0,180000000.0,533000000.0,1833000000.0,1000000.0,70000000.0,81000000.0,460000000.0,0.2089959109,368000000.0,0.1671967288,-59000000.0,309000000.0,0.1403907315,25000000.0,319000000.0,0.1449341209,1.19,1.18,267500000,269600000,https://www.sec.gov/Archives/edgar/data/315293/000162828016020443/0001628280-16-020443-index.htm,https://www.sec.gov/Archives/edgar/data/315293/000162828016020443/q32016aonplc10-q.htm,8.22803738317757,1.1925233644859814,2.6579439252336448,2.474766355140187,3.5364485981308413,20.538317757009345,-18.67663551401869,20.314018691588785,23.921495327102804,30091075000.0,35937075000.0,23.58234717868338,13.671547024079963,42.3221870604782,45.45479607250756,5.537555207949945,5.537555207949945,16.32761244888687,78.12407608695652,50.54440928270042,54.28561178247734,0.010601150008765,0.0219998787015751,1.1647037173352963,0.2506336131791541,12.708695652173914,1.0972197782861164,5.257142857142857,2.264331210191082,0.0029576876200002,0.2789968652037617,0.1603816447069513,0.0,0.4154126405829241,0.0689170182841068,0.0222626079054975,0.3798449612403101,0.0331667423898228,23.34654563564603,0.0239266084618582,0.0216095380029806,-46.41495327102804,1105000000.0,-4996000000.0,-7287000000.0,12333000000.0,2538000000.0,1425000000.0,9576500000.0,104.67969104952294,102.25384615384615,619.7538461538462,0.859765625,0.8801624915368991,0.145218945487042,0.0587044534412955,0.1831775700934579,2016-10-28,1.27,bmo,2166875968.0,2025-04-25,2016-09-30,0.015748031496063,110.2721875,811209.875
2016-06-30,AON,USD,315293,2016-07-29,2016-07-29 17:27:40,2016,Q2,2282000000.0,1396000000.0,886000000.0,0.3882559159,0,321000000.0,0.0,321000000.0,178000000.0,499000000.0,1895000000.0,3000000.0,73000000.0,79000000.0,468000000.0,0.2050832603,387000000.0,0.1695880806,-71000000.0,316000000.0,0.1384750219,43000000.0,300000000.0,0.1314636284,1.01,1.01,269306931,269800000,https://www.sec.gov/Archives/edgar/data/315293/000162828016017965/0001628280-16-017965-index.htm,https://www.sec.gov/Archives/edgar/data/315293/000162828016017965/q22016aonplc10-q.htm,8.473602931519055,1.1139705869656953,1.823198527333855,1.6301102922598008,2.5584191147312136,20.649301447054103,-18.63672791993608,20.419080859081195,23.13716909127749,29416396073.13,35136396073.130005,24.513663394275,12.89062054037248,59.91119363162933,67.00773592968109,5.349408269345336,5.349408269345336,15.39719372179229,75.07776938702993,71.56088813264766,80.03734868594535,0.0101983940947147,0.0149236500252659,1.1198399709038007,0.2306971865283033,12.22222222222222,1.086949673151138,5.301369863013699,1.7535714285714286,0.0029575342874672,0.29,0.1406660823838738,0.0,0.396358595886562,0.1059063136456211,0.0227870289219982,0.4126984126984127,0.0306748466257668,22.622792677353964,0.0234672989116962,0.0186185067957549,-49.96343744305638,1104000000.0,-5019000000.0,-7331000000.0,12435000000.0,2614500000.0,1396500000.0,10234500000.0,99.2287467134093,88.51719197707736,657.6575931232092,0.9069952305246424,1.0167516387472688,0.1368493284972061,0.0545553737043098,0.1930882350740538,2016-07-29,1.4,bmo,2282000000.0,2025-04-25,2016-06-30,-0.0071428571428571,105.774375,1198181.578125
2016-03-31,AON,USD,315293,2016-04-29,2016-04-29 17:16:23,2016,Q1,2276000000.0,1345000000.0,931000000.0,0.4090509666,0,353000000.0,0.0,353000000.0,158000000.0,511000000.0,1856000000.0,2000000.0,69000000.0,75000000.0,515000000.0,0.2262741652,420000000.0,0.1845342707,-49000000.0,371000000.0,0.1630052724,59000000.0,325000000.0,0.1427943761,1.2,1.19,271700000,273700000,https://www.sec.gov/Archives/edgar/data/315293/000162828016015092/0001628280-16-015092-index.htm,https://www.sec.gov/Archives/edgar/data/315293/000162828016015092/q12016aonplc10-q.htm,8.376886271623114,1.1961722488038278,1.0047846889952152,0.8133971291866029,3.8719175561280825,19.679793890320205,-19.0357011409643,19.43687891056312,25.152741994847258,28379065000.0,34679065000.0,21.83005,12.468833479789105,103.95261904761908,128.4120588235294,5.373805150539671,5.373805150539671,15.236847539543058,67.33799029126213,127.02954212454212,156.91884615384615,0.0114521038660012,0.0077874306288808,1.2810073849649688,0.2523029873568791,12.233009708737864,1.0975533494880012,6.086956521739131,0.8348623853211009,0.0028894538984987,0.2523076923076923,0.1550966608084358,0.0,0.3923097005184052,0.1904761904761904,0.0228471001757469,0.4227642276422764,0.0373462214411247,22.871854778612946,0.0240032312042005,0.0199459923898367,-48.74953993375046,1248000000.0,-5172000000.0,-7425000000.0,12533000000.0,2638500000.0,1596000000.0,10100000000.0,107.28031634446396,95.0185873605948,687.0780669144982,0.8389237007003317,0.9471830985915493,0.1309894818854694,0.0615413747396326,0.1913875598086124,2016-04-29,1.33,bmo,2242281481.0,2025-04-25,2016-03-31,0.0150375939849624,93.69754098360656,1508967.213114754
2015-12-31,AON,USD,315293,2016-02-22,2016-02-22 16:42:34,2015,Q4,3288000000.0,1857000000.0,1431000000.0,0.4352189781,0,714000000.0,0.0,714000000.0,0.0,714000000.0,2571000000.0,4000000.0,68000000.0,137000000.0,907000000.0,0.2758515815,717000000.0,0.2180656934,-15000000.0,702000000.0,0.2135036496,112000000.0,584000000.0,0.1776155718,2.12,2.09,275471698,279300000,https://www.sec.gov/Archives/edgar/data/315293/000162828016011485/0001628280-16-011485-index.htm,https://www.sec.gov/Archives/edgar/data/315293/000162828016011485/aonplc201510-k.htm,11.935890415864064,2.120000000871233,3.3905479465988555,3.154589042392297,2.686301370966973,22.372534255769533,-16.20856165049667,22.16561644746532,21.072945214139565,25401245272.58,30754245272.58,10.873820750248289,7.725439559787104,27.196194081991436,29.230431844165704,4.160046720042581,4.160046720042581,9.353480922317518,33.90765741188533,32.92745746528908,35.39038581424626,0.0229909988165191,0.0342109211841697,0.9395676383884703,0.2111986452657929,5.901874310915105,1.0651013874066169,10.544117647058824,1.583050847457627,0.0032675563386491,0.1421232876712329,0.2171532846715328,0.0,0.3912531291415108,0.069593147751606,0.0197688564476885,0.4744525547445255,0.0307177615571776,32.51614837244108,0.0412518371855721,0.0353168843734881,-48.542191800770766,854000000.0,-4465000000.0,-7029000000.0,12247000000.0,2630500000.0,1609500000.0,10179000000.0,70.18248175182481,85.88045234248789,481.3570274636511,1.282371294851794,1.0479683972911964,0.1869714055577929,0.0956436292171634,0.2359589042065584,2016-02-05,2.08,bmo,3027277533.0,2025-04-25,2015-12-31,0.0913461538461538,93.1528125,1249602.8125
2015-09-30,AON,USD,315293,2015-10-30,2015-10-30 16:54:08,2015,Q3,2742000000.0,1644000000.0,1098000000.0,0.4004376368,0,685000000.0,0.0,685000000.0,0.0,685000000.0,2329000000.0,3000000.0,72000000.0,134000000.0,558000000.0,0.2035010941,413000000.0,0.1506199854,-61000000.0,352000000.0,0.12837345,49000000.0,295000000.0,0.1075857039,1.05,1.04,280900000,283800000,https://www.sec.gov/Archives/edgar/data/315293/000162828015008083/0001628280-15-008083-index.htm,https://www.sec.gov/Archives/edgar/data/315293/000162828015008083/q32015aonplc10-q.htm,9.761480954076184,1.0501957992168032,2.5275898896404416,2.232111071555714,2.7874688501246,21.15343538625845,-17.394090423638307,20.943396226415093,22.61302954788181,24890549000.0,30772549000.0,21.09368559322034,9.077516046681255,35.057111267605634,39.69784529505582,4.230927927927929,4.230927927927929,11.222665572574764,55.14793727598566,43.34161830985916,49.07902551834131,0.0118518880399142,0.0251902840712754,1.0674825769165392,0.2308314342424465,10.54121863799283,1.0279890702311498,5.736111111111111,2.3432343234323434,0.003374774899501,0.2847457627118644,0.24981765134938,0.0,0.3980004410791737,0.1169014084507042,0.0302698760029175,0.6194029850746269,0.0273522975929978,22.24589853460788,0.0237132152299408,0.0180119672731713,-47.15290138839445,379000000.0,-4886000000.0,-7344000000.0,11992000000.0,2800500000.0,1407500000.0,11150000000.0,88.52297592997812,79.21532846715328,570.7664233576642,1.0166852057842046,1.1361437456807186,0.1576827162862075,0.0501444841067482,0.2954788180847276,2015-10-30,1.24,bmo,2742000000.0,2025-04-25,2015-09-30,0.0,96.8065625,1243586.25
2015-06-30,AON,USD,315293,2015-07-31,2015-07-31 16:25:22,2015,Q2,2805000000.0,1653000000.0,1152000000.0,0.4106951872,0,875000000.0,0.0,875000000.0,0.0,875000000.0,2528000000.0,4000000.0,68000000.0,136000000.0,418000000.0,0.1490196078,277000000.0,0.0987522282,-63000000.0,214000000.0,0.0762923351,26000000.0,178000000.0,0.0634581105,0.63,0.62,284500000,286700000,https://www.sec.gov/Archives/edgar/data/315293/000162828015005806/0001628280-15-005806-index.htm,https://www.sec.gov/Archives/edgar/data/315293/000162828015005806/q22015aonplc10-q.htm,9.85940246045694,0.6256590509666081,0.804920913884007,0.523725834797891,2.991212653778559,22.69244288224956,-16.010544815465728,22.488576449912127,22.130052724077327,28358960000.000004,34219960000.000004,39.83,10.110146167557934,123.83825327510918,190.32859060402689,4.432472647702407,4.432472647702407,12.199629233511589,81.86593301435407,149.4321397379913,229.6641610738255,0.0062766758724579,0.0052540713763833,0.973429196623945,0.2132657603670855,14.02153110047847,1.054990228452052,4.073529411764706,1.2180851063829787,0.0029972890402186,0.4775280898876404,0.3119429590017825,0.0,0.3770503030510564,0.3493449781659388,0.0285204991087344,0.5882352941176471,0.0263814616755793,17.792669318653278,0.0155980895066036,0.0097845206684256,-48.43936731107205,816000000.0,-4555000000.0,-7092000000.0,12609000000.0,2897000000.0,1379500000.0,11620000000.0,93.17647058823528,74.48275862068965,646.497277676951,0.9659090909090908,1.2083333333333333,0.1392117230924709,0.0278211941231634,0.281195079086116,2015-07-31,1.29,bmo,2762175572.0,2025-04-25,2015-06-30,0.0155038759689922,100.0820634920635,1183999.015873016
2015-03-31,AON,USD,315293,2015-05-01,2015-05-01 16:34:32,2015,Q1,2847000000.0,1683000000.0,1164000000.0,0.4088514226,0,723000000.0,0.0,723000000.0,0.0,723000000.0,2406000000.0,3000000.0,65000000.0,136000000.0,622000000.0,0.2184755883,441000000.0,0.1548998946,-20000000.0,421000000.0,0.1478749561,80000000.0,328000000.0,0.1152089919,1.15,1.14,284200000,287100000,https://www.sec.gov/Archives/edgar/data/315293/000162828015003433/0001628280-15-003433-index.htm,https://www.sec.gov/Archives/edgar/data/315293/000162828015003433/q12015aonplc10-q.htm,10.017593244194227,1.1541168191414497,0.4785362420830401,0.2603800140745954,2.5369458128078817,22.628430682617875,-15.928923293455313,22.396199859254047,20.805770584095708,27317304000.0,32787304000.0,20.821115853658537,9.595119072708114,200.8625294117647,369.15275675675673,4.291799528672428,4.291799528672428,11.51643976115209,52.71270739549839,241.08311764705883,443.0716756756757,0.012007041397643,0.0027089056811755,0.9187745483110762,0.2059952798619183,8.794212218649518,1.0625531311986398,6.7846153846153845,0.3988269794721407,0.0025990851805873,0.2164634146341463,0.2539515279241306,0.0,0.3859945753636972,0.4558823529411764,0.0217773094485423,0.4558823529411764,0.0316122233930453,24.115890947763376,0.0234398270844948,0.0188170500831851,-47.10239268121042,883000000.0,-4527000000.0,-6959000000.0,12595000000.0,2852500000.0,1598000000.0,11502000000.0,91.35932560590096,74.38502673796792,607.807486631016,0.985121107266436,1.209920920201294,0.1480732007742389,0.0515318146111547,0.2181562280084447,2015-05-01,1.28,bmo,2659970802.0,2025-04-25,2015-03-31,0.0703125,96.74819672131149,1206598.6065573771
2014-12-31,AON,USD,315293,2015-02-24,2015-02-23 18:02:59,2014,Q4,3299000000.0,1848000000.0,1451000000.0,0.4398302516,0,816000000.0,0.0,816000000.0,0.0,816000000.0,2664000000.0,3000000.0,67000000.0,148000000.0,796000000.0,0.241285238,635000000.0,0.1924825705,-54000000.0,581000000.0,0.1761139739,114000000.0,459000000.0,0.1391330706,1.6,1.56,286875000,293400000,https://www.sec.gov/Archives/edgar/data/315293/000162828015000950/0001628280-15-000950-index.htm,https://www.sec.gov/Archives/edgar/data/315293/000162828015000950/aonplc201410-k.htm,11.499782135076252,1.6,2.645751633986928,2.377342047930284,2.677124183006536,23.114596949891062,-16.554248366013073,22.90544662309368,19.691503267973857,27204356250.0,32412356250.0,14.8171875,8.24624317975144,35.84236660079051,39.88908541055719,4.1400633465226,4.1400633465226,9.824903379812064,40.71904051507538,42.704026679841895,47.52544904692082,0.0168722977960561,0.0250695143723535,0.849490184142444,0.1874916028483138,6.542713567839196,1.0538830424936725,9.477611940298509,1.6252676659528908,0.0026466349484009,0.1568627450980392,0.2473476811154895,0.0,0.3822383447534596,0.1014492753623188,0.023340406183692,0.5202702702702703,0.024552894816611,28.715780999850452,0.0328424473999761,0.0249565028273162,-50.345098039215685,809000000.0,-4749000000.0,-7318000000.0,12954000000.0,2851500000.0,1666500000.0,11437000000.0,76.79599878751138,87.90584415584416,566.7857142857143,1.171936056838366,1.0238227146814405,0.1587901701323251,0.0698523816770659,0.2684095860566449,2015-02-06,1.86,bmo,3246634920.0,2025-04-25,2014-12-31,0.0161290322580644,89.43796875,1599018.578125
2014-09-30,AON,USD,315293,2014-10-31,2014-10-31 16:37:56,2014,Q3,2880000000.0,1707000000.0,1173000000.0,0.4072916667,0,756000000.0,0.0,756000000.0,0.0,756000000.0,2463000000.0,3000000.0,65000000.0,151000000.0,606000000.0,0.2104166667,417000000.0,0.1447916667,-27000000.0,390000000.0,0.1354166667,75000000.0,309000000.0,0.1072916667,1.06,1.04,292300000,296100000,https://www.sec.gov/Archives/edgar/data/315293/000144530514004665/0001445305-14-004665-index.htm,https://www.sec.gov/Archives/edgar/data/315293/000144530514004665/q32014aonplc10-q.htm,9.852890865549094,1.0571330824495382,1.881628463906945,1.6626753335614095,2.0492644543277456,24.87854943551146,-14.936708860759492,24.68354430379747,19.692097160451592,25625941000.0,30934941000.0,20.732961974110037,8.897896180555556,46.59262,52.72827366255144,3.5517589743589744,3.5517589743589744,10.741298958333331,51.047757425742574,56.24534727272727,63.652141975308645,0.0120580937886339,0.0189651572209582,0.7887733887733888,0.1974190862732854,8.76072607260726,1.0648816397228638,6.415384615384616,1.746031746031746,0.0028486758788682,0.2362459546925566,0.2625,0.0,0.4037187359073091,0.1163636363636363,0.0222222222222222,0.423841059602649,0.025,24.230359132753197,0.0215474180991422,0.0179766129501425,-45.063291139240505,899000000.0,-4366000000.0,-6800000000.0,13297000000.0,2952000000.0,1492000000.0,12581000000.0,90.25,80.56239015817222,592.4077328646748,0.997229916897507,1.1171465968586387,0.1519223923104307,0.0428274428274428,0.2189531303455354,2014-10-31,1.12,bmo,2500465116.0,2025-04-25,2014-09-30,0.1517857142857142,87.3265625,1232666.484375
2014-06-30,AON,USD,315293,2014-07-25,2014-07-25 16:09:32,2014,Q2,2919000000.0,1708000000.0,1211000000.0,0.4148681055,0,766000000.0,0.0,766000000.0,0.0,766000000.0,2474000000.0,2000000.0,65000000.0,149000000.0,594000000.0,0.2034943474,445000000.0,0.152449469,-65000000.0,380000000.0,0.130181569,67000000.0,304000000.0,0.1041452552,1.02,1.01,298500000,301600000,https://www.sec.gov/Archives/edgar/data/315293/000144530514002885/0001445305-14-002885-index.htm,https://www.sec.gov/Archives/edgar/data/315293/000144530514002885/q22014aonplc10-q.htm,9.77889447236181,1.018425460636516,1.152428810720268,0.95142378559464,2.4321608040201004,25.99329983249581,-12.7571189279732,25.79564489112228,20.804020100502512,26891865000.0,32618865000.0,22.115020559210524,9.21269784172662,78.1740261627907,94.68966549295774,3.49245,3.49245,11.17467112024666,54.91391414141414,94.82228197674418,114.85515845070422,0.0113045339175992,0.010560814580915,0.798051948051948,0.193384944612286,9.641414141414142,1.1041770573566083,6.846153846153846,1.099041533546326,0.0027889475125656,0.2467105263157894,0.2624186365193559,0.0,0.3640168680765357,0.1744186046511628,0.0205549845837615,0.4026845637583892,0.0250085645769099,24.31246973139066,0.02216749160473,0.0150428027116631,-47.12227805695142,1671000000.0,-3808000000.0,-6306000000.0,14025000000.0,2948000000.0,1477500000.0,12982000000.0,92.99075025693732,76.72131147540985,733.8056206088994,0.9678381962864722,1.1730769230769231,0.1226482837857245,0.0394805194805194,0.2010050251256281,2014-07-25,1.2,bmo,2802240000.0,2025-04-25,2014-06-30,0.0416666666666667,86.56666666666666,1355717.0317460315
2014-03-31,AON,USD,315293,2014-04-25,2014-04-25 16:41:17,2014,Q1,2947000000.0,1751000000.0,1196000000.0,0.4058364438,0,727000000.0,0.0,727000000.0,0.0,727000000.0,2478000000.0,2000000.0,58000000.0,146000000.0,618000000.0,0.2097047845,469000000.0,0.1591448931,-55000000.0,414000000.0,0.1404818459,78000000.0,325000000.0,0.1102816423,1.07,1.06,303738318,307200000,https://www.sec.gov/Archives/edgar/data/315293/000144530514001467/0001445305-14-001467-index.htm,https://www.sec.gov/Archives/edgar/data/315293/000144530514001467/q12014aonplc10-q.htm,9.702430761468824,1.069999999144,-0.0362153845864123,-0.2172923075184738,2.232184613598868,26.358215363528817,-11.602092298410634,26.16067690214838,15.816246141193156,25599065441.04,30007065441.04,19.6915888008,8.686483013586699,-2327.1877673672725,-387.8646278945455,3.221629177075258,3.221629177075258,10.182241411957923,48.55512207288026,-2727.915040094545,-454.65250668242425,0.0126957759746559,-0.002578219121007,0.5972816511452304,0.1577949928516807,7.132686084142395,1.0379949939028303,8.086206896551724,-0.0327380952380952,0.0020703880820208,0.163076923076923,0.2466915507295554,0.0,0.3833494031984573,-5.0,0.0186630471666101,0.3767123287671233,0.0346114692908042,25.09618090298537,0.0244421550863302,0.0175230495497924,-43.504553811350206,592000000.0,-3524000000.0,-5898000000.0,12907000000.0,2888000000.0,1715000000.0,11954500000.0,87.95385137427893,77.04740148486579,618.7435750999429,1.023263888888889,1.1681120747164777,0.1454560558232264,0.0409010823055625,0.1810769229320615,2014-04-25,1.18,bmo,2716765624.0,2025-04-25,2014-03-31,0.0847457627118644,83.25131147540984,1601533.31147541
2013-12-31,AON,USD,315293,2014-02-18,2014-02-18 17:15:50,2013,Q4,3209000000.0,1842000000.0,1367000000.0,0.4259894048,0,852000000.0,0.0,852000000.0,0.0,852000000.0,2694000000.0,3000000.0,57000000.0,162000000.0,694000000.0,0.2162667498,515000000.0,0.1604861328,-40000000.0,475000000.0,0.1480211904,115000000.0,355000000.0,0.1106263634,1.16,1.14,306034483,311400000,https://www.sec.gov/Archives/edgar/data/315293/000144530514000476/0001445305-14-000476-index.htm,https://www.sec.gov/Archives/edgar/data/315293/000144530514000476/aonplc201310-k.htm,10.485746470602791,1.1599999990850705,2.1206760546653824,1.940957744947977,3.2676056312255506,26.778028147893387,-11.04450703354236,26.61464786633211,14.527774636428797,25673232778.87,29585232778.87,18.079741393570423,8.00038416293861,39.55813987499229,43.22093060415825,3.152023668369552,3.152023668369552,9.21945552473356,42.63001841335735,45.585874851879815,49.80678919001683,0.013827631411194,0.0231369381922514,0.5388581952117864,0.1450861128557733,5.636887608069165,1.059632729868276,9.035087719298245,1.8027777777777776,0.0020644069430796,0.1492957746478873,0.2655032720473668,0.0,0.3826319791081287,0.0847457627118644,0.0171392957307572,0.3395061728395062,0.0289809909629167,26.356067778850875,0.0251119982933593,0.0190083529663739,-42.31059151592404,919000000.0,-3380000000.0,-5726000000.0,13285000000.0,2781000000.0,1727000000.0,11784500000.0,81.22156435026488,94.3485342019544,580.0162866449512,1.1080801104972375,0.953909891248058,0.1551680566085418,0.0435850214855739,0.1797183097174052,2014-01-31,1.53,bmo,3146487012.0,2025-04-25,2013-12-31,0.0065359477124183,79.215,1760973.09375
2013-09-30,AON,USD,315293,2013-10-25,2013-10-25 16:40:50,2013,Q3,2794000000.0,1666000000.0,1128000000.0,0.403722262,0,764000000.0,0.0,764000000.0,0.0,764000000.0,2430000000.0,3000000.0,53000000.0,157000000.0,563000000.0,0.2015032212,364000000.0,0.1302791696,-11000000.0,353000000.0,0.1263421618,89000000.0,256000000.0,0.0916249105,0.83,0.82,308433735,312900000,https://www.sec.gov/Archives/edgar/data/315293/000144530513002517/0001445305-13-002517-index.htm,https://www.sec.gov/Archives/edgar/data/315293/000144530513002517/q32013aonplc10-q.htm,9.058671873230727,0.8299999998378906,1.935585937121956,1.7669921871548844,2.353828124540268,24.60820312019371,-13.04980468495121,24.42664062022917,14.949726559580132,22959807233.4,27148807233.4,22.421686751367183,8.217540169434502,38.45863858190955,42.12808666678899,3.0474923325457923,3.0474923325457923,9.716824349821044,48.22168247495559,45.47538900067001,49.81432519889908,0.0111499193959953,0.0237371330891306,0.604990708786833,0.1555365978501962,7.440497335701599,1.0252122967546573,6.867924528301887,2.261363636363636,0.0023519361225927,0.2109375,0.2734430923407301,0.0,0.3963487459477904,0.0871021775544388,0.0186113099498926,0.3312101910828025,0.0250536864710093,21.35807841294915,0.0177693621994245,0.014471452798191,-42.60396483542891,383000000.0,-4025000000.0,-6141000000.0,12801000000.0,2752000000.0,1473000000.0,12137000000.0,85.87687902648533,82.27490996398559,631.9447779111645,1.0480120030007505,1.0938936309914642,0.1424175072661993,0.0339792938677993,0.1685937499670715,2013-10-25,1.04,bmo,2670371681.0,2025-04-25,2013-09-30,0.0865384615384614,68.60875,1447126.203125
2013-06-30,AON,USD,315293,2013-07-26,2013-07-26 16:49:04,2013,Q2,2897000000.0,1712000000.0,1185000000.0,0.4090438385,0,803000000.0,0.0,803000000.0,0.0,803000000.0,2515000000.0,2000000.0,48000000.0,158000000.0,548000000.0,0.1891612012,382000000.0,0.1318605454,-40000000.0,342000000.0,0.1180531584,90000000.0,241000000.0,0.0831895064,0.77,0.76,313700000,317100000,https://www.sec.gov/Archives/edgar/data/315293/000144530513001716/0001445305-13-001716-index.htm,https://www.sec.gov/Archives/edgar/data/315293/000144530513001716/q22013aonplc10-q.htm,9.234937838699397,0.7682499203060249,1.0615237488045903,0.8638826904686006,1.826585910105196,24.284348103283392,-12.473700988205293,24.09627032196365,14.303474657315906,20503432000.0,24676432000.0,21.269120331950205,7.07747048671039,61.57186786786787,75.65842066420664,2.712452969969573,2.712452969969573,8.517926130479808,45.029985401459854,74.1033993993994,91.05694464944648,0.0117541297476442,0.0132172994257741,0.5872469903426379,0.1476614995675603,7.614963503649635,1.0788417242513986,7.958333333333333,1.3214285714285714,0.0026824777432383,0.2282157676348547,0.277183293061788,0.0,0.3835739471758366,0.1861861861861861,0.0214014497756299,0.3924050632911392,0.0234725578184328,20.40879833495159,0.0184041901536894,0.0130052344719658,-42.8897035384125,1198000000.0,-3913000000.0,-6051000000.0,13537000000.0,2861000000.0,1431500000.0,12400000000.0,88.16706938211944,74.8072429906542,661.1214953271027,1.020789288231149,1.203092059030218,0.1361323155216285,0.0318825241434052,0.1976410583359898,2013-07-26,1.1,bmo,2897000000.0,2025-04-25,2013-06-30,0.009090909090909,63.369375,1637159.734375
2013-03-31,AON,USD,315293,2013-05-01,2013-05-01 17:06:05,2013,Q1,2915000000.0,1725000000.0,1190000000.0,0.4082332762,0,780000000.0,0.0,780000000.0,0.0,780000000.0,2505000000.0,1000000.0,52000000.0,158000000.0,578000000.0,0.1982847341,410000000.0,0.140651801,-42000000.0,368000000.0,0.1262435678,96000000.0,261000000.0,0.0895368782,0.82,0.82,318292683,320000000,https://www.sec.gov/Archives/edgar/data/315293/000144530513001035/0001445305-13-001035-index.htm,https://www.sec.gov/Archives/edgar/data/315293/000144530513001035/aonplc10-q.htm,9.158237545787378,0.8199999998114943,0.1696551723747919,-0.0188505747083102,2.3877394630526267,23.981072791421976,-12.557624518185987,23.811417619047184,14.527509575204403,19447682931.3,23611682931.3,18.628048784770115,6.671589341783876,360.1422765055556,-3241.28048855,2.5659959006861066,2.5659959006861066,8.10006275516295,40.85066251089965,437.25338761666666,-3935.28048855,0.013420621928175,-0.0003085200443258,0.6032458107929806,0.1522528222718039,7.204152249134948,1.0652643994495774,7.884615384615385,0.1985294117647058,0.0025710003693821,0.1915708812260536,0.2675814751286449,0.0,0.3872922841253455,1.1111111111111112,0.0205831903945111,0.379746835443038,0.0236706689536878,20.959977456343488,0.0194632934014688,0.0141855535626936,-41.97708811295546,996000000.0,-3997000000.0,-6139000000.0,13442000000.0,3027000000.0,1646500000.0,12219000000.0,89.04288164665523,75.13043478260869,637.7739130434783,1.010748959778086,1.1979166666666667,0.141115837696335,0.0344372608523551,0.1885057470831021,2013-04-26,1.11,bmo,2888738738.0,2025-04-25,2013-03-31,0.0,58.50633333333334,2322368.95
2012-12-31,AON,USD,315293,2013-02-22,2013-02-22 16:06:50,2012,Q4,3115000000.0,6709000000.0,-3594000000.0,-1.1537720706,0,-4055000000.0,0.0,-4055000000.0,0.0,-4055000000.0,2654000000.0,4000000.0,55000000.0,174000000.0,639000000.0,0.2051364366,461000000.0,0.1479935795,-51000000.0,410000000.0,0.1316211878,103000000.0,305000000.0,0.0979133226,0.95,0.93,321052632,327500000,https://www.sec.gov/Archives/edgar/data/315293/000104746913001494/0001047469-13-001494-index.htm,https://www.sec.gov/Archives/edgar/data/315293/000104746913001494/a2212713z10-k.htm,9.702459003668906,0.9499999987540984,1.7193442600402042,1.5075409816294545,1.984098358053641,24.31065570582209,-12.810983589756088,24.17672127976823,13.144262277843591,17853736865.52,21727736865.52,14.634210545508196,5.731536714452648,32.343726205652175,36.88788608578513,2.300146465539809,2.300146465539809,6.97519642552809,34.00271809940532,39.36184214768116,44.892018317190086,0.0170832583843571,0.0271091706820617,0.5365885081164649,0.1366200879092042,6.062597809076682,1.0912603250732746,8.381818181818181,1.798045602605863,0.0028565448445974,0.1672131147540983,-1.3017656500802568,0.0,0.3909335432657613,0.1231884057971014,0.0218298555377207,0.3908045977011494,0.0166934189406099,22.732738873204543,0.0221444575877629,0.0164261094355881,-42.234508141331794,1370000000.0,-4113000000.0,-6299000000.0,14108000000.0,3064500000.0,1686000000.0,6107000000.0,91.58908507223114,24.85765389774929,163.84856163362647,0.9826498422712934,3.62061521856449,0.549287702636319,0.0392939963926823,0.2118032784107498,2013-02-01,1.25,bmo,3090472440.0,2025-04-25,2012-12-31,0.016,55.29854838709678,1628294.5967741937
2012-09-30,AON,USD,315293,2012-10-31,2012-10-31 16:08:22,2012,Q3,2737000000.0,1620000000.0,1117000000.0,0.4081110705,0,778000000.0,0.0,778000000.0,0.0,778000000.0,2398000000.0,1000000.0,57000000.0,161000000.0,492000000.0,0.1797588601,339000000.0,0.1238582389,-65000000.0,274000000.0,0.1001096091,64000000.0,204000000.0,0.0745341615,0.62,0.62,329032258,331000000,https://www.sec.gov/Archives/edgar/data/315293/000110465912072700/0001104659-12-072700-index.htm,https://www.sec.gov/Archives/edgar/data/315293/000110465912072700/a12-19884_110q.htm,8.318333334964379,0.6200000001215686,1.8174509807485195,1.5986274512938483,3.0635294123653978,25.410882357923704,-10.743627453086988,25.24068627945896,13.551862747755267,17534129028.82,21646129028.82,21.487903221593136,6.406331395257581,29.32128600137124,33.334846062395435,2.111273814427453,2.111273814427453,7.908706258246255,43.99619721304878,36.197540181973245,41.15233655669201,0.0116344529953381,0.0299986386056267,0.5300421432871764,0.1491748280185706,8.357723577235772,1.1252687401461947,5.947368421052632,2.847619047619048,0.003878150998446,0.3333333333333333,0.2842528315674095,0.0,0.4031312480938019,0.1204013377926421,0.0263061746437705,0.4472049689440994,0.0200949945195469,18.764529668166297,0.0163964103400337,0.0115823539431102,-54.46502452048334,1748000000.0,-3535000000.0,-5446000000.0,14458000000.0,3017000000.0,759500000.0,0.0,97.29996346364632,84.38888888888889,0.0,0.924974653599189,1.066491112574062,0.0,0.0245635159542444,0.2188235294546713,2012-10-26,0.89,bmo,2564136842.0,2025-04-25,2012-09-30,0.0674157303370785,50.49126984126984,1431920.492063492
2012-06-30,AON,USD,315293,2012-08-08,2012-08-08 17:01:33,2012,Q2,2821000000.0,1639000000.0,1182000000.0,0.4190003545,0,788000000.0,0.0,788000000.0,0.0,788000000.0,2427000000.0,2000000.0,57000000.0,161000000.0,569000000.0,0.2017015243,394000000.0,0.1396667848,-43000000.0,351000000.0,0.1244239631,96000000.0,246000000.0,0.0872031195,0.74,0.73,332432432,335600000,https://www.sec.gov/Archives/edgar/data/315293/000110465912055980/0001104659-12-055980-index.htm,https://www.sec.gov/Archives/edgar/data/315293/000110465912055980/a12-13662_110q.htm,8.485934970388207,0.7400000009626017,0.8543089442007271,0.6798373992583251,2.4125203283414898,24.696747999605527,-10.856341477536704,24.522276454663125,13.677967497467275,15551189168.96,19755189168.96,15.804054033495934,5.5126512474158105,54.75770834140845,68.8105715440708,1.9076532346614328,1.9076532346614328,7.00290293121588,34.71913737954306,69.5605252428169,87.41234145557522,0.0158187259718384,0.0145326506895751,0.5507850834151129,0.145746096666342,7.388400702987698,1.1221052631578947,6.912280701754386,1.1181102362204725,0.0034080994979977,0.2154471544715447,0.2793335696561503,0.0,0.3836465738306229,0.204225352112676,0.0205600850762141,0.3602484472049689,0.0177242112725983,20.20633325225677,0.0178910754571733,0.0129555508742363,-58.624695198210986,1856000000.0,-3609000000.0,-5541000000.0,14472000000.0,3119500000.0,0.0,0.0,98.10350939383196,0.0,0.0,0.9173983739837398,0.0,0.0,0.0301766437684003,0.174471544942402,2012-07-27,1.01,bmo,2793343137.0,2025-04-25,2012-06-30,0.0099009900990099,47.827777777777776,2267282.6507936507
2012-03-31,AON,USD,315293,2012-05-08,2012-05-08 16:07:54,2012,Q1,2841000000.0,1661000000.0,1180000000.0,0.4153467089,0,778000000.0,0.0,778000000.0,0.0,778000000.0,2439000000.0,3000000.0,59000000.0,159000000.0,564000000.0,0.1985216473,402000000.0,0.141499472,-56000000.0,346000000.0,0.1217881028,97000000.0,238000000.0,0.0837733193,0.72,0.71,330555556,336600000,https://www.sec.gov/Archives/edgar/data/315293/000110465912034478/0001104659-12-034478-index.htm,https://www.sec.gov/Archives/edgar/data/315293/000110465912034478/a12-6844_110q.htm,8.594621837183702,0.7199999990319328,-0.0453781511994915,-0.2601680668770849,2.5199999966117645,25.460168032994737,-11.141848724515162,25.284705848356698,13.652773090887028,16217055577.36,20348055577.36,17.03472224512605,5.708220900161915,-1081.1370384906668,-188.57041369023256,1.94030337130414,1.94030337130414,7.162286370066878,36.0781127258156,-1356.5370384906666,-236.6052974111628,0.0146759070328563,-0.0053030588438052,0.5329026082794927,0.1471375243632519,7.324468085106383,1.1371737300028066,6.813559322033898,-0.0602409638554216,0.0030215102714704,0.2058823529411764,0.2738472368884195,0.0,0.3996894717716626,-4.733333333333333,0.0249912002815909,0.4465408805031446,0.019359380499824,20.23887927214942,0.0177430590637646,0.0130970724191063,-56.41714278128787,1955000000.0,-3683000000.0,-5648000000.0,14862000000.0,3173500000.0,916000000.0,0.0,100.23231256599789,0.0,0.0,0.8979140328697851,0.0,0.0,0.0284757118927973,0.2147899156775934,2012-05-04,1.06,bmo,3072918367.0,2025-04-25,2012-03-31,-0.0754716981132076,47.83096774193548,2275122.3870967743
2011-12-31,AON,USD,315293,2012-02-24,2012-02-24 16:47:56,2011,Q4,2994000000.0,0.0,2994000000.0,1.0,0,2559000000.0,0.0,2559000000.0,0.0,2559000000.0,2559000000.0,4000000.0,59000000.0,145000000.0,588000000.0,0.1963927856,435000000.0,0.1452905812,-51000000.0,384000000.0,0.128256513,104000000.0,277000000.0,0.0925183701,0.84,0.82,330555556,336600000,https://www.sec.gov/Archives/edgar/data/315293/000104746912001478/0001047469-12-001478-index.htm,https://www.sec.gov/Archives/edgar/data/315293/000104746912001478/a2207295z10-k.htm,9.057478979418516,0.8379831921506108,-1.1949579815866112,-1.4672268887835604,3.197647054524172,24.564705849324767,-11.876974773946923,24.43764702596619,13.76773107392574,15470000020.8,19690000020.8,13.962093881588448,5.167000674949899,-39.16455701468354,-31.896907259381443,1.915077992176281,1.915077992176281,6.576486312892452,33.486394593197275,-49.84810131848101,-40.59793818721649,0.0179056237639019,-0.0313510018970846,0.5560782371874227,0.1520032485110991,7.17687074829932,1.1268168604651163,7.372881355932203,-1.4107142857142858,0.00381383322047,0.2129963898916967,0.8547094188376754,0.0,0.4076204656199242,-0.2278481012658227,0.0300601202404809,0.6206896551724138,0.0187040748162992,21.46538126677589,0.0196656643313286,0.0158231463498229,-54.41672261591029,1745000000.0,-3926000000.0,-5927000000.0,14574000000.0,2964000000.0,916000000.0,0.0,95.6813627254509,0.0,0.0,0.94062205466541,0.0,0.0,0.0342906660064372,0.2722689071969493,2012-02-03,0.96,bmo,2963134020.0,2025-04-25,2011-12-31,0.0104166666666666,46.06142857142857,2680953.476190476
2011-09-30,AON,USD,315293,2011-11-04,2011-11-04 16:06:39,2011,Q3,2723000000.0,0.0,2723000000.0,1.0,0,2395000000.0,0.0,2395000000.0,0.0,2395000000.0,2395000000.0,4000000.0,60000000.0,144000000.0,496000000.0,0.1821520382,328000000.0,0.1204553801,-36000000.0,292000000.0,0.1072346676,84000000.0,198000000.0,0.0727139185,0.59,0.59,335593220,336900000,https://www.sec.gov/Archives/edgar/data/315293/000110465911061134/0001104659-11-061134-index.htm,https://www.sec.gov/Archives/edgar/data/315293/000110465911061134/a11-25657_110q.htm,8.113989907185848,0.5900000005959596,0.7509090916675849,0.5959595965615754,2.6877777804927048,24.66974749966641,-11.671868698658454,24.53267679245725,13.820303044262932,14088203375.599998,18371203375.6,17.788135575252525,5.17378015997062,55.90556895079365,70.441016878,1.711187097728653,1.711187097728653,6.746677699449136,37.03871648306451,72.9016006968254,91.856016878,0.0140543115911376,0.0141962743344825,0.556054901008138,0.1592624804313793,8.63508064516129,1.1359185272228751,5.466666666666667,1.2115384615384617,0.0035490685836206,0.2525252525252525,0.879544619904517,0.0,0.4242824839102452,0.2063492063492063,0.0190965846492838,0.3611111111111111,0.0213000367242012,18.046364862454457,0.0144733838577983,0.0119644691522146,-52.16210863854759,1735000000.0,-3917000000.0,-5966000000.0,14704000000.0,2765000000.0,0.0,0.0,90.72713918472272,0.0,0.0,0.991985428051002,0.0,0.0,0.024049556662213,0.1549494951060095,2011-10-28,0.73,bmo,2880855072.0,2025-04-25,2011-09-30,-0.0547945205479452,46.20328125,2594712.734375
2011-06-30,AON,USD,315293,2011-08-04,2011-08-04 16:37:47,2011,Q2,2811000000.0,0.0,2811000000.0,1.0,0,2371000000.0,0.0,2371000000.0,0.0,2371000000.0,2371000000.0,4000000.0,63000000.0,149000000.0,564000000.0,0.2006403415,440000000.0,0.156527926,-88000000.0,352000000.0,0.1252223408,87000000.0,258000000.0,0.0917822839,0.76,0.75,339473684,342700000,https://www.sec.gov/Archives/edgar/data/315293/000110465911043744/0001104659-11-043744-index.htm,https://www.sec.gov/Archives/edgar/data/315293/000110465911043744/a11-13853_110q.htm,8.280465121414242,0.7600000004713179,1.705581396406562,1.5789147296613424,2.4007751952873027,24.935658930192652,-11.765271325125749,24.73829458898499,13.532713186686951,17414999989.2,21645999989.2,16.87499998953488,6.195304158377802,30.077720188601035,32.490671621641795,2.073708024434389,2.073708024434389,7.700462465030238,38.37943260496454,37.38514678618308,40.3843283380597,0.0148148148240023,0.0307780649056791,0.5395332221957609,0.1485768625393494,7.50177304964539,1.1389862014727965,6.984126984126984,2.168539325842697,0.0028136663813027,0.189922480620155,0.8434720739950196,0.0,0.4085453830010493,0.0742659758203799,0.015297047314123,0.2885906040268456,0.0167200284596229,20.5675676183156,0.0200018114848137,0.0143039308088928,-56.34383724424424,1944000000.0,-3994000000.0,-6100000000.0,15201000000.0,2717500000.0,0.0,0.0,89.1675560298826,0.0,0.0,1.0093357271095154,0.0,0.0,0.0307216003810431,0.1266666667452196,2011-07-29,0.82,bmo,2777132530.0,2025-04-25,2011-06-30,0.0121951219512195,51.80428571428572,1914728.650793651
2011-03-31,AON,USD,315293,2011-05-05,2011-05-05 16:36:32,2011,Q1,2759000000.0,0.0,2759000000.0,1.0,0,2361000000.0,0.0,2361000000.0,0.0,2361000000.0,2361000000.0,6000000.0,63000000.0,144000000.0,563000000.0,0.2040594418,398000000.0,0.1442551649,-42000000.0,356000000.0,0.1290322581,103000000.0,246000000.0,0.0891627401,0.72,0.71,341666667,345400000,https://www.sec.gov/Archives/edgar/data/315293/000110465911026364/0001104659-11-026364-index.htm,https://www.sec.gov/Archives/edgar/data/315293/000110465911026364/a11-8884_110q.htm,8.075121943341344,0.719999999297561,1.7034146324844734,1.539512193619988,3.719999996370732,24.839999975765853,-11.575609744804284,24.65268290277787,14.55804876628483,18094666684.32,22323666684.32,18.38888890682927,6.558414891018485,31.09049258474227,34.40050700441065,2.1482448871328508,2.1482448871328508,8.091216630779268,39.6512729739254,38.35681560879725,42.44043095878327,0.0135951661498784,0.0290693390033985,0.5830464205152558,0.1647875981477753,7.511545293072825,1.1472207557131004,6.317460317460317,2.2823529411764705,0.0028185100554625,0.2073170731707317,0.8557448350851757,0.0,0.4174887591436816,0.0962199312714776,0.0202972091337441,0.3888888888888889,0.0268213120695904,19.984330427496666,0.0165942103025369,0.0141705069124423,-52.84829263136752,1952000000.0,-3955000000.0,-6104000000.0,15185000000.0,2675500000.0,0.0,0.0,86.44436389996375,0.0,0.0,1.0411320754716982,0.0,0.0,0.0292057461711979,0.1639024388644854,2011-04-29,0.8,bmo,2759000000.0,2025-04-25,2011-03-31,0.0,49.08112903225807,2455536.6612903224
2010-12-31,AON,USD,315293,2011-02-25,2011-02-25 17:20:56,2010,Q4,2909000000.0,0.0,2909000000.0,1.0,0,2487000000.0,0.0,2487000000.0,0.0,2487000000.0,2487000000.0,6000000.0,65000000.0,126000000.0,551000000.0,0.1894121691,422000000.0,0.1450670333,-62000000.0,360000000.0,0.1237538673,118000000.0,231000000.0,0.0794087315,0.68,0.67,341666667,345400000,https://www.sec.gov/Archives/edgar/data/315293/000104746911001427/0001047469-11-001427-index.htm,https://www.sec.gov/Archives/edgar/data/315293/000104746911001427/a2202065z10-k.htm,8.51414633315693,0.6760975603160024,0.0409756097161213,-0.1492682925372992,3.3102438992095182,24.31024387872171,-11.56682925700797,24.149268269122665,13.378536572313624,15720083348.67,19880083348.67,17.013077217175322,5.403947524465452,1122.863096333571,-308.2369284052941,1.9052337109041328,1.9052337109041328,6.833992213361979,36.08000607744101,1420.0059534764284,-389.80555585627445,0.0146945785767442,-0.0032442576078526,0.5461156223488062,0.1554758125733213,7.549909255898367,1.1212448837748088,6.492307692307692,0.0580912863070539,0.0045801283875566,0.3116883116883117,0.854932966655208,0.0,0.4229521772134428,4.642857142857143,0.0223444482640082,0.5158730158730159,0.0189068408387762,19.166725870733263,0.0171665826189275,0.0138124850514231,-51.27585360851136,1570000000.0,-3952000000.0,-6157000000.0,14609000000.0,2393500000.0,640500000.0,0.0,83.56479889996562,0.0,0.0,1.0770085153646798,0.0,0.0,0.0279966064719427,0.1902439022534205,2011-02-04,0.82,bmo,2839738095.0,2025-04-25,2010-12-31,0.024390243902439,41.73703125,2549739.625
2010-09-30,AON,USD,315293,2010-11-04,2010-11-04 17:23:26,2010,Q3,1801000000.0,0.0,1801000000.0,1.0,0,1538000000.0,0.0,1538000000.0,0.0,1538000000.0,1538000000.0,4000000.0,50000000.0,61000000.0,319000000.0,0.1771238201,263000000.0,0.1460299833,-55000000.0,208000000.0,0.1154913937,61000000.0,144000000.0,0.0799555802,0.52,0.51,276923077,282200000,https://www.sec.gov/Archives/edgar/data/315293/000110465910056151/0001104659-10-056151-index.htm,https://www.sec.gov/Archives/edgar/data/315293/000110465910056151/a10-17273_110q.htm,6.503611109304552,0.5199999998555556,-0.3574999999006944,-0.5163888887454475,8.843611108654553,21.103333327471297,-3.1994444435557097,20.91555554974568,13.743888885071142,10830461541.47,14251461541.47,18.80288462060764,6.013582199594669,-109.3986014289899,-75.73749329699301,1.8699001280162293,1.8699001280162293,7.913082477218212,44.67542802968652,-143.95415698454545,-99.66057022006991,0.0132958322642688,-0.013203500095767,0.6484806629834254,0.1608014384793218,10.724137931034482,1.2363144090024536,5.26,-0.673469387755102,0.0037856189085765,0.2847222222222222,0.8539700166574126,0.0,0.2881239832177412,-0.4444444444444444,0.0244308717379233,0.7213114754098361,0.0238756246529705,15.643273310405624,0.0152992174094733,0.008660091412076,-48.751805542013386,2793000000.0,-886000000.0,-2902000000.0,9991000000.0,2040000000.0,1236500000.0,0.0,104.2420877290394,0.0,0.0,0.8633748801534037,0.0,0.0,0.0248618784530386,0.158888888844753,2010-10-29,0.66,bmo,1948622950.0,2025-04-25,2010-09-30,-0.0757575757575758,37.490625,3764613.140625
2010-06-30,AON,USD,315293,2010-08-06,2010-08-06 16:01:17,2010,Q2,1898000000.0,0.0,1898000000.0,1.0,0,1630000000.0,0.0,1630000000.0,0.0,1630000000.0,1630000000.0,4000000.0,33000000.0,60000000.0,337000000.0,0.1775553214,268000000.0,0.1412012645,-24000000.0,244000000.0,0.1285563751,60000000.0,153000000.0,0.0806111697,0.55,0.54,278181818,282600000,https://www.sec.gov/Archives/edgar/data/315293/000110465910042738/0001104659-10-042738-index.htm,https://www.sec.gov/Archives/edgar/data/315293/000110465910042738/a10-12609_110q.htm,6.82287582145286,0.5500000003594772,1.4666666676252724,1.3300653603464478,2.638562093227818,19.69215687561579,-3.540849675516895,19.51241831340681,7.203921573335896,10326109084.16,12037109084.16,16.872727261699342,5.440521119157007,25.309090892549012,27.90840293016216,1.902378239528372,1.902378239528372,6.341996356248683,35.71842458207715,29.502718343529413,32.53272725448649,0.0148168103545117,0.0358315021645056,0.3631171702284451,0.0822758390382367,5.077151335311573,1.096123921346725,8.121212121212121,2.5822784810126582,0.0039705178074181,0.2679738562091503,0.8587987355110642,0.0,0.2697862748372015,0.0931372549019607,0.0200210748155953,0.6333333333333333,0.030031612223393,15.539181985749131,0.0198369023022907,0.0087463556851311,-58.40964056105205,1359000000.0,-985000000.0,-2981000000.0,8272000000.0,1988500000.0,1230500000.0,0.0,94.55216016859852,0.0,0.0,0.9518555667001004,0.0,0.0,0.0281871775976418,0.1366013072788243,2010-07-30,0.75,bmo,1757407407.0,2025-04-25,2010-06-30,0.08,40.97873015873016,1841163.349206349
2010-03-31,AON,USD,315293,2010-05-04,2010-05-04 16:14:55,2010,Q1,1904000000.0,0.0,1904000000.0,1.0,0,1631000000.0,0.0,1631000000.0,0.0,1631000000.0,1631000000.0,1000000.0,34000000.0,58000000.0,339000000.0,0.1780462185,273000000.0,0.1433823529,-26000000.0,247000000.0,0.1297268908,61000000.0,178000000.0,0.093487395,0.65,0.63,275900000,283400000,https://www.sec.gov/Archives/edgar/data/315293/000110465910025227/0001104659-10-025227-index.htm,https://www.sec.gov/Archives/edgar/data/315293/000110465910025227/a10-5733_110q.htm,6.901051105472997,0.6451612903225806,1.6817687567959403,1.5621602029720911,2.6603841971728888,19.77890540050743,-4.349401957230881,19.579557810801013,7.723812975715839,11783689000.0,13458689000.0,16.550125,6.188912289915966,25.39588146551724,27.340345707656613,2.1813567197334325,2.1813567197334325,7.068639180672269,39.70114749262537,29.00579525862069,31.226656612529,0.0151056260904373,0.0365759822751601,0.3881895594224361,0.0913367306938455,4.941002949852507,1.116781465247339,8.029411764705882,2.4946236559139785,0.003479385784876,0.2303370786516854,0.8566176470588235,0.0,0.2899516529465569,0.0711206896551724,0.0173319327731092,0.5689655172413793,0.0346638655462184,16.858807418561483,0.0200232733386988,0.0109189056557477,-55.385103298296485,1492000000.0,-1200000000.0,-3234000000.0,8601000000.0,2017500000.0,634500000.0,0.0,93.734243697479,0.0,0.0,0.9601613716591024,0.0,0.0,0.0329507589781562,0.1196085538238492,2010-04-30,0.81,bmo,1858120481.0,2025-04-25,2010-03-31,0.0246913580246912,40.15065573770492,1831638.606557377
2009-12-31,AON,USD,315293,2010-02-26,2010-02-26 16:16:58,2009,Q4,2048000000.0,0.0,2048000000.0,1.0,0,2020000000.0,0.0,2020000000.0,-174000000.0,1846000000.0,1846000000.0,0.0,35000000.0,68000000.0,321000000.0,0.1567382813,202000000.0,0.0986328125,16000000.0,218000000.0,0.1064453125,56000000.0,198000000.0,0.0966796875,0.72,0.7,275900000,283400000,https://www.sec.gov/Archives/edgar/data/315293/000104746910001535/0001047469-10-001535-index.htm,https://www.sec.gov/Archives/edgar/data/315293/000104746910001535/a2196344z10-k.htm,7.422979340340703,0.7176513229430953,0.7031533164189924,0.5074302283436027,2.316056542225444,19.68466835810076,-5.212033345415006,19.496194273287426,7.404856832185574,10578006000.0,12369006000.0,13.356068181818184,5.1650419921875,54.52580412371135,75.55718571428571,1.9665376464026776,1.9665376464026776,6.0395537109375,38.53272897196262,63.75776288659794,88.35004285714285,0.0187180835405084,0.0132350085639958,0.3733035880275144,0.0874640648140081,5.579439252336448,1.106724683544304,5.771428571428571,0.8899082568807339,0.0038759667937416,0.207070707070707,0.986328125,0.0,0.2991985364578796,0.2783505154639175,0.0263671875,0.7941176470588235,0.02783203125,17.74283140547351,0.0145342846381796,0.0123065448443035,-55.63247553461399,1349000000.0,-1438000000.0,-3538000000.0,8679000000.0,1948000000.0,688500000.0,0.0,90.17578125,0.0,0.0,0.9980506822612084,0.0,0.0,0.0368098159509202,0.1957230880753896,2010-02-05,0.81,bmo,1749093750.0,2025-04-25,2009-12-31,0.185185185185185,39.5140625,2242918.34375
2009-09-30,AON,USD,315293,2009-11-03,2009-11-03 16:20:28,2009,Q3,1794000000.0,0.0,1794000000.0,1.0,0,1600000000.0,0.0,1600000000.0,0.0,1600000000.0,1600000000.0,3000000.0,32000000.0,56000000.0,266000000.0,0.1482720178,194000000.0,0.1081382386,-16000000.0,178000000.0,0.099219621,47000000.0,120000000.0,0.0668896321,0.42,0.41,285714286,292100000,https://www.sec.gov/Archives/edgar/data/315293/000110465909062181/0001104659-09-062181-index.htm,https://www.sec.gov/Archives/edgar/data/315293/000110465909062181/a09-30756_110q.htm,6.278999993721,0.41999999958,0.293999999706,0.1784999998215,4.136999995863,21.454999978545,-2.064999997935,20.964999979035,7.146999992853,11625714297.34,13055714297.34,24.220238119458333,6.48033126942029,138.40136068261904,227.95518230078432,1.940853805899833,1.940853805899833,7.277432718695652,49.08163269676692,155.42517020642856,255.9943979870588,0.0103219464138609,0.0043868272258908,0.335559265442404,0.0928792569659442,5.37593984962406,1.1523580279932246,6.0625,0.6268656716417911,0.0035266650247358,0.3416666666666667,0.8918617614269788,0.0,0.3105216949309182,0.3928571428571428,0.0183946488294314,0.5892857142857143,0.0317725752508361,14.0754839918122,0.0136810349653963,0.0080423564104282,-45.310999954689,1709000000.0,-590000000.0,-2585000000.0,8882000000.0,1890500000.0,1384500000.0,0.0,92.50836120401338,0.0,0.0,0.972885032537961,0.0,0.0,0.020033388981636,0.1154999998845,2009-10-30,0.66,bmo,1821600000.0,2025-04-25,2009-09-30,-0.0151515151515151,40.069375,2475976.28125
2009-06-30,AON,USD,315293,2009-08-07,2009-08-07 16:03:11,2009,Q2,1882000000.0,0.0,1882000000.0,1.0,0,1662000000.0,0.0,1662000000.0,0.0,1662000000.0,1662000000.0,2000000.0,26000000.0,58000000.0,294000000.0,0.1562167906,220000000.0,0.1168969182,-10000000.0,210000000.0,0.1115834219,57000000.0,149000000.0,0.0791710946,0.53,0.52,281132075,289100000,https://www.sec.gov/Archives/edgar/data/315293/000110465909048222/0001104659-09-048222-index.htm,https://www.sec.gov/Archives/edgar/data/315293/000110465909048222/a09-14241_110q.htm,6.694362427339534,0.5300000008892617,-1.622013425540291,-1.735838929086978,4.645503363499167,21.3707382908905,-2.3156375877779154,20.86563761890208,6.957583904291248,10646471680.25,12039471680.25,17.86320751719799,5.6569987674017,-23.347525614583333,-21.816540328381148,1.8149457347852027,1.8149457347852027,6.397168799282678,40.95058394642857,-26.402350175986843,-24.67104852510246,0.0139952469207621,-0.045836781861288,0.3290146607569042,0.0789753662329159,4.738095238095238,1.0687798640554549,8.461538461538462,-2.941935483870968,0.0039449689306846,0.2818791946308724,0.8831030818278427,0.0,0.2724854734429986,-0.0701754385964912,0.0170031880977683,0.5517241379310345,0.0292242295430393,15.774115792110033,0.0156223893065998,0.0083806738286742,-55.74337257675062,1022000000.0,-651000000.0,-2549000000.0,8128000000.0,1866000000.0,1364000000.0,0.0,92.63018065887354,0.0,0.0,0.9716055756324212,0.0,0.0,0.0254006137061029,0.113825503546687,2009-07-30,0.74,bmo,1832473684.0,2025-04-25,2009-06-30,0.027027027027027,37.89873015873016,4080700.793650794
2009-03-31,AON,USD,315293,2009-05-08,2009-05-08 17:14:39,2009,Q1,1846000000.0,0.0,1846000000.0,1.0,0,1480000000.0,0.0,1480000000.0,0.0,1480000000.0,1480000000.0,7000000.0,29000000.0,60000000.0,432000000.0,0.2340195016,366000000.0,0.1982665222,-23000000.0,343000000.0,0.1858071506,108000000.0,280000000.0,0.1516793066,0.99,0.96,284300000,292000000,https://www.sec.gov/Archives/edgar/data/315293/000110465909031127/0001104659-09-031127-index.htm,https://www.sec.gov/Archives/edgar/data/315293/000110465909031127/a09-11078_110q.htm,6.493141048188534,0.9848751319029194,1.945128385508266,1.871262750615547,5.515300738656349,19.91558213155118,-2.187829757298628,19.53218431234611,6.967991558213155,11605126000.0,13056126000.0,10.361719642857144,6.286633802816901,20.98576130198915,21.81414661654135,2.08988402665226,2.08988402665226,7.072657638136511,30.222513888888887,23.60963110307414,24.54159022556391,0.0241272692773865,0.0458418116270344,0.3515216999819917,0.0844729098147827,3.3587962962962963,1.1371367553962322,12.620689655172416,1.9403508771929825,0.0035329215727601,0.1464285714285714,0.8017334777898159,0.0,0.2719404535225895,0.0379746835443038,0.0113759479956663,0.35,0.0216684723726977,20.804498516472712,0.0248250685568469,0.016642891107941,-51.11413999296518,1798000000.0,-622000000.0,-2537000000.0,8512000000.0,1892500000.0,1448000000.0,0.0,87.51354279523294,0.0,0.0,1.0284122562674094,0.0,0.0,0.0504231946695479,0.0738656348927189,2009-05-01,0.88,bmo,2137473684.0,2025-04-25,2009-03-31,-0.1363636363636363,39.873770491803285,4114875.049180328
2008-12-31,AON,USD,315293,2009-03-02,2009-03-02 16:27:42,2008,Q4,1920000000.0,0.0,1920000000.0,1.0,0,1599000000.0,0.0,1599000000.0,65000000.0,1664000000.0,1664000000.0,0.0,30000000.0,65000000.0,273000000.0,0.1421875,256000000.0,0.1333333333,-78000000.0,178000000.0,0.0927083333,51000000.0,-6000000.0,-0.003125,-0.0211,-0.0208,284300000,288800000,https://www.sec.gov/Archives/edgar/data/315293/000104746909002122/0001047469-09-002122-index.htm,https://www.sec.gov/Archives/edgar/data/315293/000104746909002122/a2190823z10-k.htm,6.753429475905733,-0.0211044671122054,1.9205065072106928,1.8396060499472389,5.286669011607457,18.677453394301796,-3.890256771016532,18.677453394301796,7.059444249032712,12986824000.0,14381824000.0,-541.1176666666667,6.7639708333333335,23.785391941391943,24.8314034416826,2.4457295668549905,2.4457295668549905,7.490533333333333,52.680673992674,26.340336996337,27.498707456978966,-0.0004620067231218,0.0402715860321199,0.3723163841807909,0.0861813426329555,5.1098901098901095,1.1345778333203156,8.533333333333333,-91.0,0.0031570459413325,-6.833333333333333,0.8328125,0.0,0.2796861377506539,0.0421245421245421,0.0119791666666666,0.3538461538461538,0.028125,,0.0178335955275589,-0.0003631082062454,-51.475553992261695,1723000000.0,-1106000000.0,-3104000000.0,8590000000.0,1933500000.0,1370000000.0,0.0,93.28125,0.0,0.0,0.964824120603015,0.0,0.0,-0.0011299435028248,0.0809004572634541,2009-02-06,0.78,bmo,1835407407.0,2025-04-25,2008-12-31,0.0384615384615384,41.41953125,3926219.125
2008-09-30,AON,USD,315293,2008-11-07,2008-11-07 16:19:31,2008,Q3,1846000000.0,0.0,1846000000.0,1.0,0,1550000000.0,0.0,1550000000.0,49000000.0,1599000000.0,1599000000.0,0.0,32000000.0,49000000.0,299000000.0,0.161971831,247000000.0,0.1338028169,-29000000.0,218000000.0,0.1180931744,59000000.0,117000000.0,0.0633802817,0.43,0.4,272093023,290300000,https://www.sec.gov/Archives/edgar/data/315293/000110465908069209/0001104659-08-069209-index.htm,https://www.sec.gov/Archives/edgar/data/315293/000110465908069209/a08-25372_110q.htm,6.784444450822982,0.4300000004042735,0.5329059834070057,0.4520512824762875,8.908717957093666,21.85649574704457,3.098205131117971,21.85649574704457,7.335726502623332,12233302314.08,13719302314.08,26.1395348591453,6.62692433048754,84.36760216606896,99.45774239089432,2.0570543659122245,2.0570543659122245,7.431908079133261,45.88395422769231,94.61587802813791,111.53904320390244,0.0095640569484936,0.0100545214073907,0.3302505464940306,0.0947967950574379,4.969899665551839,1.2865200225606317,7.71875,1.2393162393162394,0.0033515071357969,0.3504273504273504,0.8396533044420368,0.0,0.2463558258519162,0.1517241379310344,0.0119176598049837,0.4489795918367347,0.028169014084507,14.541719174549694,0.0178721603320227,0.0074932752657871,-40.20408123437991,3048000000.0,843000000.0,-1085000000.0,8601000000.0,1944500000.0,1193500000.0,0.0,91.51137594799566,0.0,0.0,0.9834842834310068,0.0,0.0,0.0196737851017319,0.0808547009307181,2008-10-31,0.63,bmo,1607869565.0,2025-04-25,2008-09-30,0.0952380952380951,46.36078125,3084544.734375
2008-06-30,AON,USD,315293,2008-08-08,2008-08-08 16:09:08,2008,Q2,1956000000.0,0.0,1956000000.0,1.0,0,1643000000.0,0.0,1643000000.0,58000000.0,1701000000.0,1701000000.0,0.0,31000000.0,58000000.0,315000000.0,0.1610429448,255000000.0,0.1303680982,-29000000.0,226000000.0,0.1155419223,57000000.0,1133000000.0,0.5792433538,3.82,3.71,289500000,305300000,https://www.sec.gov/Archives/edgar/data/315293/000110465908051363/0001104659-08-051363-index.htm,https://www.sec.gov/Archives/edgar/data/315293/000110465908051363/a08-18671_110q.htm,6.756476683937824,3.913644214162349,-0.8566493955094991,-0.9568221070811744,10.473229706390327,22.29706390328152,3.7063903281519854,22.29706390328152,7.09153713298791,13299630000.0,14855630000.0,2.934605030891438,6.799401840490797,-53.62754032258064,-48.0131046931408,2.06036096049574,2.06036096049574,7.594902862985685,47.16073015873016,-59.90173387096774,-53.63043321299639,0.0851903398816358,-0.0208276470849189,0.3132455460883036,0.0839875389408099,4.93968253968254,1.254317821856852,8.225806451612904,-0.2188879082082965,0.0032331726521715,0.0379523389232127,0.8399795501022495,0.0,0.2235514018691588,-0.1169354838709677,0.0148261758691206,0.5,0.0306748466257668,44.3104100703484,0.0176299778761061,0.0606109238752474,-45.17789291882556,3372000000.0,1073000000.0,-989000000.0,9237000000.0,1975000000.0,1206500000.0,0.0,92.57668711656444,0.0,0.0,0.9721669980119284,0.0,0.0,0.1755228505034856,0.1001727115716753,2008-07-31,0.69,bmo,1900901408.0,2025-04-25,2008-06-30,0.0289855072463768,46.1078125,2177988.15625
2008-03-31,AON,USD,315293,2008-05-09,2008-05-09 16:02:21,2008,Q1,1905000000.0,0.0,1905000000.0,1.0,0,1568000000.0,0.0,1568000000.0,50000000.0,1618000000.0,1618000000.0,0.0,33000000.0,50000000.0,341000000.0,0.1790026247,287000000.0,0.150656168,-29000000.0,258000000.0,0.1354330709,76000000.0,218000000.0,0.1144356955,0.7,0.68,311900000,319800000,https://www.sec.gov/Archives/edgar/data/315293/000110465908031853/0001104659-08-031853-index.htm,https://www.sec.gov/Archives/edgar/data/315293/000110465908031853/a08-11280_110q.htm,6.107726835524207,0.698941968579673,1.6543764026931709,1.5613978839371594,5.254889387624239,20.686117345302986,3.3279897403013785,20.686117345302986,6.771401090092978,12538380000.0,14165380000.0,14.378876146788992,6.581826771653543,24.29918604651163,25.746160164271046,1.9433323000619964,1.9433323000619964,7.43589501312336,41.54070381231672,27.452286821705428,29.087022587268997,0.0173866161338227,0.0388407433815213,0.3222256664600124,0.0784321122722299,4.771260997067449,1.2080924855491328,8.696969696969697,2.36697247706422,0.0036687355144763,0.2110091743119266,0.8230971128608924,0.0,0.2042479345078658,0.0562015503875969,0.0152230971128608,0.58,0.0430446194225721,18.036460310740413,0.0186631051199378,0.0103351822879628,-54.38441808271882,3276000000.0,1038000000.0,-1036000000.0,9197000000.0,5206500000.0,1309500000.0,2217000000.0,91.55905511811024,0.0,0.0,0.9829721362229102,0.0,0.0,0.0337879727216367,0.0929785187560115,2008-05-01,0.62,bmo,1663521126.0,2025-04-25,2008-03-31,0.1451612903225806,42.55245901639344,2497239.885245901
2007-12-31,AON,USD,315293,2008-02-28,2008-02-28 16:42:26,2007,Q4,195000000.0,0.0,0.0,0.0,0,2599000000.0,0.0,2599000000.0,-2477000000.0,122000000.0,122000000.0,0.0,0.0,87000000.0,158000000.0,0.8102564103,73000000.0,0.3743589744,-37000000.0,36000000.0,0.1846153846,2000000.0,207000000.0,1.0615384615,0.68,0.65,304000000,319800000,https://www.sec.gov/Archives/edgar/data/315293/000104746908001929/0001047469-08-001929-index.htm,https://www.sec.gov/Archives/edgar/data/315293/000104746908001929/a2182853z10-k.htm,0.6414473684210527,0.680921052631579,1.194078947368421,0.9736842105263158,16.167763157894736,20.463815789473685,3.5592105263157894,20.463815789473685,7.055921052631579,14497760000.0,16058760000.0,17.509371980676327,74.34748717948717,39.93873278236914,48.97891891891892,2.330454910786047,2.330454910786047,82.35261538461539,101.63772151898736,44.23900826446281,54.25256756756757,0.0142780677842646,0.0204169471697696,0.3447998714033113,0.0859788359788359,9.879746835443038,1.2350030921459494,0.0,1.7536231884057971,0.0030349516063171,0.2125603864734299,13.328205128205129,0.0,0.205988455988456,0.1845730027548209,0.3435897435897436,0.7701149425287356,0.0,17.7065091769979,0.0064754808344551,0.0104497955474784,-17.232730263157894,3420000000.0,1082000000.0,-754000000.0,9057000000.0,8385500000.0,706500000.0,2217000000.0,3911.538461538462,0.0,0.0,0.0230088495575221,0.0,0.0,0.0332743931843755,0.2203947368421052,2008-02-07,0.66,bmo,1918782608.0,2025-04-25,2007-12-31,0.0454545454545453,47.2109375,1932843.03125
2007-09-30,AON,USD,315293,2007-11-08,2007-11-08 15:09:25,2007,Q3,1749000000.0,0.0,1749000000.0,1.0,0,1445000000.0,0.0,1445000000.0,48000000.0,1493000000.0,1493000000.0,0.0,33000000.0,50000000.0,306000000.0,0.1749571184,256000000.0,0.1463693539,-33000000.0,223000000.0,0.1275014294,93000000.0,204000000.0,0.1166380789,0.69,0.64,295000000,321500000,https://www.sec.gov/Archives/edgar/data/315293/000110465907081144/0001104659-07-081144-index.htm,https://www.sec.gov/Archives/edgar/data/315293/000110465907081144/a07-25519_110q.htm,5.928813559322034,0.6915254237288135,0.2542372881355932,0.1830508474576271,14.972881355932204,19.033898305084747,1.7932203389830508,19.033898305084747,6.918644067796611,13413650000.0,15100650000.0,16.43829656862745,7.669325328759291,178.84866666666667,248.40092592592592,2.388895814781834,2.388895814781834,8.633876500857633,49.34852941176471,201.342,279.64166666666665,0.0152083884699541,0.0040257498891055,0.357613535173642,0.0842882928262603,5.5130718954248366,0.9117836907408736,7.757575757575758,0.3676470588235294,0.0032802406503822,0.2156862745098039,0.826186392224128,0.0,0.2134911640011753,0.28,0.0120068610634648,0.5526315789473685,0.0257289879931389,17.209141561660903,0.0150836535437067,0.0108875487004323,-25.65762711864407,-1230000000.0,529000000.0,-5495000000.0,4376000000.0,8775500000.0,0.0,0.0,426.89536878216126,0.0,0.0,0.210824493731919,0.0,0.0,0.0363312555654496,0.0711864406779661,2007-10-31,0.59,bmo,1474157142.0,2025-04-25,2007-09-30,0.1864406779661016,42.49492063492063,2068464.619047619
2007-06-30,AON,USD,315293,2007-08-09,2007-08-09 11:07:43,2007,Q2,1866000000.0,0.0,1866000000.0,1.0,0,1534000000.0,0.0,1534000000.0,46000000.0,1580000000.0,1580000000.0,0.0,34000000.0,49000000.0,364000000.0,0.1950696677,286000000.0,0.1532690247,-5000000.0,281000000.0,0.1505894962,98000000.0,240000000.0,0.1286173633,0.81,0.75,296000000,321900000,https://www.sec.gov/Archives/edgar/data/315293/000110465907060638/0001104659-07-060638-index.htm,https://www.sec.gov/Archives/edgar/data/315293/000110465907060638/a07-18825_110q.htm,6.304054054054054,0.8108108108108109,0.1182432432432432,-0.0405405405405405,15.557432432432432,18.054054054054053,1.3614864864864864,18.054054054054053,7.5,12612560000.0,14392560000.0,13.138083333333332,6.759142550911039,360.3588571428571,-1051.0466666666666,2.360134730538922,2.360134730538922,7.713054662379421,39.54,411.216,-1199.38,0.019028650805229,-0.0009514325402614,0.4090568862275449,0.088177161066516,4.8901098901098905,0.9235690011328048,8.411764705882353,0.1458333333333333,0.0034885859809586,0.1833333333333333,0.8220793140407289,0.0,0.1993061998305836,1.3428571428571427,0.02518756698821,1.175,0.0,18.148402123458965,0.0190290383896615,0.0120906801007556,-26.69172297297297,-1147000000.0,403000000.0,-5587000000.0,4320000000.0,9113500000.0,0.0,0.0,446.3826366559486,0.0,0.0,0.2016207455429497,0.0,0.0,0.0449101796407185,0.1587837837837837,2007-07-31,0.67,bmo,1689486486.0,2025-04-25,2007-06-30,0.1044776119402984,41.14349206349206,1792096.634920635
2007-03-31,AON,USD,315293,2007-05-10,2007-05-10 12:18:34,2007,Q1,1798000000.0,0.0,0.0,0.0,0,1053000000.0,0.0,1053000000.0,470000000.0,1523000000.0,1523000000.0,0.0,0.0,50000000.0,325000000.0,0.180756396,275000000.0,0.1529477197,-35000000.0,240000000.0,0.1334816463,75000000.0,213000000.0,0.1184649611,0.71,0.66,298000000,324400000,https://www.sec.gov/Archives/edgar/data/315293/000110465907038033/0001104659-07-038033-index.htm,https://www.sec.gov/Archives/edgar/data/315293/000110465907038033/a07-10775_110q.htm,6.033557046979865,0.714765100671141,2.738255033557047,2.620805369127517,15.654362416107382,17.651006711409394,1.2248322147651007,17.651006711409394,6.956375838926174,11312080000.0,13034080000.0,13.277089201877937,6.291479421579533,13.862843137254902,14.484097311139564,2.1505855513307988,2.1505855513307988,7.249210233592881,40.10486153846154,15.97313725490196,16.688962868117798,0.0188294283633071,0.0690412373321263,0.394106463878327,0.0842991338294498,5.298461538461538,0.9157880599019542,0.0,3.8309859154929575,0.0038896471736409,0.2065727699530516,0.585650723025584,0.0,0.1990565654101093,0.0428921568627451,0.0194660734149054,0.875,0.0283648498331479,16.848361367003,0.0194889702092567,0.0108143785540211,-26.63422818791946,-1254000000.0,365000000.0,-5694000000.0,4148000000.0,8881500000.0,5592000000.0,0.0,449.098998887653,0.0,0.0,0.2004012483281319,0.0,0.0,0.0404942965779467,0.1174496644295302,2007-05-03,0.66,bmo,1669800000.0,2025-04-25,2007-03-31,0.0606060606060604,37.10147540983607,1766557.836065574
2006-12-31,AON,USD,315293,2007-03-01,2007-03-01 17:18:36,2006,Q4,2413000000.0,0.0,0.0,0.0,0,3179000000.0,0.0,3179000000.0,-1044000000.0,2135000000.0,2135000000.0,0.0,0.0,-83000000.0,350000000.0,0.1450476585,278000000.0,0.1152092831,-30000000.0,248000000.0,0.1027766266,60000000.0,223000000.0,0.0924160796,0.74,0.69,300000000,324400000,https://www.sec.gov/Archives/edgar/data/315293/000104746907001537/0001047469-07-001537-index.htm,https://www.sec.gov/Archives/edgar/data/315293/000104746907001537/a2176366z10-k.htm,8.043333333333333,0.7433333333333333,0.48,0.2933333333333333,15.346666666666666,17.393333333333334,1.7966666666666666,17.393333333333334,7.616666666666666,10602000000.000002,12606000000.000002,11.885650224215247,4.393700787401576,73.62500000000001,120.47727272727276,2.031812955155232,2.031812955155232,5.224202237878161,36.017142857142865,87.54166666666669,143.25000000000003,0.0210337672137332,0.0083003206942086,0.4379072441548486,0.0939633193519203,5.725714285714286,1.2180969629423235,0.0,0.8135593220338984,0.0043388039992454,0.2062780269058296,1.317447161210112,0.0,0.1924089152068426,0.3888888888888889,0.0232076253626191,-0.6746987951807228,0.0,17.05589340961065,0.0210657672414905,0.0113549569733693,-26.3425,3131000000.0,539000000.0,-1613000000.0,8314000000.0,8849000000.0,5592000000.0,0.0,327.88644840447574,0.0,0.0,0.2744852690251393,0.0,0.0,0.0427366807205826,0.1866666666666666,2007-02-08,0.63,bmo,1768701492.0,2025-04-25,2006-12-31,0.0634920634920635,35.30730158730159,1678776.2222222222
2006-09-30,AON,USD,315293,2006-11-09,2006-11-09 16:53:20,2006,Q3,2168000000.0,0.0,0.0,0.0,0,1116000000.0,0.0,1116000000.0,879000000.0,1995000000.0,1995000000.0,0.0,0.0,44000000.0,229000000.0,0.1056273063,173000000.0,0.079797048,-34000000.0,139000000.0,0.0641143911,49000000.0,106000000.0,0.0488929889,0.34,0.32,340100000,340100000,https://www.sec.gov/Archives/edgar/data/315293/000110465906073688/0001104659-06-073688-index.htm,https://www.sec.gov/Archives/edgar/data/315293/000110465906073688/a06-21629_110q.htm,6.374595707144957,0.3116730373419582,-0.1999411937665392,-0.2734489855924728,13.246104087033226,15.7953543075566,2.4286974419288443,15.7953543075566,6.889150249926492,11519187000.0,13401187000.0,27.16789386792453,5.313278136531365,-169.39980882352938,-123.86222580645162,2.14430137751303,2.14430137751303,6.181359317343174,58.5204672489083,-197.07627941176472,-144.09878494623655,0.0092020383035712,-0.0080734864361521,0.4361504095309009,0.0816860161071017,8.218340611353712,0.9438603981002188,0.0,-0.6415094339622641,0.0040801490591306,0.4433962264150943,0.514760147601476,0.0,0.1584910922846285,-0.3676470588235294,0.0115313653136531,0.2777777777777778,0.0,10.524599098820456,0.0109688982069338,0.0043915979616356,-35.65348426933255,-1052000000.0,826000000.0,-5624000000.0,3993000000.0,9738500000.0,0.0,0.0,369.75553505535055,0.0,0.0,0.2434040642191534,0.0,0.0,0.0197319434102755,0.0735077918259335,2006-11-01,0.48,bmo,1826232558.0,2025-04-25,2006-09-30,-0.1041666666666666,33.86936507936508,1454541.2698412698
2006-06-30,AON,USD,315293,2006-08-09,2006-08-09 17:04:53,2006,Q2,2208000000.0,0.0,0.0,0.0,0,1590000000.0,0.0,1590000000.0,317000000.0,1907000000.0,1907000000.0,0.0,0.0,47000000.0,356000000.0,0.1612318841,301000000.0,0.1363224638,-34000000.0,267000000.0,0.120923913,92000000.0,193000000.0,0.0874094203,0.6,0.57,320000000,344800000,https://www.sec.gov/Archives/edgar/data/315293/000110465906053238/0001104659-06-053238-index.htm,https://www.sec.gov/Archives/edgar/data/315293/000110465906053238/a06-15282_110q.htm,6.9,0.603125,0.609375,0.4875,15.503125,16.85,2.70625,16.85,6.571875,11142400000.0,12820400000.0,14.433160621761658,5.046376811594203,57.14051282051282,71.42564102564103,2.0664688427299702,2.0664688427299702,5.806340579710145,36.0123595505618,65.74564102564102,82.18205128205128,0.0173212234348075,0.0140005743825387,0.3900222551928783,0.0698601468292196,4.713483146067416,0.911699107866991,0.0,1.0103626943005182,0.0043078690407811,0.2487046632124352,0.720108695652174,0.0,0.1503504634089625,0.2,0.0176630434782608,0.2846715328467153,0.0,15.121500111596072,0.0189769761634048,0.0075458419673925,-36.9453125,-1742000000.0,866000000.0,-6725000000.0,3291000000.0,10266500000.0,0.0,0.0,430.8423913043478,0.0,0.0,0.2088930936613056,0.0,0.0,0.035793768545994,0.121875,2006-08-03,0.6,bmo,1667213114.0,2025-04-25,2006-06-30,0.0166666666666666,37.53317460317461,1908733.3333333333
2006-03-31,AON,USD,315293,2006-05-10,2006-05-10 17:13:22,2006,Q1,2165000000.0,0.0,0.0,0.0,0,1097000000.0,0.0,1097000000.0,802000000.0,1899000000.0,1899000000.0,0.0,0.0,46000000.0,576000000.0,0.2660508083,266000000.0,0.1228637413,0.0,266000000.0,0.1228637413,93000000.0,198000000.0,0.0914549654,0.61,0.57,324590164,350200000,https://www.sec.gov/Archives/edgar/data/315293/000110465906033419/0001104659-06-033419-index.htm,https://www.sec.gov/Archives/edgar/data/315293/000110465906033419/a06-9358_110q.htm,6.66994949360203,0.6099999998767677,2.147323231889429,2.0487373733234877,17.107727269271166,16.35292928962567,2.3876262621439137,16.35292928962567,6.210909089654362,13473737707.64,15038737707.64,17.01229508540404,6.2234354307806,19.33104405687231,20.26125971073684,2.5383831400979653,2.5383831400979653,6.946299172120092,26.108919631319445,21.57638121612625,22.61464316938346,0.0146952541526564,0.0493552727854369,0.3798040693293142,0.0704451743657837,2.717013888888889,0.7336686134544668,0.0,3.5202020202020203,0.0035624858551894,0.2424242424242424,0.5066974595842956,0.0,0.1583968131944929,0.0459110473457675,0.0147806004618937,0.5614035087719298,0.0189376443418013,14.98145368296315,0.0170779861796643,0.0082208843678638,-31.68534090268983,-4925000000.0,775000000.0,-9743000000.0,132000000.0,9830000000.0,0.0,0.0,414.1662817551963,0.0,0.0,0.2173040248921007,0.0,0.0,0.0373021853805576,0.0985858585659422,2006-05-04,0.63,bmo,1782152542.0,2025-04-25,2006-03-31,-0.0634920634920635,38.36419354838709,1962498.4032258063
2005-12-31,AON,USD,315293,2006-03-09,2006-03-09 16:53:35,2005,Q4,2523000000.0,0.0,0.0,0.0,0,1843000000.0,0.0,1843000000.0,444000000.0,2287000000.0,2287000000.0,0.0,0.0,137000000.0,374000000.0,0.1482362267,236000000.0,0.0935394372,-31000000.0,205000000.0,0.0812524772,61000000.0,224000000.0,0.0887831946,0.69,0.64,324590164,350200000,https://www.sec.gov/Archives/edgar/data/315293/000104746906003130/0001047469-06-003130-index.htm,https://www.sec.gov/Archives/edgar/data/315293/000104746906003130/a2167992z10-k.htm,7.772878786308509,0.6901010099615957,0.0770202020046423,-0.0431313131225997,16.272828279540843,16.337525249224743,2.4554040399079997,16.337525249224743,6.5066666653521885,11669016395.8,13305016395.8,13.02345579888393,4.6250560427269125,466.76065583200005,-833.5011711285715,2.2004556658118046,2.2004556658118046,5.273490446214824,35.57491014919786,532.200655832,-950.3583139857144,0.0191961337958719,-0.0011997583622419,0.3982651329436168,0.075922064850097,4.374331550802139,0.9893021451139072,0.0,-1.5625,0.0041134572419725,0.2142857142857142,0.7304795877923107,0.0,0.1619814508591559,1.56,0.0154577883472057,0.2846715328467153,0.0,15.927247413855572,0.0169435414713918,0.0096087851750171,-30.68561868066957,-193000000.0,797000000.0,-4667000000.0,4850000000.0,9277000000.0,0.0,0.0,345.90963139120095,0.0,0.0,0.260183561926369,0.0,0.0,0.0422402413728078,0.1201515151272421,2006-02-09,0.57,bmo,1911626865.0,2025-04-25,2005-12-31,0.1754385964912282,34.742063492063494,1669495.2063492064
2005-09-30,AON,USD,315293,2005-11-08,2005-11-08 17:29:53,2005,Q3,2018000000.0,0.0,0.0,0.0,0,1697000000.0,0.0,1697000000.0,148000000.0,1845000000.0,1845000000.0,0.0,0.0,6000000.0,250000000.0,0.1238850347,173000000.0,0.085728444,-29000000.0,144000000.0,0.07135778,47000000.0,122000000.0,0.0604558969,0.37,0.36,327027027,342700000,https://www.sec.gov/Archives/edgar/data/315293/000110465905053611/0001104659-05-053611-index.htm,https://www.sec.gov/Archives/edgar/data/315293/000110465905053611/a05-18062_110q.htm,6.170743802162871,0.3730578512705007,0.9509917356157844,0.8409090909785876,15.37181818308858,16.295289257545065,2.3942975208590327,16.295289257545065,5.770165289733072,10491027026.16,11945027026.16,21.49800620114754,5.198724988186323,33.733205871897106,38.14918918603637,1.968667109431413,1.968667109431413,5.919240349930624,47.78010810464,38.40844702945338,43.43646191330909,0.0116289853887313,0.0262128769008287,0.3541002064177144,0.0693367628146243,5.816,0.7920663114268798,0.0,2.5491803278688523,0.0045753385135992,0.3934426229508196,0.8409316154608524,0.0,0.1670402351644313,0.1157556270096463,0.0178394449950445,0.4556962025316455,0.0,11.69527365715092,0.0112420144918215,0.0053817989324628,-31.23977272985453,-3512000000.0,783000000.0,-8508000000.0,1586000000.0,9213500000.0,0.0,0.0,395.009910802775,0.0,0.0,0.2278423845545895,0.0,0.0,0.0228936010508538,0.1100826446371969,2005-11-03,0.45,bmo,2111860465.0,2025-04-25,2005-09-30,-0.0444444444444444,28.80046875,1536106.234375
2005-06-30,AON,USD,315293,2005-08-05,2005-08-05 17:16:45,2005,Q2,2148000000.0,0.0,0.0,0.0,0,1552000000.0,0.0,1552000000.0,319000000.0,1871000000.0,1871000000.0,0.0,0.0,98000000.0,375000000.0,0.1745810056,277000000.0,0.1289571695,-31000000.0,246000000.0,0.1145251397,98000000.0,191000000.0,0.0889199255,0.59,0.57,323728814,338500000,https://www.sec.gov/Archives/edgar/data/315293/000110465905036909/0001104659-05-036909-index.htm,https://www.sec.gov/Archives/edgar/data/315293/000110465905036909/a05-12701_110q.htm,6.635183237041112,0.5899999991968586,-0.747539265998114,-0.821675391551646,15.719947622580175,16.220366470066516,2.0974345521186755,16.220366470066516,5.720837688547551,8106169502.559999,9539169502.56,10.610169505968583,3.773821928566108,-33.496568192396694,-30.474321438195485,1.5437382408227005,1.5437382408227005,4.4409541445810055,25.43778534016,-39.41805579570248,-35.86153948330827,0.0235623002874144,-0.0328145124421583,0.352694724814321,0.0664037289351021,3.8213333333333335,0.7170266544117647,0.0,-1.2670157068062826,0.006044778607766,0.256544502617801,0.7225325884543762,0.0,0.1639297239153818,-0.0991735537190082,0.0111731843575419,0.3870967741935484,0.0,14.673968944938514,0.0158654233153146,0.0081910970066043,-32.0407067626671,-4926000000.0,679000000.0,-10157000000.0,231000000.0,9600000000.0,0.0,0.0,400.9776536312849,0.0,0.0,0.2244514106583072,0.0,0.0,0.0363740239954294,0.0741361255535319,2005-08-02,0.48,bmo,1732137931.0,2025-04-25,2005-06-30,0.2083333333333333,23.69421875,1529920.296875
2005-03-31,AON,USD,315293,2005-05-09,2005-05-09 16:13:21,2005,Q1,2464000000.0,0.0,0.0,0.0,0,1123000000.0,0.0,1123000000.0,997000000.0,2120000000.0,2120000000.0,0.0,0.0,68000000.0,412000000.0,0.1672077922,344000000.0,0.1396103896,-34000000.0,310000000.0,0.1258116883,112000000.0,200000000.0,0.0811688312,0.62,0.59,320967742,337100000,https://www.sec.gov/Archives/edgar/data/315293/000110465905021676/0001104659-05-021676-index.htm,https://www.sec.gov/Archives/edgar/data/315293/000110465905021676/a05-8045_110q.htm,7.676783918054918,0.6231155777641979,2.467537687946224,2.3834170849480567,18.16693466971519,16.02653266009517,1.140301507308482,16.02653266009517,6.502211053969405,7330903227.28,8891903227.279999,9.1636290341,2.975204231850649,9.256190943535351,9.58288003566013,1.4251367082581647,1.4251367082581647,3.608726959123376,21.58228938660194,11.227150539494948,11.623402911477122,0.0272817678530734,0.104352762038006,0.4057153965785381,0.0730614388237353,3.78883495145631,0.739491609901977,0.0,3.96,0.0065476242847376,0.24,0.455762987012987,0.0,0.167267635217924,0.034090909090909,0.0109577922077922,0.3970588235294117,0.0,14.98978313906408,0.0209054356833737,0.0084079539244124,-32.300753762351604,-4704000000.0,366000000.0,-10068000000.0,696000000.0,9864500000.0,0.0,0.0,351.7451298701299,0.0,0.0,0.2558670820353063,0.0,0.0,0.0388802488335925,0.0841206029981667,2005-05-03,0.46,bmo,1666915254.0,2025-04-25,2005-03-31,0.2826086956521738,23.410983606557377,1465413.1147540985
2004-12-31,AON,USD,315293,2005-03-16,2005-03-15 18:52:18,2004,Q4,2662000000.0,0.0,0.0,0.0,0,1964000000.0,0.0,1964000000.0,553000000.0,2517000000.0,2517000000.0,0.0,0.0,76000000.0,401000000.0,0.1506386176,145000000.0,0.0544703231,-35000000.0,110000000.0,0.041322314,26000000.0,81000000.0,0.0304282494,0.25,0.24,320967742,337100000,https://www.sec.gov/Archives/edgar/data/315293/000104746905006608/0001047469-05-006608-index.htm,https://www.sec.gov/Archives/edgar/data/315293/000104746905006608/a2152901z10-k.htm,8.293668340041474,0.2523618089945001,0.91286432142455,0.7975879395381733,17.66221105172619,15.898793966653509,0.7477386933170375,15.898793966653509,6.595678390634035,7658290324.12,9205290324.12,23.63669853123457,2.8768934350563486,26.13750963863481,29.91519657859375,1.500742763887909,1.500742763887909,3.4580354335537185,22.95583621975062,31.41737311986348,35.95816532859374,0.0105767732185456,0.03342782646849,0.4148540074466,0.0747290762116559,3.85785536159601,0.7574885767473346,0.0,4.883333333333334,0.0062677174628418,0.5925925925925926,0.7377911344853494,0.0,0.1716615482367891,0.1262798634812286,0.0138993238166791,0.4868421052631579,0.0,9.50134670142866,0.0104420287370117,0.0034518026080286,-31.102035169627733,-4299000000.0,240000000.0,-9798000000.0,1228000000.0,9640000000.0,0.0,0.0,341.43876784372657,0.0,0.0,0.2635904545004456,0.0,0.0,0.0158730158730158,0.1152763818863766,2005-02-08,0.45,bmo,2052631578.0,2025-04-25,2004-12-31,0.2666666666666665,22.54046875,2722695.359375
2004-09-30,AON,USD,315293,2004-11-09,2004-11-09 16:01:38,2004,Q3,2347000000.0,0.0,0.0,0.0,0,1684000000.0,0.0,1684000000.0,456000000.0,2140000000.0,2140000000.0,0.0,0.0,78000000.0,285000000.0,0.1214316148,207000000.0,0.0881976992,-32000000.0,175000000.0,0.0745632723,62000000.0,122000000.0,0.0519812527,0.38,0.36,318421053,337400000,https://www.sec.gov/Archives/edgar/data/315293/000110465904034725/0001104659-04-034725-index.htm,https://www.sec.gov/Archives/edgar/data/315293/000110465904034725/a04-12834_110q.htm,7.37074379312476,0.3831404954244655,0.6438016521476675,0.6375206604193976,14.034876016819153,15.287933866609002,0.6689256190607472,15.287933866609002,6.167933877161068,9151421063.22,10719421063.22,18.75291201479508,3.899199430430336,44.64107835717073,45.080891937044335,1.8799139406778964,1.8799139406778964,4.567286349902003,37.61200373059649,52.289858844975605,52.80502986807881,0.0133312628888123,0.0221823472658106,0.4034511092851273,0.0739151706747958,5.5017543859649125,0.7027027027027027,0.0,1.6666666666666667,0.0052450870382212,0.3934426229508196,0.7175117170856412,0.0,0.175190997704264,0.0097560975609756,0.0008521516829995,0.0256410256410256,0.0,11.48007393279997,0.0143415082771305,0.0055667092535134,-32.498636326034635,-5148000000.0,213000000.0,-9535000000.0,200000000.0,9776500000.0,0.0,0.0,352.062207072859,0.0,0.0,0.255636640888792,0.0,0.0,0.0250616269515201,0.0062809917282699,2004-10-28,0.49,bmo,3190444444.0,2025-04-25,2004-09-30,-0.2653061224489796,26.66140625,1014565.625
2004-06-30,AON,USD,315293,2004-08-06,2004-08-06 16:49:45,2004,Q2,2544000000.0,0.0,0.0,0.0,0,1752000000.0,0.0,1752000000.0,475000000.0,2227000000.0,2227000000.0,0.0,0.0,84000000.0,401000000.0,0.1576257862,317000000.0,0.1246069182,-35000000.0,282000000.0,0.1108490566,102000000.0,173000000.0,0.0680031447,0.54,0.52,320370370,337100000,https://www.sec.gov/Archives/edgar/data/315293/000104746904025662/0001047469-04-025662-index.htm,https://www.sec.gov/Archives/edgar/data/315293/000104746904025662/a2141543z10-q.htm,7.940809257735039,0.5400000006242774,-0.362080925274082,-0.4182658964373016,14.317803484760466,14.723583832050386,0.1248554914738213,14.723583832050386,6.42381503632811,9120944433.9,10668944433.9,13.180555540317918,3.5852769001179245,-78.62883132672414,-68.06674950671642,1.933632485456858,1.933632485456858,4.19376746615566,26.60584646857855,-91.97365891293104,-79.61898831268657,0.0189673340577547,-0.0146914610620759,0.4362942548229807,0.074108750450126,3.8603491271820447,0.7236318675411246,0.0,-0.6744186046511628,0.0052626129177585,0.2774566473988439,0.6886792452830188,0.0,0.1684191573640619,-0.1551724137931034,0.0070754716981132,0.2142857142857142,0.0,13.375034346356768,0.0219315440637237,0.0074914476248213,-33.35826593451823,-5141000000.0,40000000.0,-9592000000.0,281000000.0,10372000000.0,0.0,0.0,366.9339622641509,0.0,0.0,0.2452757423833397,0.0,0.0,0.0366758532965868,0.0561849711632196,2004-08-04,0.52,bmo,2384296296.0,2025-04-25,2004-06-30,0.0384615384615384,27.502903225806453,1311354.8870967743
2004-03-31,AON,USD,315293,2004-05-07,2004-05-07 15:58:02,2004,Q1,2564000000.0,0.0,0.0,0.0,0,1842000000.0,-65000000.0,1777000000.0,453000000.0,2230000000.0,2230000000.0,0.0,0.0,71000000.0,405000000.0,0.1579563183,334000000.0,0.1302652106,-34000000.0,300000000.0,0.1170046802,108000000.0,170000000.0,0.0663026521,0.53,0.51,318867925,335300000,https://www.sec.gov/Archives/edgar/data/315293/000104746904016426/0001047469-04-016426-index.htm,https://www.sec.gov/Archives/edgar/data/315293/000104746904016426/a2135966z10-q.htm,8.040946733667239,0.5331360938858933,2.5151479252734497,2.4430177478653583,15.44840234401124,14.59538459379381,0.009408284009751,14.59538459379381,6.306686381203127,8899603786.75,10419603786.75,13.08765262757353,3.4709843162051484,11.096762826371572,11.424395104942231,1.912248342662226,1.912248342662226,4.063808029153666,25.727416757407408,12.992024671758104,13.375614617137357,0.0191019739837296,0.0875319866666198,0.4321014181349377,0.0720452835596317,3.753086419753086,0.7328767123287672,0.0,4.198952879581152,0.0053934985365824,0.2823529411764706,0.718408736349454,0.0,0.1666248701321964,0.0286783042394014,0.0089703588143525,0.323943661971831,0.0,13.231773972135992,0.0231542461005199,0.0073080560570888,-33.098343146304224,-4992000000.0,3000000.0,-9563000000.0,450000000.0,10241500000.0,0.0,0.0,364.0717628705148,0.0,0.0,0.2472040107983031,0.0,0.0,0.0365277180919639,0.0721301774080914,2004-05-03,0.56,bmo,2343600000.0,2025-04-25,2004-03-31,0.0714285714285712,25.69854838709677,1190741.935483871
2003-12-31,AON,USD,315293,2004-03-11,2004-03-11 16:58:14,2003,Q4,2601000000.0,0.0,0.0,0.0,0,1876000000.0,0.0,1876000000.0,347000000.0,2223000000.0,2223000000.0,0.0,0.0,85000000.0,449000000.0,0.1726259131,378000000.0,0.1453287197,-22000000.0,356000000.0,0.1368704344,132000000.0,215000000.0,0.0826605152,0.59,0.59,318867925,321300000,https://www.sec.gov/Archives/edgar/data/315293/000104746904007513/0001047469-04-007513-index.htm,https://www.sec.gov/Archives/edgar/data/315293/000104746904007513/a2129818z10-k.htm,8.156982236454168,0.6742603540321592,0.7275739634207485,0.6021301766240678,13.65769228748862,14.106153825286755,-0.5864497032744826,14.106153825286755,6.736331350981758,7633698124.5,9241698124.5,8.876393168023256,2.934908929065744,32.903871226293106,39.7588443984375,1.6971316417296576,1.6971316417296576,3.553132689158016,20.582846602449887,39.834905709051725,48.1338443984375,0.0281645929002572,0.0251516364504623,0.4775455758114718,0.0794760794760794,3.5812917594654787,0.7411511930340382,0.0,1.1428571428571428,0.0062879091126155,0.2232558139534883,0.7212610534409842,0.0,0.1733451733451733,0.1724137931034483,0.0153787004998077,0.4705882352941176,0.0,14.628822786747872,0.0253185753277851,0.0096231313221734,-33.213594625423674,-4578000000.0,-187000000.0,-9421000000.0,934000000.0,9822000000.0,0.0,0.0,349.8615916955017,0.0,0.0,0.2572445851053308,0.0,0.0,0.047799021787461,0.1254437867966807,2004-02-10,0.55,bmo,2185223880.0,2025-04-25,2003-12-31,0.2181818181818181,21.95703125,1262476.984375
2003-09-30,AON,USD,315293,2003-11-13,2003-11-13 11:39:44,2003,Q3,2368000000.0,0.0,0.0,0.0,0,1718000000.0,0.0,1718000000.0,384000000.0,2102000000.0,2102000000.0,0.0,0.0,79000000.0,345000000.0,0.1456925676,266000000.0,0.1123310811,-24000000.0,242000000.0,0.1021959459,90000000.0,115000000.0,0.0485641892,0.36,0.36,316666667,318600000,https://www.sec.gov/Archives/edgar/data/315293/000104746903037183/0001047469-03-037183-index.htm,https://www.sec.gov/Archives/edgar/data/315293/000104746903037183/a2122284z10-q.htm,7.477894728970637,0.3631578943545706,1.114736840931856,0.9884210515911356,13.875789459078115,16.108421035675345,1.891578945377285,13.891578932745706,4.84421052121662,6602500006.950001,7566500006.950001,14.353260884673912,2.788217908340372,18.70396602535411,21.094249223482432,1.5009092991475337,1.5009092991475337,3.1953125029349665,21.931884078115942,21.434844212322947,24.17412142795527,0.0174176448131688,0.047406285448016,0.348715617185724,0.0585272796642502,2.794202898550725,0.6962489580439011,0.0,2.353333333333333,0.0071185157062516,0.408695652173913,0.7255067567567568,0.0,0.1717665013353682,0.1133144475920679,0.0168918918918918,0.4878048780487805,0.0,10.654051927586776,0.019934898003256,0.0052975861433572,-30.206052599783103,-5466000000.0,599000000.0,-8580000000.0,-134000000.0,5391000000.0,0.0,0.0,362.3184121621621,0.0,0.0,0.2484002937165635,0.0,0.0,0.0261423050693339,0.1263157893407202,2003-11-04,0.45,bmo,2961250000.0,2025-04-25,2003-09-30,-0.2,22.60921875,1472115.640625
2003-06-30,AON,USD,315293,2003-08-13,2003-08-13 17:17:59,2003,Q2,2412000000.0,0.0,0.0,0.0,0,1776000000.0,0.0,1776000000.0,349000000.0,2125000000.0,2125000000.0,0.0,0.0,79000000.0,375000000.0,0.1554726368,287000000.0,0.1189883914,-27000000.0,260000000.0,0.1077943615,96000000.0,146000000.0,0.0605306799,0.46,0.46,317391304,318200000,https://www.sec.gov/Archives/edgar/data/315293/000104746903027479/0001047469-03-027479-index.htm,https://www.sec.gov/Archives/edgar/data/315293/000104746903027479/a2116555z10-q.htm,7.599452063122687,0.4600000005041096,-0.1669863015528617,-0.3339726031057234,14.22219179640788,15.816438373497467,1.6163013716343029,13.604657549155789,5.548356170463952,7642782600.32,8933782600.32,13.08695650739726,3.168649502620232,-144.2034452890566,-72.1017226445283,1.7699820751088466,1.7699820751088466,3.703889966965174,23.82342026752,-168.56193585509433,-84.28096792754717,0.0191029900541573,-0.0138692941489087,0.4078276980083372,0.063095664636331,3.4426666666666668,0.734870463684023,0.0,-0.363013698630137,0.0062804350862983,0.3287671232876712,0.736318407960199,0.0,0.1614833393049086,-1.0,0.0219734660033167,0.6708860759493671,0.0,11.86626334563972,0.021212886012511,0.0062385164295175,-54.94558225199516,-5209000000.0,513000000.0,-8452000000.0,169000000.0,5751500000.0,0.0,0.0,46.6044776119403,0.0,0.0,1.9311449159327465,0.0,0.0,0.0338119499768411,0.1669863015528617,2003-08-06,0.45,bmo,2359565217.0,2025-04-25,2003-06-30,0.0222222222222222,23.995079365079366,1375080.9523809524
2003-03-31,AON,USD,315293,2003-05-15,2003-05-15 12:28:15,2003,Q1,2369000000.0,0.0,0.0,0.0,0,1709000000.0,-31000000.0,1678000000.0,395000000.0,2073000000.0,2073000000.0,0.0,0.0,68000000.0,364000000.0,0.1536513297,296000000.0,0.1249472351,-28000000.0,268000000.0,0.1131279021,99000000.0,152000000.0,0.0641620937,0.48,0.48,314583333,315200000,https://www.sec.gov/Archives/edgar/data/315293/000104746903018734/0001047469-03-018734-index.htm,https://www.sec.gov/Archives/edgar/data/315293/000104746903018734/a2111080z10-q.htm,7.5305960344695055,0.4831788084589974,2.47947020130275,2.3141721878825665,17.397615912474294,15.169271539252208,1.2969536437583615,12.937748358079734,5.245033118140433,6505583326.44,7723583326.44,10.69997257638158,2.746130572579147,8.340491444153844,8.936240833021978,1.5984234217297295,1.5984234217297295,3.2602715603376957,21.2186355121978,9.902029905692308,10.6093177560989,0.0233645458635878,0.111903877557184,0.4054054054054054,0.0621539156966888,3.3461538461538463,0.7448681936041487,0.0,5.131578947368421,0.0072245635236094,0.3092105263157895,0.7214014352047278,0.0,0.164387689757788,0.0666666666666666,0.0219501899535669,0.7647058823529411,0.0,11.859723070353905,0.0228689924550245,0.0068520939458143,-27.374304664767475,-4723000000.0,408000000.0,-7986000000.0,496000000.0,9948500000.0,0.0,0.0,389.55677501055294,0.0,0.0,0.2310317924712307,0.0,0.0,0.0373464373464373,0.1652980134201833,2003-05-05,0.47,bmo,2314750000.0,2025-04-25,2003-03-31,0.0212765957446808,19.59606557377049,1284968.8524590165
2002-12-31,AON,USD,315293,2003-03-26,2003-03-26 13:59:22,2002,Q4,2366000000.0,0.0,0.0,0.0,0,0.0,0.0,1719000000.0,325000000.0,2044000000.0,2044000000.0,0.0,0.0,75000000.0,415000000.0,0.1754015216,322000000.0,0.1360946746,-33000000.0,289000000.0,0.1221470837,107000000.0,178000000.0,0.0752324598,0.57,0.56,314583333,315200000,https://www.sec.gov/Archives/edgar/data/315293/000104746903010294/0001047469-03-010294-index.htm,https://www.sec.gov/Archives/edgar/data/315293/000104746903010294/a2106480z10-k.htm,7.521059610618341,0.5658278151690891,0.6135099344249112,0.3528476824930836,13.802384120585309,14.612980147934284,0.8678145704559624,12.381456966761808,5.683708615293996,5942479160.37,7224479160.37,8.34617859602528,2.5116141844336437,30.790047463057,53.53584829162162,1.5256685905956355,1.5256685905956355,3.0534569570456465,17.408383518963856,37.43253450968912,65.08539784117117,0.0299538282249385,0.0186790726571245,0.4590500641848524,0.0705770900765769,3.089156626506024,0.7566621164460798,0.0,1.0842696629213484,0.0079091568908545,0.2640449438202247,0.0,0.0,0.1706797189547643,0.4248704663212435,0.0346576500422654,1.0933333333333333,0.0,12.555074143251442,0.023573820846363,0.0084721561161351,-29.126622547418936,-4100000000.0,273000000.0,-7988000000.0,1089000000.0,9263500000.0,0.0,0.0,366.80896027049874,0.0,0.0,0.2453593280099554,0.0,0.0,0.0456996148908857,0.2606622519318275,2003-02-12,0.54,bmo,2152421052.0,2025-04-25,2002-12-31,0.0555555555555553,19.1390625,2186443.65625
2002-09-30,AON,USD,315293,2002-11-14,2002-11-14 17:09:56,2002,Q3,2242000000.0,0.0,0.0,0.0,0,1640000000.0,0.0,1640000000.0,353000000.0,1993000000.0,1993000000.0,0.0,0.0,62000000.0,2667000000.0,1.1895628903,249000000.0,0.1110615522,-34000000.0,215000000.0,0.095896521,83000000.0,128000000.0,0.0570918822,0.46,0.46,277100000,277100000,https://www.sec.gov/Archives/edgar/data/315293/000104746902003116/0001047469-02-003116-index.htm,https://www.sec.gov/Archives/edgar/data/315293/000104746902003116/a2093657z10-q.htm,8.090941898231685,0.4619271021291952,1.602309635510646,1.2775171418260556,16.31540959942259,16.286539155539515,1.122338505954529,13.399494767232046,7.874413569108625,5677779000.0,6932779000.0,11.089412109375,2.5324616413916146,12.78779054054054,16.03892372881356,1.5291621330460543,1.5291621330460543,3.092229705619982,2.59946719160105,15.614367117117116,19.58412146892655,0.022544026458233,0.0623483231735507,0.5876649609480205,0.0897093286190025,0.4705661792275965,0.7435375777884156,0.0,3.46875,0.0109197628157066,0.484375,0.7314897413024085,0.0,0.1727582946182625,0.2027027027027027,0.0401427297056199,1.4516129032258065,0.0,11.801091908209736,0.0192755539786472,0.0063615128472739,-31.129556116925297,-4286000000.0,311000000.0,-7384000000.0,-84000000.0,9308000000.0,0.0,0.0,356.6280107047279,0.0,0.0,0.2523638000900495,0.0,0.0,0.0344734715863183,0.3247924936845904,2002-10-31,0.44,bmo,2348761904.0,2025-04-25,2002-09-30,-0.0454545454545455,21.60046875,2137074.984375
2002-06-30,AON,USD,315293,2002-08-14,2002-08-14 15:27:16,2002,Q2,2122000000.0,0.0,0.0,0.0,0,1671000000.0,0.0,1671000000.0,405000000.0,2076000000.0,2076000000.0,0.0,0.0,68000000.0,114000000.0,0.0537229029,46000000.0,0.0216776626,-30000000.0,16000000.0,0.0075400566,6000000.0,0.0,0.0,0.0369,0.036,271052632,278000000,https://www.sec.gov/Archives/edgar/data/315293/000091205702032074/0000912057-02-032074-index.htm,https://www.sec.gov/Archives/edgar/data/315293/000091205702032074/a2087355z10-q.htm,7.828737851916523,0.0,1.527378638404072,1.3429126192731455,16.144465994338695,16.568737838339825,0.9961165033070036,13.617281532245,7.777087366559864,7860526328.0,9207526328.0,0.0,3.7043008143261074,18.98677857004831,21.59485254945055,2.129646797073963,2.129646797073963,4.339079325164938,80.76777480701755,22.240401758454105,25.295402,0.0,0.0463073316990739,0.5711189379571932,0.0857224187710951,11.81578947368421,0.7066783318751823,0.0,7.392857142857143,0.0078875125421499,0.0,0.7874646559849199,0.0,0.1716481639624252,0.1207729468599033,0.0235626767200754,0.7352941176470589,0.0,0.0,0.003715430343758,0.0,-31.082524223561126,-5029000000.0,270000000.0,-7984000000.0,-808000000.0,9147000000.0,0.0,0.0,412.7615457115929,0.0,0.0,0.2180435676120016,0.0,0.0,0.0,0.1844660191309265,2002-08-07,0.5,bmo,8130769230.0,2025-04-25,2002-06-30,-0.74,34.36265625,984614.078125
2002-03-31,AON,USD,315293,2002-09-27,2002-09-27 12:51:22,2002,Q1,2088000000.0,0.0,0.0,0.0,0,1463000000.0,0.0,1463000000.0,415000000.0,1878000000.0,1878000000.0,0.0,0.0,58000000.0,268000000.0,0.1283524904,210000000.0,0.1005747126,-29000000.0,181000000.0,0.0866858238,67000000.0,104000000.0,0.0498084291,0.38,0.37,271052632,276600000,https://www.sec.gov/Archives/edgar/data/315293/000091205702037069/0000912057-02-037069-index.htm,https://www.sec.gov/Archives/edgar/data/315293/000091205702037069/a2084204z10-qa.htm,7.703300958907493,0.3836893197923273,0.7046601930801395,0.4980582516535017,11.746796098257404,15.971067936355622,0.9001941733589217,13.019611630260798,7.3860194060023,9527500014.8,10960500014.8,22.90264426634615,4.562978934291188,49.88219903036649,70.5740741837037,2.699773311079626,2.699773311079626,5.2492816162835245,40.89738811492537,57.38481683141361,81.18888899851851,0.0109157701221145,0.0141695092931294,0.5672995182771323,0.0866291648636953,5.347014925373134,0.6731300200803213,0.0,1.8365384615384617,0.0065074783420298,0.5961538461538461,0.7006704980842912,0.0,0.1767633059281696,0.2931937172774869,0.0268199233716475,0.9655172413793104,0.0,10.601812742801975,0.0179075539358469,0.005466491458607,-33.851359170716336,-5209000000.0,244000000.0,-8054000000.0,-1124000000.0,8274000000.0,0.0,0.0,369.0517241379311,0.0,0.0,0.2438682550805886,0.0,0.0,0.0294701048455653,0.2066019414266377,2002-04-30,0.46,bmo,2043574468.0,2025-04-25,2002-03-31,0.0217391304347825,34.45666666666667,892981.6666666666
2001-12-31,AON,USD,315293,2002-03-15,2002-03-15 00:00:00,2001,Q4,2036000000.0,0.0,0.0,0.0,0,0.0,0.0,1510000000.0,343000000.0,1853000000.0,1853000000.0,0.0,0.0,87000000.0,217000000.0,0.1065815324,183000000.0,0.0898821218,-29000000.0,154000000.0,0.0756385069,61000000.0,83000000.0,0.0407662083,0.31,0.3,271052632,276600000,https://www.sec.gov/Archives/edgar/data/315293/000094857202000008/0000948572-02-000008-index.htm,https://www.sec.gov/Archives/edgar/data/315293/000094857202000008/b10kdec2002.txt,7.51145629901133,0.3062135917573381,-0.4390291255316052,-0.8633009695327364,14.956504831135527,15.941553373294674,0.874368930680592,12.99009706719985,7.197864066488755,9627789488.64,11139789488.64,28.99936592963856,4.728776762593321,-80.90579402218488,-41.14439952410257,2.7343906528372623,2.7343906528372623,5.471409375559922,51.33543543152074,-93.61167637512608,-47.60593798564104,0.0086208781463214,-0.0243046444125207,0.5541039477421187,0.0871526847136603,6.967741935483871,0.6850491803278689,0.0,-1.4337349397590362,0.0064396921093003,0.7469879518072289,0.0,0.0,0.1824354507281336,-0.9663865546218487,0.0564833005893909,1.3218390804597702,0.0,9.46040413011167,0.0150624215637163,0.0045350234947,-29.59388344917455,-4803000000.0,237000000.0,-7618000000.0,-6865000000.0,8169500000.0,0.0,0.0,353.01571709233787,0.0,0.0,0.254946155772602,0.0,0.0,0.0235728486225504,0.4242718440011311,2002-02-12,0.31,bmo,1912606060.0,2025-04-25,2001-12-31,0.0645161290322581,37.75625,1235565.640625
2001-09-30,AON,USD,315293,2001-11-14,2001-11-14 00:00:00,2001,Q3,1912000000.0,0.0,0.0,0.0,0,1384000000.0,0.0,1384000000.0,364000000.0,1748000000.0,1748000000.0,0.0,0.0,84000000.0,301000000.0,0.1574267782,164000000.0,0.0857740586,-31000000.0,133000000.0,0.0695606695,51000000.0,72000000.0,0.0376569038,0.26,0.26,273076923,275400000,https://www.sec.gov/Archives/edgar/data/315293/000094857201500054/0000948572-01-500054-index.htm,https://www.sec.gov/Archives/edgar/data/315293/000094857201500054/b10q111401.txt,7.0016901428173774,0.2636619719052569,1.3988732398306685,1.2011267609017258,12.4397183133633,16.207887328509266,1.2121126763977783,13.278309862895298,6.785633804728348,11414615381.4,12769615381.4,39.63408118541666,5.96998712416318,29.88119209790576,34.80065665060975,3.147991004247104,3.147991004247104,6.678669132531381,42.42397136677741,33.42831251675393,38.93175421158536,0.0063077026771592,0.0287350899737255,0.5110314396028681,0.0811118406653534,4.501661129568106,0.6741716771139823,0.0,5.305555555555555,0.0053440258792599,0.8472222222222222,0.7238493723849372,0.0,0.1792514773473408,0.1413612565445026,0.0282426778242677,0.6428571428571429,0.0,8.87536876109663,0.0136565075573861,0.00384,-32.068802825934874,-5094000000.0,331000000.0,-7879000000.0,-999000000.0,8413000000.0,0.0,0.0,393.18514644351467,0.0,0.0,0.2288997964803064,0.0,0.0,0.0198565912851627,0.1977464789289426,2001-11-07,0.38,bmo,1912000000.0,2025-04-25,2001-09-30,0.0,36.668644067796606,1118833.9152542374
2001-06-30,AON,USD,315293,2001-08-14,2001-08-14 00:00:00,2001,Q2,1917000000.0,0.0,0.0,0.0,0,1523000000.0,0.0,1523000000.0,299000000.0,1822000000.0,1822000000.0,0.0,0.0,85000000.0,180000000.0,0.0938967136,95000000.0,0.0495565989,-31000000.0,64000000.0,0.0333854982,25000000.0,29000000.0,0.0151278039,0.11,0.11,263636364,270200000,https://www.sec.gov/Archives/edgar/data/315293/000094857201500042/0000948572-01-500042-index.htm,https://www.sec.gov/Archives/edgar/data/315293/000094857201500042/b10q-aug.txt,7.271379300315339,0.1099999998482758,-0.1365517239495838,-0.3451724133170035,12.05827584543686,16.19655170179786,1.2896551706349584,13.162068947362664,7.396551713935791,9227272740.0,10412272740.0,79.5454546551724,4.813392143974961,-256.31313166666666,-101.39860153846152,2.659156409221902,2.659156409221902,5.431545508607199,57.845959666666666,-289.2297983333333,-114.42057956043956,0.0031428571385221,-0.0098620689519143,0.5619596541786743,0.0867978278287189,6.583333333333333,0.6759337447223125,0.0,-1.2413793103448276,0.0065024630452182,2.068965517241379,0.7944705268648931,0.0,0.1749310068548028,-1.5277777777777777,0.0286906624934793,0.6470588235294118,0.0,5.707549439101689,0.0079574742268041,0.0015645230902028,-32.85681029950785,-4989000000.0,340000000.0,-7790000000.0,-1059000000.0,8261500000.0,0.0,0.0,397.793427230047,0.0,0.0,0.2262480821432786,0.0,0.0,0.00835734870317,0.2086206893674197,2001-08-02,0.44,bmo,1917000000.0,2025-04-25,2001-06-30,0.0,34.15571428571428,1086992.0634920634
2001-03-31,AON,USD,315293,2001-05-15,2001-05-15 00:00:00,2001,Q1,1811000000.0,0.0,0.0,0.0,0,1396000000.0,0.0,1396000000.0,331000000.0,1727000000.0,1727000000.0,0.0,0.0,83000000.0,167000000.0,0.0922142463,84000000.0,0.0463832137,-36000000.0,48000000.0,0.0265046935,19000000.0,19000000.0,0.0104914412,0.07,0.07,257142857,267900000,https://www.sec.gov/Archives/edgar/data/315293/000094857201500018/0000948572-01-500018-index.htm,https://www.sec.gov/Archives/edgar/data/315293/000094857201500018/may10q.txt,7.042777781690432,0.0738888889299382,1.291111111828395,1.0694444450385805,12.85666667380926,16.18944445343858,1.158888889532716,13.078333340599077,7.2488888929160495,9128571423.5,10106571423.5,120.11278188815793,5.040624750690227,27.49569705873494,33.19480517636364,2.714413150014868,2.714413150014868,5.58065788155715,60.51839175748503,30.44148019126506,36.75116881272727,0.002081377152956,0.0301251956348895,0.5542670234909307,0.0845850161092707,5.8562874251497,0.6799412981122006,0.0,17.473684210526315,0.006353677624813,3.0526315789473686,0.7708448371065709,0.0,0.1753868493896628,0.1716867469879518,0.0314743235781336,0.6867469879518072,0.0,4.662909948822222,0.0071418519560934,0.0010455646048866,-33.17416668509676,-4798000000.0,298000000.0,-7681000000.0,-933000000.0,8140000000.0,0.0,0.0,400.05521811154057,0.0,0.0,0.2249689440993788,0.0,0.0,0.0056497175141242,0.2216666667898148,2001-05-03,0.23,bmo,1811000000.0,2025-04-25,2001-03-31,0.0,34.64951612903226,928935.4838709678
2000-12-31,AON,USD,315293,2001-03-27,2001-03-27 00:00:00,2000,Q4,1961000000.0,0.0,0.0,0.0,0,0.0,0.0,1449000000.0,310000000.0,1759000000.0,1759000000.0,0.0,0.0,87000000.0,289000000.0,0.1473737889,202000000.0,0.103008669,-38000000.0,164000000.0,0.0836308006,64000000.0,83000000.0,0.0423253442,0.35,0.34,257142857,267900000,https://www.sec.gov/Archives/edgar/data/315293/000094857201000011/0000948572-01-000011-index.htm,https://www.sec.gov/Archives/edgar/data/315293/000094857201000011/0000948572-01-000011-0001.txt,7.62611111534784,0.3227777779570988,0.7972222226651234,0.5055555558364198,13.389444451883024,16.286666675714816,1.057777778365432,13.175555562875308,8.193888893441049,8807142852.25,9796142852.25,26.527538711596385,4.49114882827639,42.96167245,67.74725270961538,2.5995108772874853,2.5995108772874853,4.995483351478837,33.8966880700692,47.78606269390244,75.3549450173077,0.0094241686994773,0.0147607461558078,0.621900826446281,0.0946923733764774,3.422145328719723,0.6889594496262486,0.0,2.2777777777777777,0.0065855636695142,0.6987951807228916,0.0,0.0,0.1759920902431351,0.3658536585365853,0.0382457929627741,0.8620689655172413,0.0,9.781997358849654,0.016548533079043,0.0045268611944368,-32.85138890713966,-4702000000.0,272000000.0,-7648000000.0,-6805000000.0,8119500000.0,0.0,0.0,377.71545130035696,0.0,0.0,0.2382746051032807,0.0,0.0,0.0244982290436835,0.2916666668287037,2001-02-08,0.54,bmo,2036423076.0,2025-04-25,2000-12-31,-0.037037037037037,34.084761904761905,1620422.3174603174
2000-09-30,AON,USD,315293,2000-11-13,2000-11-13 00:00:00,2000,Q3,1785000000.0,0.0,0.0,0.0,0,0.0,0.0,1208000000.0,295000000.0,1503000000.0,1503000000.0,0.0,0.0,81000000.0,363000000.0,0.2033613445,282000000.0,0.1579831933,-38000000.0,244000000.0,0.1366946779,95000000.0,139000000.0,0.0778711485,0.53,0.53,260377358,262800000,https://www.sec.gov/Archives/edgar/data/315293/000094857200000055/0000948572-00-000055-index.htm,https://www.sec.gov/Archives/edgar/data/315293/000094857200000055/0000948572-00-000055-0001.txt,6.855434795524732,0.5338405807159315,1.0446376831275783,0.9255797118887734,13.26152176411591,15.293188434610355,0.9409420307582966,12.220724660705711,8.745000016476087,10219811301.5,11516811301.5,18.38095557823741,5.7253844826330536,37.572835667279406,42.40585602282157,3.2117571657762416,3.2117571657762416,6.451995126890757,31.72675289669421,42.34121802022059,47.78759876141079,0.0136010339035906,0.0235816487105419,0.7155876807039597,0.104301223031469,3.5730027548209367,0.6732244081360453,0.0,1.9568345323741008,0.0055774023921198,0.4100719424460431,0.0,0.0,0.1711785992396134,0.1139705882352941,0.0173669467787114,0.382716049382716,0.0,12.115616858704078,0.0235510008250529,0.0076821045650491,-32.219583394036896,-4900000000.0,245000000.0,-7754000000.0,-1163000000.0,8154000000.0,0.0,0.0,403.8151260504202,0.0,0.0,0.2228742664502434,0.0,0.0,0.0436832181018227,0.1190579712388048,2000-11-02,0.62,bmo,2088113207.0,2025-04-25,2000-09-30,-0.1451612903225806,35.78539682539682,867547.619047619
2000-06-30,AON,USD,315293,2000-08-11,2000-08-11 00:00:00,2000,Q2,1819000000.0,0.0,0.0,0.0,0,0.0,0.0,1262000000.0,296000000.0,1558000000.0,1558000000.0,0.0,0.0,83000000.0,344000000.0,0.1891148983,261000000.0,0.1434854316,-33000000.0,228000000.0,0.1253435954,89000000.0,129000000.0,0.0709180869,0.5,0.49,258000000,261700000,https://www.sec.gov/Archives/edgar/data/315293/000094857200000044/0000948572-00-000044-index.htm,https://www.sec.gov/Archives/edgar/data/315293/000094857200000044/0000948572-00-000044-0001.txt,7.050387596899225,0.5,0.4496124031007752,0.3953488372093023,12.604651162790695,15.065891472868216,0.3798449612403101,11.965116279069768,8.55813953488372,8013480000.0,9291480000.0,15.53,4.40543155579989,69.08172413793103,78.5635294117647,2.595879494655005,2.595879494655005,5.108015393073117,27.010116279069766,80.09896551724138,91.0929411764706,0.0160978750804893,0.0127285523892241,0.7152575315840622,0.0999321113374066,3.715116279069768,0.6730819415448852,0.0,0.8992248062015504,0.0071130145704487,0.4418604651162791,0.0,0.0,0.1714867617107943,0.1206896551724138,0.0076965365585486,0.1686746987951807,0.0,11.60204973871147,0.0222325584815749,0.0070468698787282,-33.843992248062015,-5011000000.0,98000000.0,-7891000000.0,-1222000000.0,7899500000.0,0.0,0.0,410.6157229246839,0.0,0.0,0.219183034100494,0.0,0.0,0.0417881438289601,0.0542635658914728,2000-08-02,0.49,bmo,1819000000.0,2025-04-25,2000-06-30,0.0,31.63190476190476,840585.7142857143
2000-03-31,AON,USD,315293,2000-05-12,2000-05-12 00:00:00,2000,Q1,1810000000.0,0.0,0.0,0.0,0,0.0,0.0,1271000000.0,290000000.0,1561000000.0,1561000000.0,0.0,0.0,82000000.0,331000000.0,0.1828729282,249000000.0,0.1375690608,-31000000.0,218000000.0,0.120441989,85000000.0,123000000.0,0.0679558011,0.47,0.47,259574468,260500000,https://www.sec.gov/Archives/edgar/data/315293/000094857200000033/0000948572-00-000033-index.html,https://www.sec.gov/Archives/edgar/data/315293/000094857200000033/,6.972950821958345,0.4738524591717549,0.5624590165778555,0.3351639345361193,11.699918036622924,14.986065578683956,0.219590164006423,11.90409836455872,7.458360658183069,8371276593.0,9533276593.0,17.014789823170734,4.625014692265194,57.3375109109589,96.22157003448277,2.709151000970874,2.709151000970874,5.267003642541437,28.80143985800604,65.29641502054794,109.57789187356322,0.0146930995092017,0.0103926801406548,0.626537216828479,0.0908920187793427,3.510574018126888,0.6344977572380046,0.0,1.1869918699186992,0.0064506290528202,0.4390243902439024,0.0,0.0,0.1799530516431925,0.4041095890410959,0.0325966850828729,0.7195121951219512,0.0,11.26577522392684,0.0219242089820605,0.0070418503463674,-33.701311486459446,-5378000000.0,57000000.0,-8074000000.0,-1545000000.0,7423000000.0,3821500000.0,0.0,372.9281767955801,0.0,0.0,0.2413333333333333,0.0,0.0,0.0398058252427184,0.2272950820417361,2000-05-04,0.48,bmo,1848510638.0,2025-04-25,2000-03-31,-0.0208333333333333,26.683968253968253,1564009.5238095238
1999-12-31,AON,USD,315293,2000-03-24,2000-03-24 00:00:00,1999,Q4,1878000000.0,0.0,0.0,0.0,0,0.0,0.0,0.0,10853000000.0,10853000000.0,10853000000.0,0.0,0.0,0.0,-8975000000.0,-4.7790202343,-8975000000.0,-4.7790202343,9045000000.0,70000000.0,0.0372736954,17000000.0,13000000.0,0.0069222577,0.05,0.05,259574468,260500000,https://www.sec.gov/Archives/edgar/data/315293/000094857200000017/0000948572-00-000017-index.html,https://www.sec.gov/Archives/edgar/data/315293/000094857200000017/,7.23491803515899,0.050081967229535,-0.0616393442825047,1.0825409839614888,12.324016397483284,14.835819676995351,-0.0423770491942219,11.753852462870116,7.373606559794625,10382978720.0,11459978720.0,199.6726676923077,5.528742662406816,-648.93617,36.950102206405695,3.4031395345788265,3.4031395345788265,6.102225090521832,-1.276877851810585,-716.24867,40.782842419928826,0.0012520491807383,0.0270635245990372,0.6273352999016716,0.0905735377626348,-0.12,0.6479372655983634,0.0,-1.2307692307692308,0.0052008196738363,4.153846153846154,0.0,0.0,0.1827560098428923,-18.5625,0.15814696485623,0.0,0.0,3.6393352706216353,-1.003745515931631,0.000752750434279,-33.025204928860724,-5163000000.0,-11000000.0,-7779000000.0,-7485000000.0,7169000000.0,3821500000.0,0.0,352.04472843450475,0.0,0.0,0.255649332970324,0.0,0.0,0.0042608980662078,1.1441803282439935,2000-02-08,0.44,bmo,2048727272.0,2025-04-25,1999-12-31,-0.0909090909090908,34.85953125,885629.6875
1999-09-30,AON,USD,315293,1999-11-15,1999-11-15 00:00:00,1999,Q3,1770000000.0,0.0,0.0,0.0,0,0.0,0.0,0.0,-1502000000.0,-1502000000.0,-1502000000.0,0.0,0.0,0.0,3272000000.0,1.8485875706,3272000000.0,1.8485875706,-3043000000.0,229000000.0,0.1293785311,91000000.0,138000000.0,0.0779661017,0.53,0.52,260000000,264000000,https://www.sec.gov/Archives/edgar/data/315293/000094857299000063/0000948572-99-000063-index.html,https://www.sec.gov/Archives/edgar/data/315293/000094857299000063/,6.807692307692308,0.5307692307692308,0.4653846153846154,-0.5230769230769231,24.934615384615384,15.407692307692308,0.6307692307692307,12.330769230769231,7.484615384615385,7685600000.0,9631600000.0,13.9231884057971,4.342146892655367,63.51735537190082,-56.51176470588236,2.3972551466001244,2.3972551466001244,5.441581920903955,2.943643031784841,79.6,-70.82058823529412,0.0179556573331945,-0.0176954304153221,0.6069868995633187,0.0921707005162695,0.5947432762836186,0.6278735632183908,0.0,0.8768115942028986,0.0071562402414905,0.3985507246376811,0.0,0.0,0.1819731918723061,2.12396694214876,0.1451977401129943,0.0,0.0,12.13498414653626,0.2585592611807228,0.0079902727114816,-20.692307692307693,-5439000000.0,164000000.0,-7930000000.0,-1597000000.0,7122000000.0,0.0,0.0,355.5254237288136,0.0,0.0,0.2531464530892448,0.0,0.0,0.0430442919525888,0.9884615384615384,1999-11-02,0.53,bmo,1804038461.0,2025-04-25,1999-09-30,-0.0188679245283019,36.21828125,479264.0625
1999-06-30,AON,USD,315293,1999-08-16,1999-08-16 00:00:00,1999,Q2,1723000000.0,0.0,0.0,0.0,0,0.0,0.0,0.0,-1439000000.0,-1439000000.0,-1439000000.0,0.0,0.0,0.0,3162000000.0,1.835171213,3162000000.0,1.835171213,-2912000000.0,250000000.0,0.1450957632,99000000.0,151000000.0,0.087637841,0.58,0.57,263700000,263700000,https://www.sec.gov/Archives/edgar/data/315293/000094857299000053/0000948572-99-000053-index.html,https://www.sec.gov/Archives/edgar/data/315293/000094857299000053/,6.5339400834281385,0.5726204019719378,0.3564656806977626,-0.2806219188471748,24.110731892301857,15.047402351156617,1.236253318164581,12.013651877133103,6.598407281001138,10877625000.0,12617625000.0,18.009312913907287,6.313189204875218,115.719414893617,-146.99493243243242,3.43359375,3.43359375,7.32305571677307,3.9903937381404178,134.23005319148936,-170.50844594594594,0.0138817067144712,-0.0068029556084163,0.5492424242424242,0.0828413635498,0.5502846299810247,0.6350003392820791,0.0,0.6225165562913907,0.0048723871249468,0.3509933774834437,0.0,0.0,0.1733955437059607,1.7872340425531914,0.0975043528728961,0.0,0.0,12.441197641637435,0.2655148060614486,0.008697154705679,-19.86727341676147,-5379000000.0,326000000.0,-7678000000.0,-1737000000.0,7152000000.0,0.0,0.0,378.8044109112014,0.0,0.0,0.2375896304467733,0.0,0.0,0.0476641414141414,0.6370875995449374,1999-08-03,0.57,bmo,1723000000.0,2025-04-25,1999-06-30,0.0,43.40698412698413,561613.4920634921
1999-03-31,AON,USD,315293,1999-05-14,1999-05-14 00:00:00,1999,Q1,1699000000.0,0.0,0.0,0.0,0,0.0,0.0,0.0,-1582000000.0,-1582000000.0,-1582000000.0,0.0,0.0,0.0,3281000000.0,1.9311359623,3281000000.0,1.9311359623,-3195000000.0,86000000.0,0.0506180106,36000000.0,50000000.0,0.0294290759,0.19,0.19,261800000,261800000,https://www.sec.gov/Archives/edgar/data/315293/000094857299000031/0000948572-99-000031-index.html,https://www.sec.gov/Archives/edgar/data/315293/,6.489686783804431,0.1909854851031321,1.004583651642475,0.4583651642475171,24.40794499618029,14.274255156608096,0.5462184873949579,11.218487394957982,5.748663101604278,11040106000.0,12545106000.0,55.20053000000001,6.498002354326074,41.977589353612174,92.00088333333332,3.758973782771536,3.758973782771536,7.383817539729253,3.8235617189881137,47.70002281368821,104.54255,0.0045289420228392,0.0108694608548142,0.5124276472591079,0.0734719781292716,0.4587016153611704,0.6389459274469541,0.0,5.26,0.0043477843419257,0.96,0.0,0.0,0.1754540128881078,0.5437262357414449,0.0841671571512654,0.0,0.0,6.943182684339512,0.2803995501300725,0.0029603315571343,-19.35828877005348,-5275000000.0,143000000.0,-7412000000.0,-1681000000.0,6829000000.0,3474000000.0,0.0,373.56091818716897,0.0,0.0,0.2409245604083947,0.0,0.0,0.0170241743275451,0.5462184873949579,1999-05-04,0.57,bmo,1669706896.0,2025-04-25,1999-03-31,0.0175438596491228,38.79786885245902,712300.7704918033
1998-12-31,AON,USD,315293,1999-03-29,1999-03-29 00:00:00,1998,Q4,1701800000.0,0.0,0.0,0.0,0,0.0,0.0,0.0,9510400000.0,9510400000.0,9510400000.0,0.0,0.0,0.0,-7808600000.0,-4.5884357739,-7808600000.0,-4.5884357739,8078100000.0,269500000.0,0.1583617346,89400000.0,139100000.0,0.0817369844,0.53,0.53,261800000,261800000,https://www.sec.gov/Archives/edgar/data/315293/000094857299000007/0000948572-99-000007-index.html,https://www.sec.gov/Archives/edgar/data/315293/,6.500381970970206,0.5313216195569137,0.5981665393430099,0.1031321619556913,11.24522536287242,14.579831932773107,1.210847975553858,11.524064171122994,5.439266615737204,9665656000.0,10366656000.0,17.37177570093458,5.679666235750382,61.721941251596434,357.98725925925925,3.2037308584686777,3.2037308584686777,6.091583029733224,-1.3275947032758753,66.1983141762452,383.95022222222224,0.0143911597929824,0.0027933955025918,0.4719920450778919,0.0723283218203982,-0.0897728145890428,0.6029835687518017,0.0,1.1258087706685838,0.0049867282675899,0.3465132997843278,0.0,0.0,0.1777732629012596,0.8275862068965517,0.0761546597720061,0.0,0.0,11.737425181178988,-0.8265941557706851,0.0085927847788485,-30.452635599694425,-5509000000.0,317000000.0,-7504000000.0,-8461000000.0,3845650000.0,3474000000.0,0.0,349.35950170407807,0.0,0.0,0.2576142900393581,0.0,0.0,0.0461054027179317,0.4950343773873186,1999-02-09,0.53,bmo,1701800000.0,2025-04-25,1998-12-31,0.0,38.3915625,593878.125
1998-09-30,AON,USD,315293,1998-11-13,1998-11-13 00:00:00,1998,Q3,1607000000.0,0.0,0.0,0.0,0,0.0,0.0,0.0,-1369000000.0,-1369000000.0,-1369000000.0,0.0,0.0,0.0,2976000000.0,1.8518979465,2976000000.0,1.8518979465,-2772000000.0,204000000.0,0.1269446173,80000000.0,124000000.0,0.0771624144,0.48,0.47,260900000,260900000,https://www.sec.gov/Archives/edgar/data/315293/000094857298000046/0000948572-98-000046-index.html,https://www.sec.gov/Archives/edgar/data/315293/,6.159448064392487,0.4752778842468378,-0.294365657339977,-0.5450364124185512,24.512840168646992,14.745113070141818,1.9382905327711768,11.678804139517055,6.314296665389038,11218700000.0,12866100000.0,22.618346774193547,6.981144990665837,-146.07682291666666,-78.89381153305204,3.681883820150968,3.681883820150968,8.006285003111387,4.323286290322581,-167.52734375,-90.4789029535865,0.011052974052252,-0.0126752654050825,0.5406629471611422,0.0826282131661442,0.5535618279569893,0.5542023649366282,0.0,-0.6188557614826753,0.0048401329922361,0.4379032258064516,0.0,0.0,0.1675887147335423,-0.8515625,0.0406969508400746,0.0,0.0,11.175430181615596,0.263417575790801,0.0074715898820211,-34.04034112686853,-6296000000.0,505700000.0,-8263500000.0,-2954700000.0,1097000000.0,0.0,0.0,60.782202862476666,0.0,0.0,1.4806965815903437,0.0,0.0,0.0406957663275352,0.2506707550785741,1998-11-03,0.52,bmo,1777625531.0,2025-04-25,1998-09-30,-0.0961538461538462,45.2896875,435229.6875
1998-06-30,AON,USD,315293,1998-08-14,1998-08-14 00:00:00,1998,Q2,1623000000.0,0.0,0.0,0.0,0,0.0,0.0,0.0,-1362000000.0,-1362000000.0,-1362000000.0,0.0,0.0,0.0,2985000000.0,1.8391866913,2985000000.0,1.8391866913,-2755000000.0,230000000.0,0.1417128774,90000000.0,140000000.0,0.0862600123,0.55,0.54,258300000,258300000,https://www.sec.gov/Archives/edgar/data/315293/000094857298000037/0000948572-98-000037-index.html,https://www.sec.gov/Archives/edgar/data/315293/,6.283391405342625,0.5420054200542005,2.0441347270615564,1.802942315137437,25.337591947348045,15.00232288037166,2.328687572590012,11.905149051490516,6.022841656987999,12096189000.0,13651889000.0,21.6003375,7.452981515711645,22.909448863636364,25.97420871805884,3.933592078306397,3.933592078306397,8.411515095502157,4.573497152428811,25.85585037878788,29.31477131200344,0.0115738932319923,0.038499729129563,0.5059022470813958,0.0783917521617318,0.5211725293132329,0.5572853145849774,0.0,3.78494623655914,0.0039268566322831,0.3392857142857143,0.0,0.0,0.1649567653639167,0.1179924242424242,0.0383857054836722,0.0,0.0,12.049263235997964,0.2657457031736867,0.0084481884670158,-33.27090592334495,-6171000000.0,601500000.0,-8202100000.0,-2897400000.0,1051100000.0,0.0,0.0,61.48059149722736,0.0,0.0,1.4638766122485791,0.0,0.0,0.045526974732529,0.2411924119241192,1998-08-05,0.53,bmo,1592944444.0,2025-04-25,1998-06-30,0.0188679245283019,43.51571428571429,397366.6666666667
1998-03-31,AON,USD,315293,1998-05-15,1998-05-15 00:00:00,1998,Q1,1562000000.0,0.0,0.0,0.0,0,0.0,0.0,0.0,-1304000000.0,-1304000000.0,-1304000000.0,0.0,0.0,0.0,2866000000.0,1.8348271447,2866000000.0,1.8348271447,-2638000000.0,228000000.0,0.1459667093,89000000.0,139000000.0,0.0889884763,0.37,0.35,257100000,257100000,https://www.sec.gov/Archives/edgar/data/315293/000094857298000022/0000948572-98-000022-index.html,https://www.sec.gov/Archives/edgar/data/315293/,6.075457020614547,0.5406456631660832,0.9964994165694282,0.8304161804745235,23.79268767016725,14.522364838584208,2.301828082458188,11.41073512252042,5.03267211201867,11099007000.0,12392907000.0,19.9622428057554,7.10563828425096,43.32165105386417,51.985981264637005,3.783279476429083,3.783279476429083,7.933999359795134,4.324112700628053,48.37200234192037,58.04640281030445,0.0125236428808451,0.0192359550723771,0.4410471418345434,0.0685517197533218,0.4514654570830426,0.5579210546253504,0.0,1.8524945770065075,0.0039643186097639,0.316546762589928,0.0,0.0,0.1664600419607095,0.1666666666666666,0.0273367477592829,0.0,0.0,11.781604317510002,0.2750975195964531,0.008834989099276,-32.200991831972,-5835000000.0,591800000.0,-7777100000.0,-2693100000.0,928250000.0,3189900000.0,0.0,57.24391805377721,0.0,0.0,1.5722194262707598,0.0,0.0,0.0473804410812284,0.1660832360949047,1998-05-05,0.53,bmo,1561500000.0,2025-04-25,1998-03-31,0.0,39.49180327868852,360282.7868852459
1997-12-31,AON,USD,315293,1998-03-31,1998-03-31 00:00:00,1997,Q4,1520800000.0,0.0,0.0,0.0,0,0.0,0.0,0.0,8766900000.0,8766900000.0,8766900000.0,0.0,0.0,0.0,-7246100000.0,-4.7646633351,-7246100000.0,-4.7646633351,7472500000.0,226400000.0,0.1488690163,73800000.0,112900000.0,0.0742372436,0.44,0.44,256972000,256972000,https://www.sec.gov/Archives/edgar/data/315293/000094857298000011/0000948572-98-000011-index.html,https://www.sec.gov/Archives/edgar/data/315293/,5.918154507105832,0.4393474775461918,1.2145292094080289,-5.612673754338994,10.827638808897468,14.095309994863252,2.053141976557757,10.98213034883178,5.453123297479881,10042465760.0,10359065760.0,22.23752382639504,6.603409889531825,32.177077090676065,-6.962813395271441,3.5585081180681053,3.5585081180681053,6.811589794844818,-1.4296056858171982,33.191495546299265,-7.182323899327463,0.0112422588931983,-0.1436201063034543,0.4965451259700223,0.0749711093990755,-0.0436924690523178,0.5530422981225966,0.0,2.7643932683790964,0.0046402946361651,0.4127546501328609,0.0,0.0,0.1655591936312275,5.62127523229734,1.153603366649132,0.0,0.0,10.4193019681724,-0.7887720020589659,0.0072387107529156,-45.2946235387513,-5928000000.0,527600000.0,-7734100000.0,-2376700000.0,3249600000.0,3189900000.0,0.0,51.0718043135192,0.0,0.0,1.7622247972190035,0.0,0.0,0.0400056695368697,6.827202963747023,1998-02-10,0.4,bmo,1414697674.0,2025-04-25,1997-12-31,0.0749999999999999,36.52828125,308172.65625
1997-09-30,AON,USD,315293,1997-11-14,1997-11-14 00:00:00,1997,Q3,1451000000.0,0.0,0.0,0.0,0,0.0,0.0,0.0,-1254500000.0,-1254500000.0,-1254500000.0,0.0,0.0,0.0,2705500000.0,1.8645761544,2705500000.0,1.8645761544,-2537900000.0,167600000.0,0.1155065472,66600000.0,101000000.0,0.0696071675,0.39,0.38,256522000,256522000,https://www.sec.gov/Archives/edgar/data/315293/000094857297000058/0000948572-97-000058-index.html,https://www.sec.gov/Archives/edgar/data/315293/,5.656434925659398,0.3937284131575459,0.6927281090900586,0.6471179859817092,21.23209705210469,14.698544374361653,3.772775824295772,14.698544374361653,4.957469534776744,9021878740.0,10293578740.0,22.331383019801983,6.217697270847691,50.77027990996061,54.34866710843374,2.392753942447952,2.392753942447952,7.0941273190902825,3.804686283496581,57.92672335396736,62.00951048192771,0.0111950074824437,0.0183997152681748,0.337276223312558,0.0713152124539454,0.4700425060062835,0.5860392286138124,0.0,1.7594059405940594,0.0051652212740779,0.4613861386138614,0.0,0.0,0.1571716174763488,0.0658413055711873,0.0080634045485871,0.0,0.0,11.411081343390366,0.2591808006597259,0.0067201618161736,-17.105550401135186,-5023000000.0,967800000.0,-6950600000.0,-1776400000.0,5707350000.0,0.0,0.0,349.592005513439,0.0,0.0,0.2574429580213619,0.0,0.0,0.0267868982893515,0.0456101231083493,1997-11-04,0.39,bmo,1529432432.0,2025-04-25,1997-09-30,-0.0512820512820513,35.312031250000004,295823.4375
1997-06-30,AON,USD,315293,1997-08-14,1997-08-14 00:00:00,1997,Q2,1424500000.0,0.0,0.0,0.0,0,0.0,0.0,0.0,-1229700000.0,-1229700000.0,-1229700000.0,0.0,0.0,0.0,2654200000.0,1.8632502633,2654200000.0,1.8632502633,-2513000000.0,141200000.0,0.0991224991,57000000.0,84200000.0,0.0591084591,0.32,0.32,252812500,252812500,https://www.sec.gov/Archives/edgar/data/315293/000094857297000043/0000948572-97-000043-index.html,https://www.sec.gov/Archives/edgar/data/315293/,5.634610630407911,0.333053152039555,-0.0533992583436341,-0.0537948084054388,20.00217552533993,11.342398022249691,2.656514215080346,11.342398022249691,4.5369592088998765,8722031250.0,9869031250.0,25.89676736935867,6.12287206037206,-646.0763888888888,-641.3258272058823,3.041684829991281,3.041684829991281,6.928066865566866,3.7182696292668234,-731.0393518518518,-725.6640625,0.0096537145518711,-0.0015592698088532,0.4,0.0658934100845067,0.4321452791801672,0.5758183568677792,0.0,-0.1603325415676959,0.0053313269199763,0.5522565320665083,0.0,0.0,0.1261511239795713,-0.0074074074074074,7.02000702000702e-05,0.0,0.0,9.219353653724491,0.291900949020515,0.0055354677535993,-20.365784919653898,-5287000000.0,671600000.0,-7362400000.0,-2638100000.0,5775850000.0,0.0,0.0,365.0859950859951,0.0,0.0,0.2465172622652937,0.0,0.0,0.0293635571054925,0.0003955500618046,1997-08-05,0.36,bmo,1314923076.0,2025-04-25,1997-06-30,0.0833333333333334,31.02109375,340849.21875
1997-03-31,AON,USD,315293,1997-05-15,1997-05-15 00:00:00,1997,Q1,1354300000.0,0.0,0.0,0.0,0,0.0,0.0,0.0,-1179500000.0,-1179500000.0,-1179500000.0,0.0,0.0,0.0,2533800000.0,1.8709296315,2533800000.0,1.8709296315,-2527400000.0,6400000.0,0.0047256885,5700000.0,700000.0,0.0005168722,-0.01,-0.01,250525000,250525000,https://www.sec.gov/Archives/edgar/data/315293/000094857297000030/0000948572-97-000030-index.html,https://www.sec.gov/Archives/edgar/data/315293/,5.4058477197884445,0.0027941323221235,1.228619898213751,1.1144596347669893,19.87027242790141,14.15427602035725,5.152779163756112,10.960981937930349,3.848318531084722,6819290500.0,7783390500.0,2435.460892857143,5.035287971645869,22.15493989603639,24.424392908309457,2.4833541514930806,2.4833541514930806,5.747168648010042,3.0718251243192043,25.28716861598441,27.877473137535816,0.0001026499750963,0.0409426757813001,0.3510924981791697,0.0556745800296823,0.3804956981608651,0.573350519616531,0.0,439.7142857142857,0.0062176556344094,60.57142857142857,0.0,0.0,0.13022689080483,0.0929174788823911,0.021117920697039,0.0,0.0,0.8301173188695251,0.0527965508372863,4.647580602326446e-05,-17.813791038818483,-5296000000.0,1290900000.0,-6653700000.0,-2601800000.0,5164100000.0,2071850000.0,0.0,383.6579782913682,0.0,0.0,0.2345839395829003,0.0,0.0,0.0002549162418062,0.1141602634467618,1997-05-01,0.38,bmo,1470382857.0,2025-04-25,1997-03-31,-0.0789473684210527,28.51377049180328,394395.4918032787
1996-12-31,AON,USD,315293,1997-03-26,1997-03-26 00:00:00,1996,Q4,1069400000.0,0.0,0.0,0.0,0,0.0,0.0,0.0,5610100000.0,5610100000.0,5610100000.0,0.0,0.0,0.0,-4540700000.0,-4.2460258089,-4540700000.0,-4.2460258089,4611400000.0,70700000.0,0.0661118384,24500000.0,46200000.0,0.0432017954,0.18,0.18,253673000,253673000,https://www.sec.gov/Archives/edgar/data/315293/000094857297000010/0000948572-97-000010-index.html,https://www.sec.gov/Archives/edgar/data/315293/,4.215663472265476,0.1821242308010706,-0.0827837412732139,-0.1533470255013344,6.608507803353136,11.16752669775656,4.869260820032088,11.16752669775656,2.7141240888860856,7003911530.0,7282311530.0,37.89995416666667,6.549384262203104,-333.51959666666664,-180.04913958868894,2.4723468989374844,2.4723468989374844,6.809717159154666,-1.6037860968573128,-346.7767395238095,-187.20595192802057,0.0065963140456744,-0.0055540393155137,0.2430371703907656,0.0501723421775598,-0.0613121324905851,0.5250260688216892,0.0,-0.8333333333333334,0.0061965374368456,0.9393939393939394,0.0,0.0,0.116427525195479,-0.8523809523809524,0.0167383579577333,0.0,0.0,6.764779170086414,-0.682787605911568,0.0038103092783505,-22.852845986762485,-4555000000.0,1235200000.0,-5854800000.0,-2634100000.0,2672650000.0,2071850000.0,0.0,383.3458013839536,0.0,0.0,0.2347749725576289,0.0,0.0,0.0163083765752409,0.0705632842281204,1997-02-11,0.31,bmo,1035981250.0,2025-04-25,1996-12-31,0.032258064516129,26.0709375,416953.125
1996-09-30,AON,USD,315293,1996-11-14,1996-11-14 00:00:00,1996,Q3,944300000.0,0.0,0.0,0.0,0,0.0,0.0,0.0,-807200000.0,-807200000.0,-807200000.0,0.0,0.0,0.0,1751500000.0,1.8548130891,1751500000.0,1.8548130891,-1623500000.0,128000000.0,0.135550143,44200000.0,83800000.0,0.0887429842,0.32,0.32,245904000,245904000,https://www.sec.gov/Archives/edgar/data/315293/000094857296000071/0000948572-96-000071-index.html,https://www.sec.gov/Archives/edgar/data/315293/,3.840116468215238,0.3407833951460732,0.3180102804346411,0.2293577981651376,19.780890103455008,11.25683193441343,5.590392998893877,11.25683193441343,2.3688105927516427,5928745440.0,6511245440.0,17.687188066825776,6.278455406120936,75.81515907928389,105.1196,2.141810425923919,2.141810425923919,6.895314455151964,3.717525229803026,83.26400818414322,115.44761418439715,0.014134524891998,0.0095129737936597,0.2104331490914345,0.047640467817126,0.3325720810733656,0.4968252066610758,0.0,0.9331742243436754,0.0072865331185479,0.5155131264916468,0.0,0.0,0.1139609061912161,0.278772378516624,0.0230858837233929,0.0,0.0,9.29048877169325,0.2910663915752868,0.007735194210604,-16.274542097729196,-4200000000.0,1374700000.0,-5311900000.0,-2529100000.0,815800000.0,0.0,0.0,75.32246108228317,0.0,0.0,1.1948627103631533,0.0,0.0,0.0302734727791626,0.0886524822695035,1996-11-05,0.32,bmo,,2025-04-25,1996-09-30,-0.03125,22.335625,316086.28125
1996-06-30,AON,USD,315293,1996-08-14,1996-08-14 00:00:00,1996,Q2,932400000.0,0.0,0.0,0.0,0,0.0,0.0,0.0,-821000000.0,-821000000.0,-821000000.0,0.0,0.0,0.0,1753400000.0,1.8805233805,1753400000.0,1.8805233805,-1652100000.0,101300000.0,0.1086443586,36000000.0,86300000.0,0.0925568426,0.33,0.33,246803000,246803000,https://www.sec.gov/Archives/edgar/data/315293/000095013196003954/0000950131-96-003954-index.html,https://www.sec.gov/Archives/edgar/data/315293/,3.7779119378613712,0.3496716004262509,0.2216342589028496,0.1438394184835678,20.07512064277987,11.118989639510056,5.512088588874527,11.118989639510056,2.529547858008209,5718425510.0,6342725510.0,16.565543192352262,6.133017492492493,104.54159981718466,161.08240873239436,2.083822429123242,2.083822429123242,6.802579912054912,3.617386511919699,115.95476252285192,178.6683242253521,0.0150915666994497,0.0062080025241073,0.2274979957729028,0.0520293357779815,0.3560511007186038,0.4604819277108434,0.0,0.8376722817764165,0.0077119129947362,0.5110081112398609,0.0,0.0,0.1153262771897658,0.3510054844606947,0.0205920205920205,0.0,0.0,9.353068229374443,0.2983283459091775,0.0081298515336498,-14.86701944465829,-4478000000.0,1360400000.0,-5432800000.0,-2819000000.0,771700000.0,0.0,0.0,81.20656370656371,0.0,0.0,1.108284797337454,0.0,0.0,0.0314481451789228,0.0777948404192817,1996-08-01,0.34,bmo,,2025-04-25,1996-06-30,-0.0588235294117647,23.115714285714287,593639.2857142857
1996-03-31,AON,USD,315293,1996-05-15,1996-05-15 00:00:00,1996,Q1,942100000.0,0.0,0.0,0.0,0,0.0,0.0,0.0,-787300000.0,-787300000.0,-787300000.0,0.0,0.0,0.0,1729400000.0,1.8356862329,1729400000.0,1.8356862329,-1583800000.0,145600000.0,0.1545483494,49100000.0,118900000.0,0.126207409,0.47,0.46,246579000,246579000,https://www.sec.gov/Archives/edgar/data/315293/000095013196002299/0000950131-96-002299-index.html,https://www.sec.gov/Archives/edgar/data/315293/,3.8206822154360265,0.4821984029459119,0.984268733347122,0.9197863565023784,39.717899740042746,11.01107555793478,4.622048106286424,11.01107555793478,3.61060755376573,5779811760.0,6670111760.0,12.1526740117746,6.135029996815625,23.81463436341162,25.484178835978835,2.128765702920703,2.128765702920703,7.080046449421505,3.85689358158899,27.48294915533581,29.40966384479718,0.0205716042212419,0.0392400322739922,0.3279068910905676,0.044242906127317,0.5148028217879033,0.2336872991476875,0.0,2.515025906735751,0.0073012758463953,0.3549201009251472,0.0,0.0,0.0782885255677582,0.0655129789864029,0.0168771892580405,0.0,0.0,10.929971116015842,0.1859752417396985,0.0064105328991351,-28.744236127164115,-10969000000.0,1139700000.0,-14062900000.0,-9084000000.0,1849400000.0,1204350000.0,0.0,67.0724976117185,0.0,0.0,1.3418316479134027,0.0,0.0,0.0437921255202386,0.0644823768447434,1996-05-02,0.44,bmo,,2025-04-25,1996-03-31,-0.1590909090909091,23.39492063492064,361842.8571428572
1995-12-31,AON,USD,315293,1996-04-01,1996-04-01 00:00:00,1995,Q4,42800000.0,0.0,0.0,0.0,0,0.0,0.0,0.0,5674900000.0,5674900000.0,5674900000.0,0.0,0.0,0.0,-5632100000.0,-131.5911214953,-5632100000.0,-131.5911214953,5620400000.0,-11700000.0,-0.273364486,-5500000.0,92900000.0,2.1705607477,0.38,0.38,246201828,246579000,https://www.sec.gov/Archives/edgar/data/315293/000095013196001382/0000950131-96-001382-index.html,https://www.sec.gov/Archives/edgar/data/315293/,0.1738411138035904,0.3773326979521858,0.6913027469479227,0.6263154146848983,4.279415829520161,9.168900240659465,2.679508943369828,9.168900240659465,3.003227092205018,5458294526.76,6082394526.76,14.688628974058128,127.53024595233646,32.069885586133964,35.397500173540855,2.4179562889873307,2.4179562889873307,142.11202165327103,-1.0799514438237958,35.73674810082256,39.44484128897536,0.0170199683334319,0.0282505825297653,0.3275449632320368,0.0374649114806595,-0.1108112426981055,0.2219053051911009,0.0,-27.451612903225808,0.0078962393452197,0.4639397201291712,0.0,0.0,0.0809544077260612,0.0940070505287896,0.3738317757009345,0.0,0.0,8.822915162456558,-0.5011218872561788,0.0051218154051416,-57.58395506307939,-10912000000.0,659700000.0,-14366400000.0,-9006500000.0,1898500000.0,1204350000.0,0.0,6301.471962616823,0.0,0.0,0.0142823772816765,0.0,0.0,0.0411535394701869,0.0649873322630244,1996-02-08,0.37,bmo,,2025-04-25,1995-12-31,-0.027027027027027,20.3168253968254,400942.8571428572
1995-09-30,AON,USD,315293,1995-11-14,1995-11-14 00:00:00,1995,Q3,865700000.0,0.0,0.0,0.0,0,0.0,0.0,0.0,-739800000.0,-739800000.0,-739800000.0,0.0,0.0,0.0,1605500000.0,1.8545685572,1605500000.0,1.8545685572,-1489300000.0,116200000.0,0.1342266374,39200000.0,100000000.0,0.1155134573,0.38,0.38,242982000,242982000,https://www.sec.gov/Archives/edgar/data/315293/000095013195003225/0000950131-95-003225-index.html,https://www.sec.gov/Archives/edgar/data/315293/,3.562815352577557,0.4115531191610901,0.2736828242421249,0.164621247664436,39.97209669852088,10.790922784403785,4.390860228329671,10.790922784403785,3.368973833452684,4414982940.0,5233582940.0,11.037457350000002,5.099899433984059,66.39072090225565,110.3745735,1.6838226315789475,1.6838226315789475,6.045492595587386,3.259783830582373,78.70049533834586,130.8395735,0.0226501441475558,0.0090600576590223,0.3122044241037376,0.0416800321790622,0.5098723139208969,0.2420418291386033,0.0,0.665,0.009943413280777,0.439,0.0,0.0,0.0791798412431708,0.3984962406015037,0.030611066189211,0.0,0.0,9.99616693724783,0.1816372229339402,0.0055294442908487,-27.596179963947947,-10691000000.0,1066900000.0,-13604100000.0,-8827800000.0,770250000.0,0.0,0.0,83.20087790227562,0.0,0.0,1.0817193552417843,0.0,0.0,0.03813882532418,0.1090615765776888,1995-11-02,0.37,bmo,,2025-04-25,1995-09-30,0.0540540540540541,17.06984126984127,269275.0
1995-06-30,AON,USD,315293,1995-08-14,1995-08-14 00:00:00,1995,Q2,851900000.0,0.0,0.0,0.0,0,0.0,0.0,0.0,-734400000.0,-734400000.0,-734400000.0,0.0,0.0,0.0,1586300000.0,1.8620730133,1586300000.0,1.8620730133,-1478300000.0,108000000.0,0.1267754431,36300000.0,98700000.0,0.1158586689,0.38,0.38,243656000,243656000,https://www.sec.gov/Archives/edgar/data/315293/000095013195002238/0000950131-95-002238-index.html,https://www.sec.gov/Archives/edgar/data/315293/,3.4963226844403583,0.4050792921167547,0.3377712841054601,0.2101323176937978,39.20855632531109,10.8874807105099,4.406622451324819,10.8874807105099,2.9681189874248943,4034943359.999999,4758143360.0,10.220221276595744,4.736404930156121,49.027258323207775,78.8074875,1.52101302774427,1.52101302774427,5.585330860429628,2.999523015822984,57.81462162818955,92.9324875,0.024461309910432,0.0126891496191906,0.2726176115802171,0.03802193411354,0.4559036752190632,0.2364045596456835,0.0,0.8338399189463019,0.0106321195051422,0.4346504559270516,0.0,0.0,0.08302051459996,0.3778857837181045,0.0365066322338302,0.0,0.0,9.961505510254655,0.1923660074607175,0.0056589169509503,-25.68888104540828,-10517000000.0,1073700000.0,-13111800000.0,-8634600000.0,743400000.0,0.0,0.0,78.19931916891653,0.0,0.0,1.1509051607673602,0.0,0.0,0.0372059710494571,0.1276389664116623,1995-08-01,0.37,bmo,,2025-04-25,1995-06-30,0.0,16.364603174603175,251567.85714285716
1995-03-31,AON,USD,315293,1995-05-15,1995-05-15 00:00:00,1995,Q1,853200000.0,0.0,0.0,0.0,0,0.0,0.0,0.0,-708100000.0,-708100000.0,-708100000.0,0.0,0.0,0.0,1561300000.0,1.8299343647,1561300000.0,1.8299343647,-1424600000.0,136700000.0,0.1602203469,46200000.0,111200000.0,0.1303328645,0.42,0.42,244331000,244331000,https://www.sec.gov/Archives/edgar/data/315293/000095013195001300/0000950131-95-001300-index.html,https://www.sec.gov/Archives/edgar/data/315293/,3.4919842345015573,0.4551203081066258,1.1893701576959126,1.0899149105107415,38.30500427698491,10.105962812741732,3.51449468139532,10.105962812741732,3.054053722204714,3963048819.999999,4709248820.0,8.909732059352518,4.64492360525082,13.637470130763935,14.881895681562144,1.604993042280901,1.604993042280901,5.519513384903891,3.01623571382822,16.205260908465245,17.683998573037925,0.0280592051853653,0.0671957404753848,0.3022031427182893,0.0395889371680805,0.4779350541215653,0.2484373877433723,0.0,2.6133093525179856,0.0104465026499471,0.3723021582733813,0.0,0.0,0.0854435584416962,0.0836200963523744,0.0284810126582278,0.0,0.0,10.172863434333776,0.1992008206477213,0.0064507895255885,-26.441384842692905,-10461000000.0,858700000.0,-12921500000.0,-8559100000.0,1699900000.0,1204350000.0,0.0,78.75527426160338,0.0,0.0,1.1427806054111975,0.0,0.0,0.0450348290944435,0.0994552471851709,1995-05-02,0.42,bmo,,2025-04-25,1995-03-31,0.0238095238095238,15.23920634920635,187800.0
1994-12-31,AON,USD,315293,1995-03-31,1995-03-31 00:00:00,1994,Q4,1080400000.0,0.0,0.0,0.0,0,0.0,0.0,0.0,5930600000.0,5930600000.0,5930600000.0,0.0,0.0,0.0,-4850200000.0,-4.4892632358,-4850200000.0,-4.4892632358,4978600000.0,128400000.0,0.1188448723,42400000.0,86000000.0,0.0796001481,0.35,0.35,244331000,244331000,https://www.sec.gov/Archives/edgar/data/315293/000095013195000834/0000950131-95-000834-index.html,https://www.sec.gov/Archives/edgar/data/315293/,4.4218703316402745,0.3519815332479301,0.7277013559474647,0.6446173428668487,5.2879086157712285,9.23910596690555,2.903438368442809,9.23910596690555,3.0262226242269707,3474386820.0,3704986820.0,10.099961686046512,3.215833783783784,19.540983239595057,22.059598857142856,1.5391099583591743,1.5391099583591743,3.429273250647908,-0.7638833079048286,20.83794611923509,23.52372584126984,0.024752569145424,0.045331740004701,0.3275449632320368,0.0412567863898358,-0.047544431157478,6.072306416346226,0.0,2.067441860465116,0.0119733357726702,0.4837209302325581,0.0,0.0,0.0863747705321422,0.1141732283464567,0.0187893372824879,0.0,0.0,8.553939466211407,-0.2094072353858352,0.005252261220601,-50.67961085576533,13454800000.0,709400000.0,442900000.0,15269300000.0,2545100000.0,1204350000.0,0.0,221.01814142910035,0.0,0.0,0.4072063922810191,0.0,0.0,0.0380969256666962,0.083084013080616,1995-02-09,0.31,bmo,,2025-04-25,1994-12-31,0.0645161290322581,14.206984126984128,253139.2857142857
1994-09-30,AON,USD,315293,1994-09-30,1994-09-29 20:00:00,1994,Q3,1030500000.0,0.0,0.0,0.0,0,0.0,0.0,0.0,-889700000.0,-889700000.0,-889700000.0,0.0,0.0,0.0,1920200000.0,1.8633672974,1920200000.0,1.8633672974,-1790700000.0,129500000.0,0.1256671519,42800000.0,86700000.0,0.0841339156,0.34,0.34,255000000,255000000,,,4.041176470588235,0.34,0.4349019607843137,0.38,35.62078431372549,9.045098039215686,2.9172549019607845,9.045098039215686,2.908235294117647,3781650000.0,4523250000.0,10.904411764705882,3.6697234352256185,34.09963931469793,39.026315789473685,1.6395621070886626,1.6395621070886626,4.389374090247452,2.3556139985418185,40.78674481514878,46.67956656346749,0.0229265003371544,0.0256237356709372,0.321526121829612,0.0418663731052587,0.3862097698156442,64.49046653144016,0.0,1.2791234140715109,0.0110004892044477,0.4798154555940023,0.0,0.0,0.0882152030936856,0.1262398557258791,0.0135856380397865,0.0,0.0,8.318353202407314,0.0725757299827924,0.0053681219003275,-17.631176470588237,15650400000.0,743900000.0,489900000.0,17467000000.0,2473100000.0,0.0,0.0,212.83842794759823,0.0,0.0,0.422855970455478,0.0,0.0,0.0375894212009538,0.0549019607843137,1994-11-01,0.32,bmo,,2025-04-25,1994-09-30,0.03125,15.0321875,183273.046875
1994-06-30,AON,USD,315293,1994-06-30,1994-06-29 20:00:00,1994,Q2,1026400000.0,0.0,0.0,0.0,0,0.0,0.0,0.0,-883700000.0,-883700000.0,-883700000.0,0.0,0.0,0.0,1910100000.0,1.8609703819,1910100000.0,1.8609703819,-1778400000.0,131700000.0,0.1283125487,43500000.0,88200000.0,0.0859314108,0.34,0.34,259411765,259411765,,,3.9566439864437135,0.3399999996145125,0.5689795911916331,0.4710657591031,34.10292513140258,8.862743754123873,2.782063488909225,8.862743754123873,2.5550113349716423,3906741180.9,4569541180.9,11.073529424319728,3.8062560219212784,26.46843618495935,31.970058763502458,1.6992480452785874,1.6992480452785874,4.452008165335152,2.392304686089733,30.9589510901084,37.39395401718494,0.0225763611961827,0.0312792668727158,0.2882867208907833,0.0381428111044611,0.3469975393958431,92.94620442319189,0.0,1.673469387755102,0.0102899061234302,0.4557823129251701,0.0,0.0,0.0907762073569356,0.1720867208672086,0.024746687451286,0.0,0.0,8.234074911134638,0.073615473892926,0.0055824904743218,-16.76523807622989,15382600000.0,721700000.0,472200000.0,17209500000.0,2512550000.0,0.0,0.0,220.0194855806703,0.0,0.0,0.4090546787820819,0.0,0.0,0.0383628376321169,0.097913832088533,1994-08-02,0.34,bmo,,2025-04-25,1994-06-30,0.0,14.432903225806452,172455.35483870967
1994-03-31,AON,USD,315293,1994-03-31,1994-03-30 19:00:00,1994,Q1,1019600000.0,0.0,0.0,0.0,0,0.0,0.0,0.0,-860500000.0,-860500000.0,-860500000.0,0.0,0.0,0.0,1880100000.0,1.8439584151,1880100000.0,1.8439584151,-1732100000.0,148000000.0,0.1451549627,48900000.0,99100000.0,0.0971949784,0.26,0.26,227237000,227237000,,,4.486945347808676,0.4361085562650448,1.1419795191804152,1.066287620413929,39.19740183156792,10.143154503888011,3.3018390490985183,10.143154503888011,2.894775058639218,3231310140.0,3889110140.0,8.151640110998992,3.169193938799529,12.452062196531791,13.33598902187371,1.4019307301835222,1.4019307301835222,3.814348901530012,2.068565576299133,14.986936955684008,16.05080536524969,0.0306686748428301,0.0749850647267179,0.2853919909757473,0.038421101817672,0.3498750066485825,93.3110164333536,0.0,2.6185671039354186,0.0120384606597991,0.3925327951564076,0.0,0.0,0.0908018316901079,0.066281310211946,0.0168693605335425,0.0,0.0,9.976428243611911,0.0735307227055568,0.0063663578779663,-17.699032287875653,15166700000.0,750300000.0,515100000.0,16956500000.0,2308200000.0,0.0,0.0,222.07826598666145,0.0,0.0,0.4052625303072459,0.0,0.0,0.0429953577161699,0.075691898766486,1994-05-03,0.37,bmo,,2025-04-25,1994-03-31,0.0540540540540541,14.436984126984129,285664.5396825397
1993-12-31,AON,USD,315293,1993-12-31,1993-12-30 19:00:00,1993,Q4,977300000.0,0.0,0.0,0.0,0,0.0,0.0,0.0,-851200000.0,-851200000.0,-851200000.0,0.0,0.0,0.0,1828500000.0,1.8709710427,1828500000.0,1.8709710427,-1713600000.0,114900000.0,0.117568812,37000000.0,77900000.0,0.0797094035,0.34,0.34,227237000,227237000,,,4.300796085144585,0.342813890343562,0.6904685416547481,0.6240180956446353,39.11026813415069,10.0679026743004,6.36780101832008,10.0679026743004,3.036037265058067,3256306210.0,3946206210.0,10.45027666880616,3.331941276987619,20.75402300828553,22.964077644569816,1.4233351735291546,1.4233351735291546,4.037865762815922,2.158165824446268,25.15109120458891,27.829380888575457,0.0239228116080643,0.0435462732480555,0.3015560800769298,0.0423794927237992,0.3773038009297238,90.23784104389088,0.0,2.0141206675224645,0.0113318581301357,0.4736842105263157,0.0,0.0,0.0516490469374842,0.0962396430847673,0.01545073160749,0.0,0.0,8.812314104478382,0.076152120790224,0.0050458923586146,-15.528391063075116,15045500000.0,1447000000.0,1222800000.0,16110500000.0,2141450000.0,0.0,0.0,193.43599713496369,0.0,0.0,0.4652701737681504,0.0,0.0,0.0340501792114695,0.0664504460101128,1994-02-08,0.28,bmo,,2025-04-25,1993-12-31,0.0,15.11765625,301493.234375
1993-09-30,AON,USD,315293,1993-09-30,1993-09-29 20:00:00,1993,Q3,954200000.0,0.0,0.0,0.0,0,0.0,0.0,0.0,-819500000.0,-819500000.0,-819500000.0,0.0,0.0,0.0,1773700000.0,1.8588346259,1773700000.0,1.8588346259,-1649600000.0,124100000.0,0.1300565919,46300000.0,77800000.0,0.0815342695,0.3,0.3,259333333,259333333,,,3.6794344520301214,0.3000000003856041,0.3543701804040748,0.3069408744305152,34.623778964812054,8.681876617843029,3.110668384461013,8.681876617843029,2.806426738825741,4284186661.16,5011986661.16,13.766666648971723,4.48982043718298,46.61791796692056,53.82144046683417,1.9028144175705084,1.9028144175705084,5.252553616809893,2.825724001330552,54.537395660065286,62.96465654723618,0.0181598063187411,0.018579956079329,0.323251165889407,0.045022919746862,0.4103286914359813,70.49440933398152,0.0,1.1812339331619537,0.0091265864661025,0.5025706940874036,0.0,0.0,0.0893777335123197,0.1338411316648531,0.012890379375393,0.0,0.0,7.65523789609214,0.068787509522696,0.0052852183719081,-12.716066854390832,14295000000.0,806700000.0,587100000.0,15959400000.0,2187950000.0,0.0,0.0,205.84363865017812,0.0,0.0,0.4372250733137829,0.0,0.0,0.0345547412835887,0.0474293059735595,1993-11-02,0.29,bmo,,2025-04-25,1993-09-30,0.0344827586206896,16.38703125,173475.234375
1993-06-30,AON,USD,315293,1993-06-30,1993-06-29 20:00:00,1993,Q2,963000000.0,0.0,0.0,0.0,0,0.0,0.0,0.0,-840400000.0,-840400000.0,-840400000.0,0.0,0.0,0.0,1803400000.0,1.8726895119,1803400000.0,1.8726895119,-1690500000.0,112900000.0,0.1172377985,33800000.0,79100000.0,0.0821391485,0.31,0.31,255161290,255161290,,,3.77408344345649,0.310000000391909,0.5361314798181182,0.47185840767618,33.86524656620132,8.706649821373768,3.037686476659528,8.706649821373768,2.687711760667145,4016238704.6,4702038704.6,12.693548371049303,4.17054901827622,29.3584700628655,33.35746432392026,1.807813604879366,1.807813604879366,4.882698550986501,2.6073187892869027,34.37162795760234,39.05347761295681,0.0196950444975799,0.0299782978193252,0.3086964350018005,0.0437358502598769,0.380281690140845,161.87875288683605,0.0,1.729456384323641,0.0097354771157443,0.4943109987357775,0.0,0.0,0.0922483339179235,0.1198830409356725,0.0170301142263759,0.0,0.0,7.79287383324386,0.0805776690760406,0.0055571167626809,-12.433998119385585,13932100000.0,775100000.0,559800000.0,15593900000.0,2106700000.0,0.0,0.0,205.0,0.0,0.0,0.4390243902439024,0.0,0.0,0.0356049693914296,0.0642730721419381,1993-08-03,0.3,bmo,,2025-04-25,1993-06-30,0.0333333333333333,15.662063492063492,202055.50793650796
1993-03-31,AON,USD,315293,1993-03-31,1993-03-30 19:00:00,1993,Q1,950300000.0,0.0,0.0,0.0,0,0.0,0.0,0.0,-812300000.0,-812300000.0,-812300000.0,0.0,0.0,0.0,1762600000.0,1.8547827002,1762600000.0,1.8547827002,-1635400000.0,127200000.0,0.1338524676,38200000.0,89000000.0,0.0936546354,0.35,0.35,254285714,254285714,,,3.737134835659702,0.3500000003932584,0.862022472878677,0.8490449447742078,37.04337082813862,8.519550571370281,2.943146070722636,8.519550571370281,2.636404497344275,4256742852.36,4927142852.36,11.957142843707866,4.479367412774913,19.419447319160582,19.716270738119498,1.964892380151403,1.964892380151403,5.184828846006524,2.795383440576421,22.477841479744523,22.821412007225565,0.0209080048024646,0.0507195307511474,0.3094534711964549,0.0438379095908505,0.3803472143424486,110.62894098625708,0.0,2.462921348314606,0.0084336783416683,0.4033707865168539,0.0,0.0,0.092723979415015,0.0150547445255474,0.0034725876039145,0.0,0.0,8.190937725616319,0.0806440800689505,0.0064145531074545,-8.619339897325101,13561100000.0,748400000.0,558500000.0,15169000000.0,1870050000.0,0.0,0.0,191.29853730400927,0.0,0.0,0.4704688350908461,0.0,0.0,0.0410819793205317,0.0129775281044691,1993-05-04,0.33,bmo,,2025-04-25,1993-03-31,0.0303030303030303,15.641129032258064,249674.01612903227
1992-12-31,AON,USD,315293,1992-12-31,1992-12-30 19:00:00,1992,Q4,899300000.0,0.0,0.0,0.0,0,0.0,0.0,0.0,-885100000.0,-885100000.0,-885100000.0,0.0,0.0,0.0,1784400000.0,1.9842099411,1784400000.0,1.9842099411,-1781900000.0,2500000.0,0.00277994,5100000.0,-82200000.0,-0.0914044257,-0.32,-0.32,254285714,254285714,,,3.5365730376815425,-0.3232584273295038,0.624494382724151,0.5088764050661533,32.43084273306836,8.273764054240184,5.414382028555486,8.273764054240184,2.3320224745303624,4068571424.0,4661571424.0,-12.374000681265208,4.524153701768042,25.62072685138539,31.44181935085008,1.9338235771662151,1.9338235771662151,5.183555458690092,2.612402725846223,29.35498377833753,36.024508686244204,-0.0202036517080939,0.0318047753166345,0.2818575027330196,0.0414981315343811,0.3323245908989016,116.15812337098176,0.0,-61.07692307692308,0.0078897471998761,-0.3905109489051095,0.0,0.0,0.0508824476199806,0.1851385390428211,0.0326920938507728,0.0,0.0,,-0.1298671779870956,-0.006060740118118,-10.417612371255744,13254700000.0,1376800000.0,1183900000.0,14174700000.0,1364050000.0,0.0,0.0,172.15389747581452,0.0,0.0,0.5227880479014068,0.0,0.0,-0.0390702980179666,0.1156179776579977,1992-12-30,,bmo,,2025-04-25,1992-12-31,,14.8765625,208865.265625
1992-09-30,AON,USD,315293,1992-09-30,1992-09-29 20:00:00,1992,Q3,817700000.0,0.0,0.0,0.0,0,0.0,0.0,0.0,-717700000.0,-717700000.0,-717700000.0,0.0,0.0,0.0,1535400000.0,1.8777057601,1535400000.0,1.8777057601,-1445900000.0,89500000.0,0.1094533447,24600000.0,64900000.0,0.0793689617,0.27,0.27,240370370,240370370,,,3.401833595380329,0.2700000004160247,-0.0569953775916723,-0.0569953775916723,36.54693380053457,7.8749306746917265,4.3482896831252535,7.8749306746917265,2.13628659805283,3463737031.7,3977237031.7,13.342592572033896,4.235950876482818,-252.8275205620438,-252.8275205620438,1.8298573784669028,1.8298573784669028,4.863931798581387,2.5903588847857235,-290.3092723868613,-290.3092723868613,0.0187369882315076,-0.0039552656205185,0.2712768767499603,0.0406768114449575,0.3344405366679692,80.10544452101999,0.0,-0.2114197530864197,0.0088632594561985,0.473035439137134,0.0,0.0,0.067150405183818,0.0,0.0,0.0,0.0,6.916661327726403,0.088196155018717,0.0055111156400197,-4.951837449848748,11478200000.0,1045200000.0,892300000.0,12478800000.0,1014850000.0,0.0,0.0,110.93432799315153,0.0,0.0,0.8112908026589939,0.0,0.0,0.0342860161656717,0.0,1993-02-09,0.23,bmo,,2025-04-25,1992-09-30,0.0869565217391303,13.66484375,351237.5625
1992-06-30,AON,USD,315293,1992-06-30,1992-06-29 20:00:00,1992,Q2,804500000.0,0.0,0.0,0.0,0,300500000.0,0.0,300500000.0,-700900000.0,-400400000.0,-400400000.0,0.0,0.0,0.0,1204900000.0,1.4977004351,1204900000.0,1.4977004351,-1111200000.0,93700000.0,0.1164698571,25700000.0,68000000.0,0.0845245494,0.29,0.29,234482759,234482759,,,3.4309558768028654,0.2899999995308823,0.684058822422846,0.684058822422846,33.276647004993656,7.994191163538808,4.317588228309784,7.994191163538808,2.142588231828166,3186620694.81,3689020694.81,11.715517260330882,3.9609952701180857,19.8667125611596,19.8667125611596,1.6999843663963723,1.6999843663963723,4.585482529285271,3.061682043995352,22.99888213721945,22.99888213721945,0.0213392199801973,0.0503354541885832,0.2680181381701787,0.0403806584362139,0.4169640634077516,109.0,0.0,2.3588235294117648,0.0093202181384097,0.4367647058823529,0.3735239279055314,0.0,0.0692917309670781,0.0,0.0,0.0,0.0,7.222333228099549,0.070281996763157,0.0058724469968478,-8.520669103863623,11318400000.0,1012400000.0,856100000.0,12336800000.0,950100000.0,0.0,0.0,114.3095090118086,0.0,0.0,0.7873360735956155,0.0,0.0,0.0362763403574286,0.0,1992-06-29,,bmo,,2025-04-25,1992-06-30,,12.666190476190476,197437.73015873012
1992-03-31,AON,USD,315293,1992-03-31,1992-03-30 19:00:00,1992,Q1,815000000.0,0.0,0.0,0.0,0,293400000.0,0.0,293400000.0,-700300000.0,-406900000.0,-406900000.0,0.0,0.0,0.0,1221900000.0,1.4992638037,1221900000.0,1.4992638037,-1117100000.0,104800000.0,0.1285889571,28800000.0,76000000.0,0.0932515337,0.33,0.33,230303030,230303030,,,3.538815794130021,0.3300000004342105,1.1862631594556097,1.1862631594556097,33.071644780357424,7.804065799742192,4.341236847817417,7.804065799742192,1.8692763182490475,2788969693.3,3219469693.3,9.174242412171052,3.4220487034355824,10.208527427891651,10.208527427891651,1.5517552402492627,1.5517552402492627,3.950269562331288,2.6348061979703736,11.784296095534406,11.784296095534406,0.0272502064768134,0.0979573211771766,0.2395259556000667,0.0358645395093097,0.3523201571323349,369.7357859531773,0.0,3.594736842105263,0.0096809944062363,0.3552631578947368,0.36,0.0,0.0664389553047028,0.0,0.0,0.0,0.0,7.612173713160351,0.0738210261192902,0.0067820810280207,-8.384171063663382,11025200000.0,999800000.0,848900000.0,11973600000.0,850350000.0,0.0,0.0,97.00122699386505,0.0,0.0,0.9278233151183972,0.0,0.0,0.0422856506982696,0.0,1992-03-30,,bmo,,2025-04-25,1992-03-31,,12.58,192177.0634920635
1991-12-31,AON,USD,315293,1991-12-31,1991-12-30 19:00:00,1991,Q4,740700000.0,0.0,0.0,0.0,0,0.0,0.0,0.0,-649400000.0,-649400000.0,-649400000.0,0.0,0.0,0.0,1390100000.0,1.8767382206,1390100000.0,1.8767382206,-1309500000.0,80600000.0,0.1088159849,21800000.0,58800000.0,0.0793843661,0.26,0.26,225714286,230303030,,,3.281582274327111,0.2605063287841692,0.8847468343231053,0.8847468343231053,33.265506287005685,7.863924040678577,4.669620247253645,7.863924040678577,2.132341769452732,2649885717.64,3131185717.64,11.266520908333334,3.5775424836506007,13.26933258708062,13.26933258708062,1.4928933620507043,1.4928933620507043,4.227333222141217,2.2524895458168475,15.67944775983976,15.67944775983976,0.0221896361826379,0.0753617405726665,0.2711549295774648,0.04137296702541,0.3462340838788576,170.08214849921012,0.0,3.3962585034013606,0.0094721066017723,0.4268707482993197,0.0,0.0,0.0619777877110339,0.0,0.0,0.0,0.0,6.789222679193972,0.0871744333344226,0.005388464287678,-7.677737332053497,10702900000.0,1054000000.0,908000000.0,11569900000.0,766900000.0,0.0,0.0,99.9149453219927,0.0,0.0,0.9007661437431594,0.0,0.0,0.0331267605633802,0.0,1991-12-30,,bmo,,2025-04-25,1991-12-31,,11.10609375,199794.9375
1991-09-30,AON,USD,315293,1991-09-30,1991-09-29 20:00:00,1991,Q3,751200000.0,0.0,0.0,0.0,0,0.0,0.0,0.0,-655600000.0,-655600000.0,-655600000.0,0.0,0.0,0.0,1406800000.0,1.8727369542,1406800000.0,1.8727369542,-1321100000.0,85700000.0,0.1140841321,23100000.0,62600000.0,0.0833333333,0.29,0.29,215862069,215862069,,,3.4799999994440896,0.2899999999536741,0.8473003193534664,0.8473003193534664,33.82854632047467,7.295399359856965,4.741916932149853,7.295399359856965,2.455271565102992,2365848276.24,2895848276.24,9.448275863578274,3.149425287859425,12.935201072936032,12.935201072936032,1.50231666004572,1.50231666004572,3.854963094036209,2.058464796872334,15.83295941082559,15.83295941082559,0.0264598540103717,0.0773084232986739,0.3365506731013462,0.0479161016182985,0.376741541086153,370.6535714285714,0.0,2.9217252396166136,0.0107783750361737,0.4073482428115016,0.0,0.0,0.0498327456830304,0.0,0.0,0.0,0.0,6.899455110040392,0.092903372271957,0.005956345506099,-7.645043928491207,10350300000.0,1023600000.0,892100000.0,11033000000.0,679000000.0,0.0,0.0,85.24361022364216,0.0,0.0,1.0557976106816584,0.0,0.0,0.039751079502159,0.0,1991-09-29,,bmo,,2025-04-25,1991-09-30,,11.21890625,179803.375
1991-06-30,AON,USD,315293,1991-06-30,1991-06-29 20:00:00,1991,Q2,727700000.0,0.0,0.0,0.0,0,0.0,0.0,0.0,-633700000.0,-633700000.0,-633700000.0,0.0,0.0,0.0,1361400000.0,1.8708258898,1361400000.0,1.8708258898,-1277500000.0,83900000.0,0.1152947643,22600000.0,61300000.0,0.0842380102,0.28,0.28,218928571,218928571,,,3.3239151777955924,0.2800000005481239,0.9340946184680482,0.9340946184680482,32.208678692741294,6.917781416478528,4.347536713241508,6.917781416478528,2.084241439642887,2489217852.27,2945517852.27,10.151785694412723,3.4206649062388346,12.172214436528115,12.172214436528115,1.6435905264245625,1.6435905264245625,4.047709017823279,2.1635947203393564,14.4035102800489,14.4035102800489,0.0246262093709871,0.0821543200059849,0.3012875536480687,0.0426129996264475,0.3351696782723666,250.3,0.0,3.33605220228385,0.0104852212819374,0.4257748776508972,0.0,0.0,0.0525494957041464,0.0,0.0,0.0,0.0,6.601668198957765,0.0928914832259796,0.0060422067361241,-7.569706376971693,9972000000.0,951800000.0,818500000.0,10668000000.0,663200000.0,0.0,0.0,79.95740002748384,0.0,0.0,1.125599381283836,0.0,0.0,0.0404754044239022,0.0,1991-06-29,,bmo,,2025-04-25,1991-06-30,,11.42890625,196530.546875
1991-03-31,AON,USD,315293,1991-03-31,1991-03-30 19:00:00,1991,Q1,711300000.0,0.0,0.0,0.0,0,0.0,0.0,0.0,-620000000.0,-620000000.0,-620000000.0,0.0,0.0,0.0,1331300000.0,1.8716434697,1331300000.0,1.8716434697,-1250000000.0,81300000.0,0.1142977647,22000000.0,59300000.0,0.0833684802,0.27,0.27,219629630,219629630,,,3.238634058619504,0.269999999544688,0.419797638415181,0.419797638415181,31.06001681102864,6.611585149052976,4.038617193864052,6.611585149052976,2.35487352048082,2440085189.3,2957285189.3,10.287037054384486,3.430458581892309,26.465132204989157,26.46513220498915,1.680383712760829,1.680383712760829,4.157577940812597,2.2213514529407345,32.07467667353579,32.07467667353579,0.0243024302020421,0.0377855660139676,0.3561738172302183,0.0494672609369321,0.3884924509877563,0.0,0.0,1.554806070826307,0.0096308112942325,0.3962900505902192,0.0,0.0,0.0540486255906038,0.0,0.0,0.0,0.0,6.337616248461586,0.0928751283993127,0.0059957736367956,-7.611336412122536,9753700000.0,887000000.0,750400000.0,10455400000.0,637000000.0,0.0,0.0,86.02699283002953,0.0,0.0,1.0461832622444478,0.0,0.0,0.0408374078920184,0.0,1991-03-30,,bmo,,2025-04-25,1991-03-31,,10.271803278688523,271588.1639344262
1990-12-31,AON,USD,315293,1990-12-31,1990-12-30 19:00:00,1990,Q4,715800000.0,0.0,0.0,0.0,0,0.0,0.0,0.0,-632000000.0,-632000000.0,-632000000.0,0.0,0.0,0.0,1347800000.0,1.8829281922,1347800000.0,1.8829281922,-1275300000.0,72500000.0,0.1012852752,19200000.0,53300000.0,0.0744621403,0.24,0.24,219629630,219629630,,,3.259123097370787,0.2426812812096437,1.3841483956422456,1.3841483956422456,31.006745310275303,6.636627307526767,4.013575035390262,6.636627307526767,2.061197298379094,2262185189.0,2714885189.0,10.610624713883675,3.160359302877899,7.441398648026317,7.441398648026316,1.5519931318605928,1.5519931318605928,3.792798531712769,2.014308642973735,8.930543384868422,8.930543384868422,0.0235612894378294,0.1343833393827422,0.3105790340285401,0.0433944901363087,0.3358806944650541,424.4541484716157,0.0,5.703564727954972,0.0109628513706973,0.4652908067542214,0.0,0.0,0.0552232510879776,0.0,0.0,0.0,0.0,6.019814565481552,0.0949814400903304,0.0054078185083349,-7.826926630983261,9697100000.0,881500000.0,745400000.0,10409300000.0,680350000.0,0.0,0.0,74.69823973176865,0.0,0.0,1.204847668742636,0.0,0.0,0.0365669593852908,0.0,1990-12-30,,bmo,,2025-04-25,1990-12-31,,9.51015625,186795.984375
1990-09-30,AON,USD,315293,1990-09-30,1990-09-29 20:00:00,1990,Q3,653200000.0,0.0,0.0,0.0,0,0.0,0.0,0.0,-558700000.0,-558700000.0,-558700000.0,0.0,0.0,0.0,1211900000.0,1.8553276179,1211900000.0,1.8553276179,-1128200000.0,83700000.0,0.1281383956,22200000.0,61500000.0,0.0941518677,0.27,0.27,227777778,227777778,,,2.867707314275408,0.2699999997365853,1.299073169464319,1.299073169464319,28.94882924004992,6.083121945284759,3.5661951184720047,6.083121945284759,2.69736585102696,2109222224.28,2723622224.28,8.574074082439026,3.2290603556031843,7.12815891949983,7.128158919499831,1.5222446768764433,1.5222446768764433,4.169660478077158,2.2473984852545588,9.2045360739439,9.2045360739439,0.0291576673581625,0.1402886792078098,0.4434180138568129,0.059326207236175,0.5069725224853536,102.98505869797224,0.0,4.819218241042345,0.0118527103081961,0.4065040650406504,0.0,0.0,0.0553576084122707,0.0,0.0,0.0,0.0,6.079059613258558,0.0859828469343388,0.0062864152100582,-7.910560967892136,9556000000.0,812300000.0,679000000.0,10262600000.0,706450000.0,0.0,0.0,105.62461726883038,0.0,0.0,0.8520740933994261,0.0,0.0,0.044385103926097,0.0,1990-09-29,,bmo,,2025-04-25,1990-09-30,,10.244285714285716,218127.07936507935
1990-06-30,AON,USD,315293,1990-06-30,1990-06-29 20:00:00,1990,Q2,636700000.0,0.0,0.0,0.0,0,0.0,0.0,0.0,-537500000.0,-537500000.0,-537500000.0,0.0,0.0,0.0,1174200000.0,1.8441966389,1174200000.0,1.8441966389,-1085300000.0,88900000.0,0.1396261976,23600000.0,65300000.0,0.1025600754,0.29,0.29,225172414,225172414,,,2.82761102343558,0.2899999997335375,1.7346707487889703,1.7346707487889703,27.91860640620036,6.466156196202613,4.203889735800408,6.466156196202613,2.186768757561928,2501665519.54,2994065519.54,9.577586215696783,3.9291118572954296,6.404673629134664,6.404673629134664,1.718176867815934,1.718176867815934,4.702474508465525,2.549876954130472,7.665298309114183,7.665298309114183,0.026102610237042,0.1561359809891062,0.3381868131868132,0.0502192758796532,0.4193493442343723,150.18360655737706,0.0,5.972477064220183,0.0099533689877848,0.3813169984686064,0.0,0.0,0.0519530851606323,0.0,0.0,0.0,0.0,6.495511461113345,0.0879641880562991,0.0070248289513318,-7.006964005812897,9100200000.0,946600000.0,812200000.0,9744000000.0,590950000.0,0.0,0.0,91.35699701586304,0.0,0.0,0.9851462169271236,0.0,0.0,0.0448489010989011,0.0,1990-06-29,,bmo,,2025-04-25,1990-06-30,,11.276190476190475,167094.80952380953
1990-03-31,AON,USD,315293,1990-03-31,1990-03-30 19:00:00,1990,Q1,620700000.0,0.0,0.0,0.0,0,0.0,0.0,0.0,-529200000.0,-529200000.0,-529200000.0,0.0,0.0,0.0,1149900000.0,1.8525857902,1149900000.0,1.8525857902,-1069800000.0,80100000.0,0.1290478492,21200000.0,58900000.0,0.0948928629,0.26,0.26,226538462,226538462,,,2.7399320827030245,0.2599999994702886,1.0889982999884584,1.0889982999884584,26.080339505439035,6.062105250807256,3.7666892962308536,6.062105250807256,2.0645500806834294,2516842312.82,2984542312.82,10.682692329456708,4.054845034348316,10.20203612817187,10.202036128171867,1.832696652457584,1.832696652457584,4.808349142613178,2.595479878963388,12.097861016700444,12.097861016700444,0.0234023401863446,0.0980196489638576,0.3405665186048205,0.0505823951202102,0.4067310200887034,312.40727272727275,0.0,4.1884550084889645,0.0091384350472992,0.3904923599320883,0.0,0.0,0.0562387117008965,0.0,0.0,0.0,0.0,5.9551083655103385,0.0914481391301332,0.0067497106448322,-6.899932074227642,8563700000.0,853300000.0,718200000.0,9218800000.0,267800000.0,0.0,0.0,77.66070565490575,0.0,0.0,1.1588872292755787,0.0,0.0,0.0428893905191873,0.0,1990-03-30,,bmo,,2025-04-25,1990-03-31,,11.194444444444445,211253.79365079364
1989-12-31,AON,USD,315293,1989-12-31,1989-12-30 19:00:00,1989,Q4,541000000.0,0.0,0.0,0.0,0,0.0,0.0,0.0,-1919600000.0,-1919600000.0,-1919600000.0,0.0,0.0,0.0,2460600000.0,4.5482439926,2460600000.0,4.5482439926,-2460600000.0,0.0,0.0,0.0,59400000.0,0.1097966728,0.26,0.26,219948718,226538462,,,2.459664256829176,0.2700629516740352,,,0.0,6.462415479957469,6.462415479957469,6.462415479957469,1.9918279314544585,2762555898.08,3200655898.08,11.626918762962964,5.106387981663586,0.0,0.0,1.9435457282116224,1.9435457282116224,5.916184654491682,1.3007623742501828,0.0,0.0,0.0215018273625824,,0.308217250598002,0.0478463151456904,0.1780460050394212,0.0,0.0,0.0,0.0082563694267515,0.3839845464074074,0.0,0.0,0.0,0.0,,0.0,,6.266444565132532,0.0,0.0064872657376261,-35.16728840401789,0.0,1421400000.0,-7735000000.0,0.0,,,,0.0,0.0,0.0,0.0,0.0,0.0,0.0417897847192908,,1989-12-30,,bmo,,2025-04-25,1989-12-31,,,
1989-09-30,AON,USD,315293,1989-09-30,1989-09-29 20:00:00,1989,Q3,592300000.0,0.0,0.0,0.0,0,0.0,0.0,0.0,0.0,0.0,0.0,0.0,0.0,0.0,592300000.0,1.0,592300000.0,1.0,-592300000.0,0.0,0.0,0.0,57800000.0,0.0975856829,0.26,0.26,222307692,222307692,,,2.664325263203218,0.2600000003598616,,,,,,,,2256423073.8,,9.759615371107266,3.809594924531488,0.0,0.0,0.0,0.0,,,0.0,0.0,0.0256157635822523,,0.0,0.0,,0.0,0.0,0.0,0.0102167487684729,0.3988461532941176,0.0,0.0,0.0,0.0,,0.0,,,0.0,0.0,,,,,,,,,,0.0,0.0,0.0,0.0,0.0,0.0,,1989-09-29,,bmo,,2025-04-25,1989-09-30,,,
1989-06-30,AON,USD,315293,1989-06-30,1989-06-29 20:00:00,1989,Q2,571300000.0,0.0,0.0,0.0,0,0.0,0.0,0.0,0.0,0.0,0.0,0.0,0.0,0.0,571300000.0,1.0,571300000.0,1.0,-571300000.0,0.0,0.0,0.0,61500000.0,0.1076492211,0.28,0.28,219642857,219642857,,,2.601040652098238,0.2800000001821138,,,,,,,,2358964284.18,,9.58928570804878,4.129116548538421,0.0,0.0,0.0,0.0,,,0.0,0.0,0.0260707635178876,,0.0,0.0,,0.0,0.0,0.0,0.0096554934823091,0.3703571426162602,0.0,0.0,0.0,0.0,,0.0,,,0.0,0.0,,,,,,,,,,0.0,0.0,0.0,0.0,0.0,0.0,,1989-06-29,,bmo,,2025-04-25,1989-06-30,,,
1989-03-31,AON,USD,315293,1989-03-31,1989-03-30 19:00:00,1989,Q1,574500000.0,0.0,0.0,0.0,0,0.0,0.0,0.0,0.0,0.0,0.0,0.0,0.0,0.0,574500000.0,1.0,574500000.0,1.0,-574500000.0,0.0,0.0,0.0,53700000.0,0.0934725849,0.25,0.25,214800000,214800000,,,2.6745810055865924,0.25,,,,,,,,1900980000.0,,8.85,3.308929503916449,0.0,0.0,0.0,0.0,,,0.0,0.0,0.0282485875706214,,0.0,0.0,,0.0,0.0,0.0,0.0107135401129943,0.37925932,0.0,0.0,0.0,0.0,,0.0,,,0.0,0.0,,,,,,,,,,0.0,0.0,0.0,0.0,0.0,0.0,,1989-03-30,,bmo,,2025-04-25,1989-03-31,,,
1988-12-31,AON,USD,315293,1988-12-31,1988-12-30 19:00:00,1988,Q4,715700000.0,0.0,0.0,0.0,0,0.0,0.0,0.0,-2406800000.0,-2406800000.0,-2406800000.0,0.0,0.0,0.0,3122500000.0,4.3628615342,3122500000.0,4.3628615342,-3122500000.0,0.0,0.0,0.0,40100000.0,0.0560290625,0.19,0.19,214800000,214800000,,,3.3319366852886407,0.1866852886405959,,,0.0,5.834729981378026,5.834729981378026,5.834729981378026,1.7667597765363128,1782840000.0000002,2162340000.0,11.11496259351621,2.491043733407853,0.0,0.0,1.4225165562913908,1.4225165562913908,3.021293838200364,0.6925028022417934,0.0,0.0,0.0224922034506742,,0.3028006063991064,0.0459109605613355,0.121537229783827,0.0,0.0,0.0,0.0114234734939759,0.5078859222942643,0.0,0.0,0.0,0.0,,0.0,,4.950586898646832,0.0,0.004851197677232,-32.6475791433892,0.0,1253300000.0,-7012700000.0,0.0,,,,0.0,0.0,0.0,0.0,0.0,0.0,0.0319955317960584,,1988-12-30,,bmo,,2025-04-25,1988-12-31,,,
1988-09-30,AON,USD,315293,1988-09-30,1988-09-29 20:00:00,1988,Q3,656800000.0,0.0,0.0,0.0,0,0.0,0.0,0.0,0.0,0.0,0.0,0.0,0.0,0.0,656800000.0,1.0,656800000.0,1.0,-656800000.0,0.0,0.0,0.0,40700000.0,0.0619671133,0.19,0.19,214210526,214210526,,,3.066142510662618,0.1900000002800982,,,,,,,,1728678944.8200002,,10.618421036977889,2.6319715968635813,0.0,0.0,0.0,0.0,,,0.0,0.0,0.0235439901214496,,0.0,0.0,,0.0,0.0,0.0,0.0117490495662949,0.4990254203169675,0.0,0.0,0.0,0.0,,0.0,,,0.0,0.0,,,,,,,,,,0.0,0.0,0.0,0.0,0.0,0.0,,1988-09-29,,bmo,,2025-04-25,1988-09-30,,,
1988-06-30,AON,USD,315293,1988-06-30,1988-06-29 20:00:00,1988,Q2,654900000.0,0.0,0.0,0.0,0,0.0,0.0,0.0,0.0,0.0,0.0,0.0,0.0,0.0,654900000.0,1.0,654900000.0,1.0,-654900000.0,0.0,0.0,0.0,51500000.0,0.07863796,0.24,0.24,214583333,214583333,,,3.0519611697894544,0.2400000003728155,,,,,,,,1675895830.73,,8.135416654029125,2.5590102774927472,0.0,0.0,0.0,0.0,,,0.0,0.0,0.0307298335944706,,0.0,0.0,,0.0,0.0,0.0,0.0121401830985915,0.3950617910529784,0.0,0.0,0.0,0.0,,0.0,,,0.0,0.0,,,,,,,,,,0.0,0.0,0.0,0.0,0.0,0.0,,1988-06-29,,bmo,,2025-04-25,1988-06-30,,,
1988-03-31,AON,USD,315293,1988-03-31,1988-03-30 19:00:00,1988,Q1,680200000.0,0.0,0.0,0.0,0,0.0,0.0,0.0,0.0,0.0,0.0,0.0,0.0,0.0,680200000.0,1.0,680200000.0,1.0,-680200000.0,0.0,0.0,0.0,47300000.0,0.0695383711,0.22,0.22,215000000,215000000,,,3.163720930232558,0.22,,,,,,,,1593150000.0,,8.420454545454545,2.3421787709497206,0.0,0.0,0.0,0.0,,,0.0,0.0,0.029689608636977,,0.0,0.0,,0.0,0.0,0.0,0.0119958029689608,0.4040404545454545,0.0,0.0,0.0,0.0,,0.0,,,0.0,0.0,,,,,,,,,,0.0,0.0,0.0,0.0,0.0,0.0,,1988-03-30,,bmo,,2025-04-25,1988-03-31,,,
1987-12-31,AON,USD,315293,1987-12-31,1987-12-30 19:00:00,1987,Q4,741500000.0,0.0,0.0,0.0,0,0.0,0.0,0.0,-2209200000.0,-2209200000.0,-2209200000.0,0.0,0.0,0.0,2950700000.0,3.9793661497,2950700000.0,3.9793661497,-2950700000.0,0.0,0.0,0.0,44900000.0,0.0605529332,0.21,0.21,215000000,215000000,,,3.4488372093023254,0.2088372093023255,,,0.0,5.256744186046512,5.256744186046512,5.256744186046512,2.025581395348837,1457700000.0,1893200000.0,8.116369710467707,1.9658799730276464,0.0,0.0,1.2897717218191471,1.2897717218191471,2.553202966958867,0.6416104653133154,0.0,0.0,0.0308019482746792,,0.3853300300831711,0.0614748313147567,0.147592096790592,0.0,0.0,0.0,0.0295353982300884,0.958880846325167,0.0,0.0,0.0,0.0,,0.0,,4.969968327985503,0.0,0.0063380480505914,-27.693023255813955,0.0,1130200000.0,-5954000000.0,0.0,,,,0.0,0.0,0.0,0.0,0.0,0.0,0.0397274818616174,,1987-12-30,,bmo,,2025-04-25,1987-12-31,,,
1987-09-30,AON,USD,315293,1987-09-30,1987-09-29 20:00:00,1987,Q3,616100000.0,0.0,0.0,0.0,0,0.0,0.0,0.0,0.0,0.0,0.0,0.0,0.0,0.0,616100000.0,1.0,616100000.0,1.0,-616100000.0,0.0,0.0,0.0,45200000.0,0.0733647135,0.21,0.21,215238095,215238095,,,2.862411507591163,0.2100000002323009,,,,,,,,1801542855.15,,9.964285703263274,2.9241078642265865,0.0,0.0,0.0,0.0,,,0.0,0.0,0.025089605762521,,0.0,0.0,,0.0,0.0,0.0,0.0239247311827957,0.953571427516593,0.0,0.0,0.0,0.0,,0.0,,,0.0,0.0,,,,,,,,,,0.0,0.0,0.0,0.0,0.0,0.0,,1987-09-29,,bmo,,2025-04-25,1987-09-30,,,
1987-06-30,AON,USD,315293,1987-06-30,1987-06-29 20:00:00,1987,Q2,563300000.0,0.0,0.0,0.0,0,0.0,0.0,0.0,0.0,0.0,0.0,0.0,0.0,0.0,563300000.0,1.0,563300000.0,1.0,-563300000.0,0.0,0.0,0.0,51700000.0,0.0917805787,0.23,0.23,224782609,224782609,,,2.5059767857752733,0.229999999688588,,,,,,,,1715091306.67,,8.293478272098646,3.0447209420734955,0.0,0.0,0.0,0.0,,,0.0,0.0,0.0301441677180325,,0.0,0.0,,0.0,0.0,0.0,0.0524901703800786,1.7413043501837526,0.0,0.0,0.0,0.0,,0.0,,,0.0,0.0,,,,,,,,,,0.0,0.0,0.0,0.0,0.0,0.0,,1987-06-29,,bmo,,2025-04-25,1987-06-30,,,
1987-03-31,AON,USD,315293,1987-03-31,1987-03-30 19:00:00,1987,Q1,548100000.0,0.0,0.0,0.0,0,0.0,0.0,0.0,0.0,0.0,0.0,0.0,0.0,0.0,548100000.0,1.0,548100000.0,1.0,-548100000.0,0.0,0.0,0.0,43300000.0,0.0790001824,0.19,0.19,227894737,227894737,,,2.4050577350542324,0.1899999998683602,,,,,,,,1827715790.74,,10.55263158625866,3.334639282503193,0.0,0.0,0.0,0.0,,,0.0,0.0,0.0236907730509177,,0.0,0.0,,0.0,0.0,0.0,0.0466271820448877,1.968157896100462,0.0,0.0,0.0,0.0,,0.0,,,0.0,0.0,,,,,,,,,,0.0,0.0,0.0,0.0,0.0,0.0,,1987-03-30,,bmo,,2025-04-25,1987-03-31,,,
1986-12-31,AON,USD,315293,1986-12-31,1986-12-30 19:00:00,1986,Q4,507600000.0,0.0,0.0,0.0,0,0.0,0.0,0.0,-1542900000.0,-1542900000.0,-1542900000.0,0.0,0.0,0.0,2050500000.0,4.0395981087,2050500000.0,4.0395981087,-2050500000.0,0.0,0.0,0.0,49300000.0,0.0971237195,0.22,0.22,220621951,227894737,,,2.300768340136744,0.2234591788194276,,,0.0,5.176275501253273,5.176275501253273,5.176275501253273,1.1961638395628185,1723057437.31,1986957437.31,8.737613779462475,3.3945181980102443,0.0,0.0,1.5088068627933449,1.5088068627933449,3.914415755141844,0.969011186203365,0.0,0.0,0.0286119307067128,,0.2310858143607705,0.0446924535970735,0.1287003169958546,0.0,0.0,0.0,0.0478809218950064,1.673460011692698,0.0,0.0,0.0,0.0,,0.0,,5.101513612566029,0.0,0.0083491396829697,-21.58806038298519,0.0,1142000000.0,-4762800000.0,0.0,,,,0.0,0.0,0.0,0.0,0.0,0.0,0.043169877408056,,1986-12-30,,bmo,,2025-04-25,1986-12-31,,,
1986-09-30,AON,USD,315293,1986-09-30,1986-09-29 20:00:00,1986,Q3,493600000.0,0.0,0.0,0.0,0,0.0,0.0,0.0,0.0,0.0,0.0,0.0,0.0,0.0,493600000.0,1.0,493600000.0,1.0,-493600000.0,0.0,0.0,0.0,48100000.0,0.0974473258,0.21,0.21,229047619,229047619,,,2.1550103954584223,0.210000000043659,,,,,,,,1841542856.76,,9.571428569438668,3.7308404715559154,0.0,0.0,0.0,0.0,,,0.0,0.0,0.0261194029905048,,0.0,0.0,,0.0,0.0,0.0,0.0465111940298507,1.780714285344075,0.0,0.0,0.0,0.0,,0.0,,,0.0,0.0,,,,,,,,,,0.0,0.0,0.0,0.0,0.0,0.0,,1986-09-29,,bmo,,2025-04-25,1986-09-30,,,
1986-06-30,AON,USD,315293,1986-06-30,1986-06-29 20:00:00,1986,Q2,449900000.0,0.0,0.0,0.0,0,0.0,0.0,0.0,0.0,0.0,0.0,0.0,0.0,0.0,449900000.0,1.0,449900000.0,1.0,-449900000.0,0.0,0.0,0.0,48100000.0,0.1069126473,0.21,0.21,229047619,229047619,,,1.964220374628736,0.210000000043659,,,,,,,,2052266666.24,,10.666666664449066,4.561606281929318,0.0,0.0,0.0,0.0,,,0.0,0.0,0.0234375000048726,,0.0,0.0,,0.0,0.0,0.0,0.0417354910714285,1.780714285344075,0.0,0.0,0.0,0.0,,0.0,,,0.0,0.0,,,,,,,,,,0.0,0.0,0.0,0.0,0.0,0.0,,1986-06-29,,bmo,,2025-04-25,1986-06-30,,,
1986-03-31,AON,USD,315293,1986-03-31,1986-03-30 19:00:00,1986,Q1,354500000.0,0.0,0.0,0.0,0,0.0,0.0,0.0,0.0,0.0,0.0,0.0,0.0,0.0,354500000.0,1.0,354500000.0,1.0,-354500000.0,0.0,0.0,0.0,38700000.0,0.109167842,0.17,0.17,227647059,227647059,,,1.557235140911704,0.169999999868217,,,,,,,,2117117648.7,,13.67647059883721,5.972123127503526,0.0,0.0,0.0,0.0,,,0.0,0.0,0.0182795698783029,,0.0,0.0,,0.0,0.0,0.0,0.038758064516129,2.1202941192906977,0.0,0.0,0.0,0.0,,0.0,,,0.0,0.0,,,,,,,,,,0.0,0.0,0.0,0.0,0.0,0.0,,1986-03-30,,bmo,,2025-04-25,1986-03-31,,,
1985-12-31,AON,USD,315293,1985-12-31,1985-12-30 19:00:00,1985,Q4,360300000.0,0.0,0.0,0.0,0,0.0,0.0,0.0,-1129800000.0,-1129800000.0,-1129800000.0,0.0,0.0,0.0,1490100000.0,4.1357202331,1490100000.0,4.1357202331,-1490100000.0,0.0,0.0,0.0,43300000.0,0.1201776298,0.19,0.19,227647059,227647059,,,1.582713177067664,0.1902067181988061,,,0.0,4.273720926919596,4.273720926919596,4.273720926919596,0.4036950901263345,1746052942.53,1837952942.53,10.081137081581986,4.846108638717735,0.0,0.0,1.7946890148319457,1.7946890148319457,5.101173862142659,1.2334426833970875,0.0,0.0,0.0247987898564284,,0.0944598622674478,0.0287573927465031,0.0616737131736125,0.0,0.0,0.0,0.0469947848761408,1.8950434738233253,0.0,0.0,0.0,0.0,,0.0,,4.2766850153075415,0.0,0.0135494570829552,-9.764237718529015,0.0,972900000.0,-2222800000.0,0.0,,,,0.0,0.0,0.0,0.0,0.0,0.0,0.044506115736458,,1985-12-30,,bmo,,2025-04-25,1985-12-31,,,
1985-09-30,AON,USD,315293,1985-09-30,1985-09-29 20:00:00,1985,Q3,337000000.0,0.0,0.0,0.0,0,0.0,0.0,0.0,0.0,0.0,0.0,0.0,0.0,0.0,337000000.0,1.0,337000000.0,1.0,-337000000.0,0.0,0.0,0.0,42000000.0,0.1246290801,0.19,0.19,221052632,221052632,,,1.524523806619955,0.1899999996380952,,,,,,,,1359473686.8000002,,8.09210527857143,4.034046548367953,0.0,0.0,0.0,0.0,,,0.0,0.0,0.0308943088842431,,0.0,0.0,,0.0,0.0,0.0,0.0586097560975609,1.8971052667714283,0.0,0.0,0.0,0.0,,0.0,,,0.0,0.0,,,,,,,,,,0.0,0.0,0.0,0.0,0.0,0.0,,1985-09-29,,bmo,,2025-04-25,1985-09-30,,,
