date,symbol,reportedCurrency,cik,fillingDate,acceptedDate,calendarYear,period,revenue,costOfRevenue,grossProfit,grossProfitRatio,researchAndDevelopmentExpenses,generalAndAdministrativeExpenses,sellingAndMarketingExpenses,sellingGeneralAndAdministrativeExpenses,otherExpenses,operatingExpenses,costAndExpenses,interestIncome,interestExpense,depreciationAndAmortization,ebitda,ebitdaratio,operatingIncome,operatingIncomeRatio,totalOtherIncomeExpensesNet,incomeBeforeTax,incomeBeforeTaxRatio,incomeTaxExpense,netIncome,netIncomeRatio,eps,epsdiluted,weightedAverageShsOut,weightedAverageShsOutDil,link,finalLink,revenuePerShare,netIncomePerShare,operatingCashFlowPerShare,freeCashFlowPerShare,cashPerShare,bookValuePerShare,tangibleBookValuePerShare,shareholdersEquityPerShare,interestDebtPerShare,marketCap,enterpriseValue,peRatio,priceToSalesRatio,pocfratio,pfcfRatio,pbRatio,ptbRatio,evToSales,enterpriseValueOverEBITDA,evToOperatingCashFlow,evToFreeCashFlow,earningsYield,freeCashFlowYield,debtToEquity,debtToAssets,netDebtToEBITDA,currentRatio,interestCoverage,incomeQuality,dividendYield,payoutRatio,salesGeneralAndAdministrativeToRevenue,researchAndDdevelopementToRevenue,intangiblesToTotalAssets,capexToOperatingCashFlow,capexToRevenue,capexToDepreciation,stockBasedCompensationToRevenue,grahamNumber,roic,returnOnTangibleAssets,grahamNetNet,workingCapital,tangibleAssetValue,netCurrentAssetValue,investedCapital,averageReceivables,averagePayables,averageInventory,daysSalesOutstanding,daysPayablesOutstanding,daysOfInventoryOnHand,receivablesTurnover,payablesTurnover,inventoryTurnover,roe,capexPerShare,report_date,epsEstimated,time,revenueEstimated,updatedFromDate,fiscalDateEnding,surprise(%),QuarterAvgPrice,QuarterAvgVolume
2024-12-31,APA,USD,1841666,2025-02-28,2025-02-28 16:11:07,2024,Q4,2712000000.0,1613000000.0,1099000000.0,0.4052359882,0,102000000.0,0.0,102000000.0,166000000.0,268000000.0,1881000000.0,2000000.0,93000000.0,742000000.0,1337000000.0,0.4929941003,831000000.0,0.3064159292,-331000000.0,500000000.0,0.1843657817,75000000.0,354000000.0,0.1305309735,0.96,0.96,369000000,369000000,https://www.sec.gov/Archives/edgar/data/1841666/000204026625000007/0002040266-25-000007-index.htm,https://www.sec.gov/Archives/edgar/data/1841666/000204026625000007/apa-20241231.htm,7.349593495934959,0.959349593495935,2.807588075880759,0.926829268292683,1.6937669376693767,17.241192411924118,17.241192411924118,14.308943089430894,16.951219512195124,8520210000.0,14057210000.0,6.017097457627119,3.1416703539823008,8.224140926640926,24.912894736842105,1.6136761363636365,1.6136761363636365,5.183337020648968,10.513994016454747,13.56873552123552,41.10295321637427,0.0415482716975285,0.0401398557077818,1.1670454545454545,0.317792676637442,4.141361256544503,1.1519458544839256,8.935483870967742,2.4376470588235293,0.0109152239205371,0.2627118644067797,0.0376106194690265,0.0,0.0,0.6698841698841699,0.2558997050147493,0.0,0.0,17.574520521611532,0.0425358304227387,0.0182568334192882,-29.054878048780488,449000000.0,6362000000.0,-9624000000.0,13095000000.0,1805500000.0,1081500000.0,463000000.0,65.01106194690266,68.29510229386236,23.71357718536888,1.3843797856049005,1.31781045751634,3.795294117647059,0.0670454545454545,1.880758807588076,2025-02-26,0.97,amc,2310913840.0,2025-05-11,2024-12-31,-0.1855670103092783,23.37546875,6448798.3125
2024-09-30,APA,USD,1841666,2024-11-07,2024-11-07 16:55:38,2024,Q3,2531000000.0,1428000000.0,1103000000.0,0.435796128,0,92000000.0,0.0,92000000.0,135000000.0,1103000000.0,1655000000.0,1000000.0,101000000.0,595000000.0,356000000.0,0.1406558672,876000000.0,0.3461082576,-1216000000.0,-340000000.0,-0.1343342552,-201000000.0,-223000000.0,-0.0881074674,-0.6,-0.6,370000000,370000000,https://www.sec.gov/Archives/edgar/data/1841666/000204026624000003/0002040266-24-000003-index.htm,https://www.sec.gov/Archives/edgar/data/1841666/000204026624000003/apa-20240930.htm,6.84054054054054,-0.6027027027027027,3.618918918918919,1.2756756756756755,0.1729729729729729,16.64864864864865,16.64864864864865,13.821621621621622,17.75945945945946,9050200000.0,15456200000.0,-10.14596412556054,3.5757408139075464,6.758924570575056,19.17415254237288,1.769691044192413,1.769691044192413,6.106756222836824,43.41629213483146,11.543091859596714,32.74618644067797,-0.0246403394400123,0.0521535435680979,1.2651544779037935,0.3339182493806771,17.99438202247191,1.2376068376068377,8.673267326732674,-9.633093525179856,0.0101655212039512,-0.4125560538116592,0.0363492690636112,0.0,0.0,0.6474981329350261,0.3425523508494666,0.0,0.0,,0.0216379319536406,-0.0115090834021469,-31.52027027027027,695000000.0,6160000000.0,-9596000000.0,13296000000.0,1794000000.0,975500000.0,483500000.0,58.74357961280126,59.18067226890757,31.57563025210084,1.5320823244552058,1.5207667731629393,2.8502994011976046,-0.043605788032851,2.343243243243243,2024-11-07,1.01,amc,2261820000.0,2025-04-25,2024-09-30,-0.0099009900990099,28.0759375,5647172.625
2024-06-30,APA,USD,1841666,2024-08-02,2024-08-01 18:19:09,2024,Q2,2543000000.0,1486000000.0,1057000000.0,0.4156508061,0,85000000.0,0.0,85000000.0,185000000.0,443000000.0,1649000000.0,3000000.0,103000000.0,665000000.0,1696000000.0,0.6669288242,894000000.0,0.3515532835,34000000.0,928000000.0,0.3649233189,308000000.0,541000000.0,0.2127408573,1.46,1.46,371000000,372000000,https://www.sec.gov/Archives/edgar/data/1841666/000178403124000013/0001784031-24-000013-index.htm,https://www.sec.gov/Archives/edgar/data/1841666/000178403124000013/apa-20240630.htm,6.8544474393531,1.45822102425876,2.3638814016172507,0.3261455525606469,0.431266846361186,17.506738544474395,17.506738544474395,14.617250673854448,18.730458221024257,10992730000.0,17678730000.0,5.07981977818854,4.32274085725521,12.534469783352336,90.8490082644628,2.027056979531624,2.027056979531624,6.951918993314982,10.423779481132076,20.15818700114025,146.10520661157025,0.0492143443894282,0.0110072748079867,1.262400885118938,0.3389948006932409,3.9422169811320753,1.0100380754586362,8.679611650485437,1.6210720887245842,0.0083691676226014,0.1700554528650646,0.0334250884781753,0.0,0.0,0.8620296465222349,0.2972866692882422,0.0,0.0,21.8995799186466,0.0343050073378106,0.0267888091111661,-31.954177897574123,29000000.0,6495000000.0,-10782000000.0,14485000000.0,1766500000.0,853000000.0,469000000.0,68.51749901690916,61.29205921938089,28.22341857335128,1.3135330578512396,1.4683794466403162,3.188841201716738,0.0997602802876636,2.037735849056604,2024-07-31,0.94,amc,2320800000.0,2025-04-25,2024-06-30,0.2446808510638297,30.94936507936508,6204054.126984127
2024-03-31,APA,USD,1841666,2024-05-02,2024-05-02 15:07:11,2024,Q1,1951000000.0,1015000000.0,936000000.0,0.4797539723,0,93000000.0,0.0,93000000.0,230000000.0,150000000.0,1353000000.0,3000000.0,79000000.0,430000000.0,1129000000.0,0.5786776012,613000000.0,0.3141978473,-166000000.0,447000000.0,0.2291132752,235000000.0,132000000.0,0.0676576115,0.44,0.44,302000000,302000000,https://www.sec.gov/Archives/edgar/data/1841666/000178403124000008/0001784031-24-000008-index.htm,https://www.sec.gov/Archives/edgar/data/1841666/000178403124000008/apa-20240331.htm,6.460264900662252,0.4370860927152318,1.218543046357616,-0.5364238410596026,0.3377483443708609,12.096026490066226,12.096026490066226,8.632450331125828,17.807947019867548,10699860000.0,15896860000.0,20.264886363636364,5.484295233213737,29.07570652173913,-66.04851851851852,4.104280782508631,4.104280782508631,8.148057406458227,14.080478299379982,43.197989130434784,-98.12876543209876,0.0123366100117197,-0.0151403850143833,2.032604526275412,0.3544007490636704,4.603188662533215,1.1644981412639406,7.7594936708860756,2.787878787878788,0.0071028966734144,0.5757575757575758,0.0476678626345463,0.0,0.0,1.440217391304348,0.2716555612506407,0.0,0.0,9.21386399293354,0.0225005267771608,0.0088282504012841,-32.32864238410596,354000000.0,3653000000.0,-8793000000.0,10497000000.0,1603500000.0,676000000.0,462500000.0,73.66991286519735,61.53694581280788,41.85221674876847,1.221665623043206,1.462536023054755,2.1504237288135597,0.050632911392405,1.7549668874172186,2024-05-01,0.9,amc,2396950000.0,2025-04-25,2024-03-31,-0.1333333333333333,31.693934426229507,6965860.68852459
2023-12-31,APA,USD,1841666,2024-02-22,2024-02-22 17:17:31,2023,Q4,2167000000.0,1056000000.0,1111000000.0,0.5126903553,0,75000000.0,0.0,75000000.0,125000000.0,200000000.0,1238000000.0,3000000.0,80000000.0,476000000.0,1096000000.0,0.5057683433,911000000.0,0.420396862,-371000000.0,540000000.0,0.2491924319,-1324000000.0,1773000000.0,0.8181818182,5.79,5.78,306000000,307000000,https://www.sec.gov/Archives/edgar/data/1841666/000178403124000003/0001784031-24-000003-index.htm,https://www.sec.gov/Archives/edgar/data/1841666/000178403124000003/apa-20231231.htm,7.0816993464052285,5.794117647058823,3.366013071895425,1.4869281045751634,0.284313725490196,12.062091503267974,12.062091503267974,8.676470588235293,17.594771241830067,10979280000.0,16196280000.0,1.5481218274111677,5.066580526072912,10.659495145631068,24.13028571428572,4.135322033898306,4.135322033898306,7.474056299030918,14.777627737226275,15.724543689320388,35.59621978021978,0.161485999081907,0.0414416974519276,1.9977401129943504,0.3479401731828916,4.760036496350365,1.024126455906822,11.3875,0.5525751072961373,0.006922129684278,0.0428652002256063,0.0346100599907706,0.0,0.0,0.558252427184466,0.265343793262575,1.2079831932773109,0.0,33.63229185415888,0.2426791971783482,0.1163080556284439,-32.78431372549019,58000000.0,3691000000.0,-9091000000.0,10096000000.0,1681500000.0,699500000.0,448000000.0,66.8666359021689,56.07954545454545,38.60795454545455,1.3459627329192547,1.6048632218844985,2.331125827814569,0.6677966101694915,1.8790849673202616,2024-02-21,1.38,amc,2052480000.0,2025-04-25,2023-12-31,-0.1666666666666666,37.756349206349206,3881177.3174603176
2023-09-30,APA,USD,1841666,2023-11-02,2023-11-02 14:38:02,2023,Q3,2308000000.0,1112000000.0,1196000000.0,0.5181975737,0,139000000.0,0.0,139000000.0,139000000.0,278000000.0,1390000000.0,2000000.0,83000000.0,474000000.0,1390000000.0,0.6022530329,918000000.0,0.3977469671,-85000000.0,833000000.0,0.3609185442,278000000.0,459000000.0,0.1988734835,1.49,1.49,308000000,308000000,https://www.sec.gov/Archives/edgar/data/1841666/000178403123000025/0001784031-23-000025-index.htm,https://www.sec.gov/Archives/edgar/data/1841666/000178403123000025/apa-20230930.htm,7.493506493506493,1.4902597402597402,2.4805194805194803,0.4383116883116883,0.3084415584415584,6.840909090909091,6.840909090909091,3.5,18.75,12658800000.0,18255800000.0,6.894771241830066,5.48474870017331,16.56910994764398,93.7688888888889,11.742857142857144,11.742857142857144,7.909792027729636,13.1336690647482,23.895026178010472,135.22814814814814,0.0362593610768793,0.010664517963788,5.280148423005566,0.4202288667404946,4.026618705035971,1.0626185958254268,11.060240963855422,1.3765765765765765,0.0060827250608272,0.167755991285403,0.0602253032928942,0.0,0.0,0.8232984293193717,0.272530329289428,0.0,0.0,10.833187644708024,0.05550205563169,0.0338870431893687,-31.8400974025974,165000000.0,2107000000.0,-8638000000.0,9665000000.0,1558500000.0,698500000.0,465500000.0,68.3578856152513,59.97302158273381,35.85431654676259,1.3166001140901311,1.5006747638326583,2.510158013544018,0.4257884972170686,2.042207792207792,2023-11-01,1.09,amc,2005420000.0,2025-04-25,2023-09-30,0.2201834862385321,41.15079365079365,4162695.142857143
2023-06-30,APA,USD,1841666,2023-08-03,2023-08-03 14:03:46,2023,Q2,1796000000.0,937000000.0,859000000.0,0.478285078,0,72000000.0,0.0,72000000.0,122000000.0,194000000.0,1022000000.0,3000000.0,85000000.0,425000000.0,1210000000.0,0.6737193764,665000000.0,0.3702672606,35000000.0,700000000.0,0.3897550111,238000000.0,381000000.0,0.2121380846,1.24,1.23,308000000,309000000,https://www.sec.gov/Archives/edgar/data/1841666/000178403123000019/0001784031-23-000019-index.htm,https://www.sec.gov/Archives/edgar/data/1841666/000178403123000019/apa-20230630.htm,5.831168831168832,1.2370129870129871,3.2467532467532467,1.3636363636363635,0.461038961038961,5.5064935064935066,5.5064935064935066,2.301948051948052,18.71103896103896,10524360000.0,16060360000.0,6.905748031496063,5.85988864142539,10.52436,25.058,14.84394922425952,14.84394922425952,8.94229398663697,13.27302479338843,16.06036,38.238952380952384,0.0362017262807429,0.0399074147976694,8.008462623413259,0.4287224403503473,4.575206611570248,0.988212927756654,7.823529411764706,2.1645021645021645,0.0073163593795727,0.2020997375328084,0.0400890868596882,0.0,0.0,0.58,0.3229398663697104,0.0,0.0,8.004351429254102,0.0409498040679231,0.0287677438840229,-32.91883116883117,-31000000.0,1696000000.0,-8949000000.0,9337000000.0,1441000000.0,657000000.0,488000000.0,68.35189309576838,63.00960512273212,46.87299893276414,1.316715542521994,1.4283536585365857,1.9200819672131149,0.53737658674189,1.8831168831168832,2023-08-02,0.66,amc,1954580000.0,2025-04-25,2023-06-30,0.2878787878787878,34.89741935483871,5605915.693548387
2023-03-31,APA,USD,1841666,2023-05-04,2023-05-04 14:39:58,2023,Q1,2008000000.0,947000000.0,1061000000.0,0.5283864542,0,65000000.0,0.0,65000000.0,164000000.0,229000000.0,1176000000.0,2000000.0,83000000.0,332000000.0,1288000000.0,0.6414342629,832000000.0,0.4143426295,-22000000.0,810000000.0,0.4033864542,484000000.0,242000000.0,0.1205179283,0.78,0.78,311000000,312000000,https://www.sec.gov/Archives/edgar/data/1841666/000178403123000013/0001784031-23-000013-index.htm,https://www.sec.gov/Archives/edgar/data/1841666/000178403123000013/apa-20230331.htm,6.456591639871383,0.7781350482315113,1.0771704180064308,-0.6881028938906752,0.495176848874598,4.607717041800643,4.607717041800643,1.427652733118971,19.369774919614148,11214660000.0,17001660000.0,11.585392561983472,5.584990039840638,33.47659701492538,-52.40495327102804,25.25824324324325,25.25824324324325,8.466962151394423,13.200046583850932,50.75122388059702,-79.4470093457944,0.0215788976215061,-0.0190821656652988,13.38063063063063,0.4496329372587603,4.493012422360248,1.113284433577832,10.024096385542167,1.0276073619631902,0.0069551818780061,0.3223140495867768,0.0323705179282868,0.0,0.0,1.6388059701492537,0.273406374501992,1.6536144578313252,0.0,4.999539892602722,0.0307093104354048,0.0183152955422689,-32.937299035369776,278000000.0,1433000000.0,-9048000000.0,9457000000.0,1492000000.0,714500000.0,457500000.0,68.0378486055777,62.534318901795146,46.37803590285111,1.3227931488801057,1.439209726443769,1.9405737704918031,0.545045045045045,1.765273311897106,2023-05-03,0.98,amc,1813120000.0,2025-04-25,2023-03-31,0.2142857142857142,40.12677419354839,6145541.935483871
2022-12-31,APA,USD,1841666,2023-02-23,2023-02-23 15:05:11,2022,Q4,2472000000.0,1148000000.0,1324000000.0,0.5355987055,0,169000000.0,0.0,169000000.0,139000000.0,308000000.0,1456000000.0,2000000.0,78000000.0,354000000.0,1234000000.0,0.4991909385,1016000000.0,0.4110032362,-214000000.0,802000000.0,0.324433657,263000000.0,443000000.0,0.1792071197,1.38,1.38,321000000,322000000,https://www.sec.gov/Archives/edgar/data/1841666/000178403123000007/0001784031-23-000007-index.htm,https://www.sec.gov/Archives/edgar/data/1841666/000178403123000007/apa-20221231.htm,7.700934579439252,1.3800623052959502,4.401869158878505,2.417445482866043,0.7632398753894081,4.190031152647975,4.190031152647975,1.3177570093457944,17.75077881619938,14984280000.0,20359280000.0,8.456139954853272,6.061601941747573,10.604585987261146,19.309639175257733,35.42382978723404,35.42382978723404,8.235954692556634,16.498606158833063,14.408549186128804,26.23618556701031,0.029564316737274,0.0517876067452023,13.286052009456265,0.4274739484292995,4.355753646677472,0.9286694101508915,13.025641025641026,2.62152133580705,0.0053389285304332,0.1805869074492099,0.0683656957928802,0.0,0.0,0.4508138711960368,0.2576860841423948,0.9593373493975904,0.1229773462783171,6.396733733953385,0.0656434284410105,0.03369590020537,-31.91277258566978,-208000000.0,1345000000.0,-9094000000.0,8804000000.0,1697000000.0,862500000.0,459000000.0,53.373786407766985,60.444250871080136,33.47560975609756,1.6862210095497954,1.4889753566796369,2.6885245901639343,1.0472813238770686,1.9844236760124607,2023-02-22,1.29,amc,2118572212.0,2025-04-25,2022-12-31,0.1472868217054263,44.748888888888885,7133334.666666667
2022-09-30,APA,USD,1841666,2022-11-03,2022-11-03 13:37:06,2022,Q3,2887000000.0,1346000000.0,1541000000.0,0.5337720817,0,69000000.0,0.0,69000000.0,206000000.0,275000000.0,1621000000.0,1000000.0,76000000.0,421000000.0,1669000000.0,0.5781087634,1266000000.0,0.4385174922,-94000000.0,1172000000.0,0.4059577416,642000000.0,422000000.0,0.1461724974,1.28,1.28,329000000,330000000,https://www.sec.gov/Archives/edgar/data/1841666/000178403122000028/0001784031-22-000028-index.htm,https://www.sec.gov/Archives/edgar/data/1841666/000178403122000028/apa-20220930.htm,8.775075987841944,1.2826747720364742,3.3556231003039514,0.3343465045592705,0.8145896656534954,4.714285714285714,4.714285714285714,1.82370820668693,17.382978723404257,11248510000.0,16623510000.0,6.6638092417061605,3.896262556286803,10.188867753623189,102.25918181818182,18.747516666666662,18.747516666666662,5.758056806373398,9.960161773517076,15.057527173913044,151.1228181818182,0.0375160799074721,0.0097790729616633,9.405,0.4140435835351089,3.220491312162972,1.050603217158177,16.657894736842106,2.0830188679245283,0.0036449271948018,0.0971563981042654,0.0239002424662279,0.0,0.0,0.9003623188405797,0.344302043643921,2.36104513064133,0.0,7.254829524954196,0.052600930946638,0.0309633868955902,-30.75531914893617,151000000.0,1551000000.0,-8943000000.0,9147000000.0,1911000000.0,939500000.0,482000000.0,60.10391409767926,63.789004457652304,32.83060921248143,1.4974066390041494,1.4109014675052411,2.741344195519348,0.7033333333333334,3.021276595744681,2022-11-02,1.92,amc,2382810053.0,2025-04-25,2022-09-30,0.0260416666666666,35.75390625,8027748.703125
2022-06-30,APA,USD,1841666,2022-08-04,2022-08-04 16:03:30,2022,Q2,3047000000.0,1259000000.0,1788000000.0,0.5868066951,0,89000000.0,0.0,89000000.0,163000000.0,143000000.0,1447000000.0,3000000.0,79000000.0,278000000.0,1886000000.0,0.6189694782,1536000000.0,0.5041023958,-74000000.0,1462000000.0,0.4798162127,395000000.0,926000000.0,0.3039054808,2.72,2.71,341000000,342000000,https://www.sec.gov/Archives/edgar/data/1841666/000178403122000021/0001784031-22-000021-index.htm,https://www.sec.gov/Archives/edgar/data/1841666/000178403122000021/apa-20220630.htm,8.935483870967742,2.7155425219941347,4.5014662756598245,3.360703812316716,0.8269794721407625,4.413489736070381,4.413489736070381,1.7126099706744868,16.085043988269796,11900900000.0,17024900000.0,3.21298596112311,3.905776173285199,7.753029315960911,10.384729493891795,20.378253424657533,20.378253424657533,5.587430259271415,9.026988335100745,11.09114006514658,14.855933682373474,0.0778092413178835,0.096295238175264,9.256849315068491,0.4182915506035283,2.716861081654294,1.095982936366868,19.443037974683545,1.4386129334582942,0.0036131721130334,0.0464362850971922,0.0292090580899245,0.0,0.0,0.2534201954397394,0.1276665572694453,1.127536231884058,0.0,10.22936786788647,0.1082366360862489,0.0716496440730424,-27.80058651026393,270000000.0,1505000000.0,-8336000000.0,8501000000.0,1762000000.0,830000000.0,501000000.0,55.94355103380375,66.12390786338364,33.81254964257347,1.6087645195353748,1.3610810810810812,2.6617336152219875,1.5856164383561644,1.1407624633431086,2022-08-03,2.33,bmo,2620078747.0,2025-04-25,2022-06-30,0.0171673819742489,42.50951612903226,9380320.548387095
2022-03-31,APA,USD,1841666,2022-05-05,2022-05-05 16:11:18,2022,Q1,2669000000.0,1067000000.0,1602000000.0,0.6002248033,0,156000000.0,0.0,156000000.0,96000000.0,252000000.0,1319000000.0,4000000.0,89000000.0,329000000.0,2716000000.0,1.0176095916,2920000000.0,1.0940427126,-622000000.0,2298000000.0,0.860996628,352000000.0,1883000000.0,0.7055076808,5.44,5.43,346000000,347000000,https://www.sec.gov/Archives/edgar/data/1841666/000178403122000015/0001784031-22-000015-index.htm,https://www.sec.gov/Archives/edgar/data/1841666/000178403122000015/apa-20220331.htm,7.713872832369942,5.442196531791907,2.57514450867052,1.4826589595375723,0.6763005780346821,2.46242774566474,2.46242774566474,-0.0520231213872832,17.595375722543352,14300180000.0,20065180000.0,1.8985900159320237,5.357879355563882,16.0495847362514,27.87559454191033,-794.4544444444443,-794.4544444444443,7.517864368677407,7.387768777614139,22.51984287317621,39.113411306042885,0.1316766642098211,0.0358736743173862,-333.27777777777777,0.4808432189804424,2.1226067746686303,1.2265846736045412,32.80898876404494,0.4578622816032888,0.0030069551572078,0.0228359001593202,0.0584488572499063,0.0,0.0,0.425364758698092,0.1420007493443237,1.302405498281787,0.0,,0.2333418993979362,0.1509297851875601,-28.621387283236995,479000000.0,852000000.0,-9031000000.0,8561000000.0,1512000000.0,733000000.0,501000000.0,54.96440614462345,61.9962511715089,44.62043111527648,1.6374233128834357,1.4517006802721089,2.0170132325141776,-104.61111111111111,1.0953757225433527,2022-05-04,2.08,amc,2416820170.0,2025-04-25,2022-03-31,-0.0769230769230769,34.89354838709678,10100427.274193548
2021-12-31,APA,USD,1841666,2022-02-22,2022-02-22 14:30:58,2021,Q4,2299000000.0,1187000000.0,1112000000.0,0.4836885602,0,137000000.0,0.0,137000000.0,-55000000.0,213000000.0,1453000000.0,2000000.0,94000000.0,390000000.0,1138000000.0,0.4949978251,732000000.0,0.318399304,-78000000.0,654000000.0,0.2844715094,169000000.0,382000000.0,0.1661591997,1.06,1.05,361000000,362000000,https://www.sec.gov/Archives/edgar/data/1841666/000178403122000009/0001784031-22-000009-index.htm,https://www.sec.gov/Archives/edgar/data/1841666/000178403122000009/apa-20211231.htm,6.368421052631579,1.058171745152355,3.005540166204986,2.132963988919668,0.8365650969529086,-0.0138504155124653,-0.0138504155124653,-4.418282548476454,21.337950138504155,9707290000.0,17014290000.0,6.352938481675392,4.222396694214876,8.946811059907834,12.60687012987013,-6.086075235109719,-6.086075235109719,7.400735102218356,14.951045694200351,15.6813732718894,22.09648051948052,0.0393518685441559,0.0793218292643982,-4.770532915360501,0.571976245959558,6.42091388400703,1.1242324043457723,7.787234042553192,2.8403141361256545,0.0037085530565173,0.094240837696335,0.0595911265767725,0.0,0.0,0.2903225806451613,0.137016093953893,0.9487951807228916,0.0682905611135276,,0.0471956213438747,0.0287153273697662,-32.47645429362881,263000000.0,-5000000.0,-10928000000.0,8598000000.0,1282000000.0,709000000.0,474500000.0,54.57155284906481,55.42544229149116,35.863521482729574,1.6492109038737446,1.6238030095759235,2.509513742071882,-0.2394984326018809,0.8725761772853186,2022-02-21,1.47,amc,1926244316.0,2025-04-25,2021-12-31,-0.1224489795918366,26.54609375,9895405.90625
2021-09-30,APA,USD,1841666,2021-11-05,2021-11-04 19:30:46,2021,Q3,2059000000.0,1115000000.0,944000000.0,0.4584749879,0,70000000.0,0.0,70000000.0,77000000.0,147000000.0,1302000000.0,1000000.0,101000000.0,364000000.0,587000000.0,0.2850898494,797000000.0,0.3870811073,-675000000.0,122000000.0,0.0592520641,152000000.0,-113000000.0,-0.0548810102,-0.3,-0.3,379000000,379000000,https://www.sec.gov/Archives/edgar/data/1841666/000167337921000029/0001673379-21-000029-index.htm,https://www.sec.gov/Archives/edgar/data/1841666/000167337921000029/apa-20210930.htm,5.432717678100264,-0.2981530343007915,2.034300791556728,1.4142480211081794,0.9947229551451188,1.279683377308707,1.279683377308707,-2.8891820580474934,20.04221635883905,8121970000.0,15239970000.0,-17.96896017699115,3.944618746964546,10.534332036316473,15.152929104477613,-7.417324200913242,-7.417324200913242,7.401636716852841,25.962470187393528,19.76649805447471,28.432779850746268,-0.0139128807419874,0.065993841395622,-6.844748858447488,0.5631104432757326,12.126064735945484,1.1859706362153344,7.891089108910891,-25.7,0.0024624567684933,-0.1769911504424778,0.0339970859640602,0.0,0.0,0.304798962386511,0.1141330743079164,0.7014925373134329,0.0,,-0.0166468705136649,-0.0084898572501878,-29.901055408970976,342000000.0,485000000.0,-10644000000.0,8678000000.0,1119000000.0,645000000.0,477500000.0,51.141330743079166,55.45291479820628,38.42152466367713,1.7598290598290598,1.6229985443959245,2.342436974789916,0.1031963470319634,0.6200527704485488,2021-11-03,0.89,amc,1850786516.0,2025-04-25,2021-09-30,0.1011235955056179,19.1209375,8214125.53125
2021-06-30,APA,USD,1841666,2021-08-05,2021-08-05 15:54:09,2021,Q2,1756000000.0,985000000.0,771000000.0,0.4390660592,0,86000000.0,0.0,86000000.0,31000000.0,117000000.0,1176000000.0,3000000.0,111000000.0,379000000.0,985000000.0,0.5609339408,580000000.0,0.3302961276,-85000000.0,495000000.0,0.2818906606,87000000.0,316000000.0,0.1799544419,0.83,0.82,378000000,379000000,https://www.sec.gov/Archives/edgar/data/1841666/000187113321000007/0001871133-21-000007-index.htm,https://www.sec.gov/Archives/edgar/data/1841666/000187113321000007/apa-20210630.htm,4.645502645502646,0.8359788359788359,2.563492063492064,1.753968253968254,3.304232804232804,1.8333333333333333,1.8333333333333333,-2.5502645502645502,23.40740740740741,8176140000.0,15664140000.0,6.468465189873418,4.656116173120729,8.437708978328173,12.332036199095022,-8.481473029045643,-8.481473029045643,8.920353075170842,15.902680203045684,16.16526315789474,23.626153846153848,0.0386490446592157,0.0810896095223418,-9.063278008298756,0.6466104203670812,7.602030456852792,1.661026508742245,5.225225225225225,2.375,0.0026907562737428,0.0696202531645569,0.0489749430523918,0.0,0.0,0.3157894736842105,0.174259681093394,0.8073878627968337,0.0,,0.0396533349419878,0.0233866193013617,-27.855820105820104,1172000000.0,693000000.0,-9874000000.0,9673000000.0,1069500000.0,563500000.0,490500000.0,54.7380410022779,55.09644670050761,43.766497461928935,1.6441947565543071,1.6334991708126037,2.056367432150313,-0.3278008298755187,0.8095238095238095,2021-08-04,0.57,amc,1540000000.0,2025-04-25,2021-06-30,0.2280701754385965,20.53936507936508,7059463.428571428
2021-03-31,APA,USD,1841666,2021-05-07,2021-05-06 20:23:57,2021,Q1,1871000000.0,1158000000.0,713000000.0,0.3810796366,0,83000000.0,0.0,83000000.0,60000000.0,143000000.0,1362000000.0,2000000.0,112000000.0,342000000.0,1102000000.0,0.588989845,1004000000.0,0.5366114377,-384000000.0,620000000.0,0.331373597,170000000.0,388000000.0,0.2073757349,1.02,1.02,378000000,379000000,https://www.sec.gov/Archives/edgar/data/1841666/000167337921000012/0001673379-21-000012-index.htm,https://www.sec.gov/Archives/edgar/data/1841666/000167337921000012/apa-20210331.htm,4.949735449735449,1.0264550264550265,1.7751322751322751,1.097883597883598,1.4232804232804233,0.91005291005291,0.91005291005291,-3.328042328042328,23.632275132275133,6766199999.999999,15049200000.0,4.359664948453608,3.6163548904329232,10.08375558867362,16.304096385542167,-5.378537360890302,-5.378537360890302,8.04339925173704,13.656261343012703,22.42801788375559,36.26313253012048,0.0573438562265378,0.0613342792113741,-7.011923688394277,0.6719737944694142,7.516333938294011,1.7526158445440956,8.964285714285714,1.491111111111111,0.0029558688776565,0.0515463917525773,0.0443613041154462,0.0,0.0,0.3815201192250372,0.136825227151256,0.7485380116959064,0.0,,0.0612515489131171,0.0295574007770244,-29.60515873015873,1007000000.0,344000000.0,-10438000000.0,9725000000.0,989500000.0,484000000.0,497000000.0,51.51790486370925,40.72538860103627,39.01554404145078,1.7469654528478058,2.2099236641221376,2.306772908366534,-0.3084260731319554,0.6772486772486772,2021-05-05,0.66,amc,1743431817.0,2025-04-25,2021-03-31,0.3787878787878788,18.25672131147541,9159026.295081967
2020-12-31,APA,USD,1841666,2021-02-26,2021-02-25 20:20:42,2020,Q4,1219000000.0,877000000.0,342000000.0,0.2805578343,0,76000000.0,0.0,76000000.0,125000000.0,201000000.0,1101000000.0,3000000.0,110000000.0,491000000.0,568000000.0,0.4659557014,141000000.0,0.1156685808,-71000000.0,70000000.0,0.0574241181,15000000.0,30000000.0,0.0246103363,0.03,-0.04,378000000,378000000,https://www.sec.gov/Archives/edgar/data/6769/000167337921000007/0001673379-21-000007-index.htm,https://www.sec.gov/Archives/edgar/data/6769/000167337921000007/apa-20201231.htm,3.2248677248677247,0.0793650793650793,1.3174603174603174,0.7962962962962963,0.6931216931216931,-0.0978835978835978,-0.0978835978835978,-4.335978835978836,23.497354497354497,5363820000.0,13873820000.0,44.6985,4.400180475799836,10.770722891566264,17.82,-3.272617449664429,-3.272617449664429,11.381312551271536,24.42573943661972,27.859076305220885,46.09242524916944,0.0055930288488428,0.0561167227833894,-5.352043929225137,0.6882159108739997,14.982394366197184,1.41131498470948,1.2818181818181815,49.8,0.0041015544891513,0.7333333333333333,0.0623461853978671,0.0,0.0,0.395582329317269,0.1616078753076292,0.4012219959266802,0.0,,0.0095851976367636,0.0023536795857523,-30.67195767195767,538000000.0,-37000000.0,-10937000000.0,9357000000.0,903500000.0,419500000.0,497500000.0,67.03855619360131,45.56442417331813,50.490307867730905,1.342511013215859,1.9752252252252247,1.782520325203252,-0.0183038438071995,0.5211640211640212,2021-02-24,-0.08,amc,1695518181.0,2025-04-25,2020-12-31,-0.375,11.64046875,11713491.625
2020-09-30,APA,USD,1841666,2020-11-05,2020-11-05 16:12:17,2020,Q3,1120000000.0,795000000.0,325000000.0,0.2901785714,0,52000000.0,0.0,52000000.0,110000000.0,162000000.0,966000000.0,1000000.0,112000000.0,398000000.0,580000000.0,0.5178571429,163000000.0,0.1455357143,-91000000.0,72000000.0,0.0642857143,31000000.0,15000000.0,0.0133928571,-0.01,-0.02,378000000,378000000,https://www.sec.gov/Archives/edgar/data/6769/000173303720000018/0001733037-20-000018-index.htm,https://www.sec.gov/Archives/edgar/data/6769/000173303720000018/apaq3202010q.htm,2.962962962962963,0.0396825396825396,0.8042328042328042,0.1719576719576719,0.4285714285714285,-0.0978835978835978,-0.0978835978835978,-4.341269841269841,24.22222222222222,3579660000.0000005,12461660000.0,59.66100000000001,3.1961250000000003,11.775197368421054,55.07169230769232,-2.181389396709324,-2.181389396709324,11.126482142857142,21.48562068965517,40.992302631578944,191.71784615384612,0.004190342099529,0.018158149097959,-5.511273613650213,0.7024466019417476,15.313793103448276,1.243849493487699,1.4553571428571428,7.414634146341464,0.005587122799372,1.3333333333333333,0.0464285714285714,0.0,0.0,0.7861842105263158,0.2133928571428571,172937.77134587555,0.0,,0.0078747301641167,0.0011650485436893,-31.28108465608465,337000000.0,-37000000.0,-11193000000.0,9404000000.0,885000000.0,427000000.0,490000000.0,72.24107142857143,44.71698113207547,56.94339622641509,1.2458286985539488,2.0126582278481013,1.58051689860835,-0.0091407678244972,0.6322751322751323,2020-11-04,-0.37,amc,2450000000.0,2025-04-25,2020-09-30,-0.5675675675675675,13.6971875,9536627.71875
2020-06-30,APA,USD,1841666,2020-07-30,2020-07-30 18:46:27,2020,Q2,752000000.0,800000000.0,-48000000.0,-0.0638297872,0,94000000.0,0.0,94000000.0,103000000.0,197000000.0,1016000000.0,1000000.0,107000000.0,418000000.0,107000000.0,0.142287234,-245000000.0,-0.3257978723,-171000000.0,-416000000.0,-0.5531914894,-38000000.0,-386000000.0,-0.5132978723,-1.02,-1.02,378000000,378000000,https://www.sec.gov/Archives/edgar/data/6769/000173303720000013/0001733037-20-000013-index.htm,https://www.sec.gov/Archives/edgar/data/6769/000173303720000013/apaq2202010q.htm,1.9894179894179893,-1.0211640211640212,0.2222222222222222,-0.6640211640211641,0.3571428571428571,-0.1164021164021164,-0.1164021164021164,-4.325396825396825,23.933862433862437,5103000000.0,13908000000.0,-3.305051813471503,6.785904255319149,60.75,-20.330677290836658,-3.121100917431193,-3.121100917431193,18.49468085106383,129.98130841121494,165.57142857142858,-55.41035856573705,-0.075641779345483,-0.0491867528904566,-5.467889908256881,0.68774521117009,82.28971962616822,0.9695906432748538,-2.289719626168224,-0.2176165803108808,0.0019596315892612,-0.0259067357512953,0.125,0.0,0.0,3.988095238095238,0.4454787234042553,0.0,0.0,,-0.0190176142412175,-0.0296945918916839,-31.789021164021165,-52000000.0,-44000000.0,-11385000000.0,9292000000.0,854500000.0,493500000.0,464500000.0,104.24202127659574,51.6375,53.66250000000001,0.8633754305396096,1.7429193899782136,1.6771488469601676,0.236085626911315,0.8862433862433863,2020-07-29,-0.99,amc,1026378378.0,2025-04-25,2020-06-30,-0.2525252525252525,11.408730158730158,23234839.936507937
2020-03-31,APA,USD,1841666,2020-05-07,2020-05-07 16:08:24,2020,Q1,1344000000.0,1058000000.0,286000000.0,0.212797619,0,68000000.0,0.0,68000000.0,104000000.0,172000000.0,1243000000.0,2000000.0,105000000.0,566000000.0,-3868000000.0,-2.8779761905,114000000.0,0.0848214286,-4680000000.0,-4566000000.0,-3.3973214286,56000000.0,-4480000000.0,-3.3333333333,-11.86,-11.86,378000000,378000000,https://www.sec.gov/Archives/edgar/data/6769/000173303720000008/0001733037-20-000008-index.html,https://www.sec.gov/Archives/edgar/data/6769/000173303720000008/apaq1202010q.htm,3.555555555555556,-11.851851851851851,1.328042328042328,-0.0767195767195767,1.1322751322751323,0.9126984126984128,0.9126984126984128,-3.2962962962962963,24.124338624338623,1580040000.0,10166040000.0,-0.088171875,1.175625,3.147490039840637,-54.48413793103448,-1.2680898876404494,-1.2680898876404494,7.564017857142857,-2.6282419855222336,20.25107569721116,-350.55310344827586,-2.835371256423888,-0.0183539657223867,-7.234349919743178,0.6731386752296319,-2.219751809720786,0.9422222222222222,1.0857142857142856,-0.1086109909130246,0.0594921647553226,-0.0209821428571428,0.050595238095238,0.0,0.0,1.0577689243027888,0.3950892857142857,0.0,0.0,,0.0095813816269822,-0.334553058024046,-31.12037037037037,-117000000.0,345000000.0,-11138000000.0,9469000000.0,950000000.0,611500000.0,477000000.0,56.11607142857142,44.91493383742911,38.44990548204159,1.60381861575179,2.003787878787879,2.34070796460177,3.595505617977528,1.4047619047619049,2020-05-06,-0.3,amc,3411692307.0,2025-04-25,2020-03-31,-0.5666666666666667,22.28516129032258,9756906.806451611
2019-12-31,APA,USD,1841666,2020-02-28,2020-02-27 17:43:42,2019,Q4,1625000000.0,1140000000.0,485000000.0,0.2984615385,0,83000000.0,0.0,83000000.0,670000000.0,753000000.0,1901000000.0,1000000.0,98000000.0,721000000.0,-2218000000.0,-1.3649230769,-268000000.0,-0.1649230769,-2767000000.0,-3035000000.0,-1.8676923077,212000000.0,-2976000000.0,-1.8313846154,-7.89,-7.89,377000000,377000000,https://www.sec.gov/Archives/edgar/data/6769/000173303720000004/0001733037-20-000004-index.html,https://www.sec.gov/Archives/edgar/data/6769/000173303720000004/apa10-k2019.htm,4.310344827586207,-7.893899204244032,2.0636604774535807,0.4376657824933687,0.6551724137931034,11.843501326259949,11.612732095490715,8.63395225464191,23.42970822281167,9647430000.0,18135430000.0,-0.8104359879032258,5.93688,12.400295629820052,58.46927272727272,2.963880184331797,2.963880184331797,11.160264615384616,-8.176478809738503,23.310321336760925,109.91169696969698,-0.3084759360783131,0.0171030004882129,2.683563748079877,0.4824101176340641,-3.8268710550045086,1.0571428571428572,-2.7346938775510203,-0.2488007675087943,0.0097435275508606,-0.0315860215053763,0.051076923076923,0.0,0.0048047716352791,0.787917737789203,0.3772307692307692,0.2325493171471927,0.0676923076923076,,-0.0174488962750385,-0.1651498335183129,-32.751989389920425,106000000.0,4378000000.0,-11681000000.0,14351000000.0,1066000000.0,678000000.0,488500000.0,58.818461538461534,54.86842105263158,39.631578947368425,1.5301318267419963,1.640287769784173,2.270916334661355,-0.9142857142857144,1.6259946949602122,2020-02-26,0.0243,amc,1218750000.0,2025-04-25,2019-12-31,2.292181069958848,22.6334375,6315492.28125
2019-09-30,APA,USD,1841666,2019-10-31,2019-10-31 16:13:14,2019,Q3,1438000000.0,1150000000.0,288000000.0,0.2002781641,0,98000000.0,0.0,98000000.0,86000000.0,184000000.0,1352000000.0,5000000.0,100000000.0,711000000.0,823000000.0,0.5723226704,127000000.0,0.0883171071,-113000000.0,14000000.0,0.0097357441,131000000.0,-170000000.0,-0.1182197497,-0.45,-0.45,377000000,377000000,https://www.sec.gov/Archives/edgar/data/6769/000173303719000016/0001733037-19-000016-index.html,https://www.sec.gov/Archives/edgar/data/6769/000173303719000016/apaq3201910q.htm,3.814323607427056,-0.4509283819628647,1.6843501326259946,-0.1246684350132626,0.4323607427055703,20.87002652519893,20.87002652519893,16.713527851458885,22.97347480106101,9651200000.0,18049200000.0,-14.192941176470589,6.711543810848401,15.198740157480316,-205.34468085106383,1.5316933820028569,1.5316933820028569,12.551599443671764,21.930984204131228,28.423937007874017,-384.0255319148936,-0.0176143899204244,-0.0048698607427055,1.3586732264719883,0.3999532819434711,10.204131227217497,1.026028110359188,1.27,-3.735294117647059,0.0097397214854111,-0.5529411764705883,0.0681502086230876,0.0,0.0,1.074015748031496,0.474269819193324,15.5,0.0,,-0.0540075891948474,-0.0079420696099042,-32.716180371352785,50000000.0,7868000000.0,-11566000000.0,17705000000.0,1084000000.0,652500000.0,464000000.0,66.96801112656468,51.7304347826087,37.17391304347826,1.3439252336448595,1.739788199697428,2.421052631578948,-0.0269798444691318,1.8090185676392576,2019-10-30,-0.27,amc,942137931.0,2025-04-25,2019-09-30,0.0740740740740739,23.988125,5661346.328125
2019-06-30,APA,USD,1841666,2019-08-01,2019-08-01 16:18:07,2019,Q2,1598000000.0,1082000000.0,516000000.0,0.3229036295,0,102000000.0,0.0,102000000.0,174000000.0,273000000.0,1336000000.0,3000000.0,101000000.0,685000000.0,550000000.0,0.3441802253,258000000.0,0.1614518148,-410000000.0,-152000000.0,-0.0951188986,164000000.0,-356000000.0,-0.2227784731,-0.96,-0.96,377000000,377000000,https://www.sec.gov/Archives/edgar/data/6769/000173303719000013/0001733037-19-000013-index.htm,https://www.sec.gov/Archives/edgar/data/6769/000173303719000013/apaq2201910q.htm,4.2387267904509285,-0.9442970822281168,2.2705570291777186,0.1405835543766578,1.4562334217506632,21.628647214854112,21.628647214854112,17.376657824933687,22.82493368700265,11008400000.0,18963400000.0,-7.73061797752809,6.888861076345432,12.860280373831776,207.7056603773585,1.6804152037856814,1.6804152037856814,11.866958698372969,34.47890909090909,22.1535046728972,357.8,-0.0323389411721957,0.0048145052868718,1.298122424057396,0.3899844079611116,14.463636363636365,1.2338638373121131,2.5544554455445545,-2.3777777777777778,0.0085389339050179,-0.2640449438202247,0.0638297872340425,0.0,0.0,0.9380841121495328,0.5025031289111389,20.075,0.0,,0.0269653823866387,-0.0163257818948913,-31.97082228116711,529000000.0,8154000000.0,-10861000000.0,18285000000.0,1141500000.0,661500000.0,445500000.0,61.83979974968711,53.56746765249538,37.68022181146026,1.4553734061930783,1.6801242236024845,2.3885209713024285,-0.0543428484200885,2.129973474801061,2019-07-31,0.0628,amc,1483143746.0,2025-04-25,2019-06-30,0.7515923566878983,31.09730158730159,4226147.904761905
2019-03-31,APA,USD,1841666,2019-05-03,2019-05-02 18:08:50,2019,Q1,1654000000.0,1121000000.0,533000000.0,0.3222490931,0,123000000.0,0.0,123000000.0,147000000.0,262000000.0,1369000000.0,4000000.0,101000000.0,646000000.0,910000000.0,0.5501813785,293000000.0,0.177146312,-128000000.0,165000000.0,0.099758162,167000000.0,-47000000.0,-0.0284159613,-0.12,-0.12,376000000,376000000,https://www.sec.gov/Archives/edgar/data/6769/000173303719000009/0001733037-19-000009-index.html,https://www.sec.gov/Archives/edgar/data/6769/000173303719000009/apaq1201910q.htm,4.398936170212766,-0.125,1.5904255319148937,-0.7047872340425532,0.8696808510638298,22.89627659574468,22.89627659574468,18.58776595744681,23.19414893617021,13148720000.0,21441720000.0,-69.94,7.949649334945587,21.98782608695652,-49.61781132075472,1.8813449706681928,1.8813449706681928,12.963555018137848,23.56232967032967,35.85571906354515,-80.91215094339623,-0.003574492422076,-0.0201540530180884,1.2333667191300617,0.3963036182244494,9.113186813186813,1.054759898904802,2.900990099009901,-299.0,0.0071489848441521,-2.0,0.0743651753325272,0.0,0.0,1.44314381270903,0.5217654171704957,1.2223796033994334,0.0,,-0.000178441197383,-0.002160820192175,-31.13630319148936,130000000.0,8609000000.0,-10638000000.0,18421000000.0,1189500000.0,694000000.0,419500000.0,64.48004836759372,54.51382694023194,35.165031222123105,1.3957805907172995,1.6509572901325478,2.5593607305936072,-0.0067248533409643,2.2952127659574466,2019-05-01,0.09,amc,1984800000.0,2025-04-25,2019-03-31,0.1111111111111112,32.585901639344264,4406933.606557377
2018-12-31,APA,USD,1841666,2019-03-01,2019-02-28 18:03:05,2018,Q4,1703000000.0,1074000000.0,629000000.0,0.369348209,0,101000000.0,0.0,101000000.0,312000000.0,413000000.0,1507000000.0,6000000.0,99000000.0,879000000.0,634000000.0,0.3722842043,216000000.0,0.1268349971,-560000000.0,-344000000.0,-0.2019964768,6000000.0,-381000000.0,-0.223722842,-1.01,-1.0,379000000,379000000,https://www.sec.gov/Archives/edgar/data/6769/000173303719000004/0001733037-19-000004-index.html,https://www.sec.gov/Archives/edgar/data/6769/000173303719000004/apa10-k2018.htm,4.493403693931398,-1.0052770448548811,2.7519788918205803,-0.0659630606860158,1.883905013192612,23.25065963060686,23.25065963060686,18.812664907651715,21.907651715039577,9948750000.0,17438750000.0,-6.528051181102362,5.841896652965355,9.538590604026846,-397.95,1.3953366058906032,1.3953366058906032,10.240017615971814,27.505914826498422,16.719798657718123,-697.55,-0.038296268375424,-0.0025128785023244,1.1506311360448809,0.3801315911407654,11.813880126182966,1.2208087233075875,2.1818181818181817,-2.98,0.0095489383088327,-0.2493438320209973,0.0593071051086318,0.0,0.0,1.0239693192713326,0.6271285965942455,1.2150170648464165,0.0,,0.0112516609594749,-0.0176536002224075,-28.91820580474934,486000000.0,8812000000.0,-10083000000.0,18907000000.0,1325500000.0,726500000.0,381500000.0,63.10041103934233,59.41340782122905,33.60335195530726,1.4262981574539364,1.5148095909732018,2.678304239401496,-0.0534361851332398,2.8179419525065965,2019-02-27,0.25,amc,1318451612.0,2025-04-25,2018-12-31,0.24,36.88285714285714,4680842.365079365
2018-09-30,APA,USD,1841666,2018-11-01,2018-11-01 16:17:19,2018,Q3,1976000000.0,1084000000.0,892000000.0,0.451417004,0,99000000.0,0.0,99000000.0,155000000.0,254000000.0,1367000000.0,6000000.0,104000000.0,610000000.0,1118000000.0,0.5657894737,638000000.0,0.3228744939,-232000000.0,406000000.0,0.205465587,245000000.0,81000000.0,0.0409919028,0.21,0.21,383000000,385000000,https://www.sec.gov/Archives/edgar/data/6769/000173303718000009/0001733037-18-000009-index.html,https://www.sec.gov/Archives/edgar/data/6769/000173303718000009/apaq3201810q.htm,5.1592689295039165,0.2114882506527415,2.626631853785901,0.1671018276762402,1.5483028720626633,23.35770234986945,23.35770234986945,19.87467362924282,21.68929503916449,18521880000.0,26131880000.0,57.166296296296295,9.37342105263158,18.41141153081511,289.404375,2.4332475039411454,2.4332475039411454,13.224635627530365,23.37377459749553,25.97602385685885,408.310625,0.004373206175615,0.0034553727807328,1.0776405675249603,0.3750800182898948,6.806797853309481,1.261893973719982,6.134615384615385,12.419753086419751,0.0051830591710992,1.1851851851851851,0.0501012145748987,0.0,0.0,0.9363817097415508,0.4767206477732793,1.544262295081967,0.0,9.724882984294032,0.0127693938323323,0.0037037037037037,-28.870104438642297,578000000.0,8946000000.0,-10139000000.0,19224000000.0,1451500000.0,713000000.0,361500000.0,66.36133603238866,61.771217712177126,30.055350553505537,1.3562113932738504,1.456989247311828,2.994475138121547,0.0106410930110352,2.4595300261096606,2018-10-31,0.43,amc,1474158730.0,2025-04-25,2018-09-30,0.4651162790697675,45.00507936507937,2840746.4603174604
2018-06-30,APA,USD,1841666,2018-08-02,2018-08-02 16:43:26,2018,Q2,1936000000.0,1046000000.0,890000000.0,0.4597107438,0,117000000.0,0.0,117000000.0,161000000.0,253000000.0,1315000000.0,4000000.0,98000000.0,608000000.0,1213000000.0,0.6265495868,612000000.0,0.3161157025,-104000000.0,508000000.0,0.2623966942,239000000.0,195000000.0,0.1007231405,0.51,0.51,382000000,385000000,https://www.sec.gov/Archives/edgar/data/6769/000173303718000006/0001733037-18-000006-index.html,https://www.sec.gov/Archives/edgar/data/6769/000173303718000006/apaq2201810q.htm,5.0680628272251305,0.5104712041884817,2.913612565445026,0.2513089005235602,2.5445026178010477,23.547120418848166,23.547120418848166,20.0,22.081151832460733,17858500000.0,25223500000.0,22.89551282051282,9.224431818181818,16.045372866127583,186.02604166666663,2.3375,2.3375,13.0286673553719,20.79431162407255,22.66262353998203,262.7447916666667,0.0109191701430691,0.0053755914550494,1.0912303664921466,0.3805111821086262,6.071723000824402,1.3576989619377162,6.244897959183674,5.707692307692308,0.0053755914550494,0.4923076923076923,0.0604338842975206,0.0,0.0,0.9137466307277629,0.5253099173553719,1.6726973684210529,0.0,15.15625421681811,0.0162051638234689,0.0089000456412596,-27.952879581151837,827000000.0,8995000000.0,-9776000000.0,19163000000.0,1427500000.0,695000000.0,373500000.0,67.22107438016529,58.68068833652008,31.06118546845124,1.338865836791148,1.533724340175953,2.897506925207756,0.025523560209424,2.662303664921466,2018-08-01,0.39,amc,1510080000.0,2025-04-25,2018-06-30,0.282051282051282,41.471875,4436317.984375
2018-03-31,APA,USD,1841666,2018-05-03,2018-05-03 15:20:04,2018,Q1,1728000000.0,988000000.0,740000000.0,0.4282407407,0,114000000.0,0.0,114000000.0,153000000.0,265000000.0,1255000000.0,6000000.0,105000000.0,553000000.0,1041000000.0,0.6024305556,480000000.0,0.2777777778,-92000000.0,388000000.0,0.224537037,182000000.0,145000000.0,0.083912037,0.38,0.38,382000000,384000000,https://www.sec.gov/Archives/edgar/data/6769/000173303718000003/0001733037-18-000003-index.html,https://www.sec.gov/Archives/edgar/data/6769/000173303718000003/apaq1201810q.htm,4.523560209424084,0.3795811518324607,1.6099476439790577,-0.6858638743455497,2.819371727748691,23.21727748691099,23.21727748691099,19.638743455497384,22.096858638743456,14699359999.999998,21958360000.0,25.343724137931037,8.506574074074074,23.90139837398374,-56.10442748091602,1.959392162090109,1.959392162090109,12.70738425925926,21.093525456292028,35.704650406504065,-83.81053435114504,0.0098643750476211,-0.0178239052584602,1.111170354572114,0.3825432518012023,6.973102785782901,1.388983774551665,4.571428571428571,2.9854368932038837,0.0064628664105103,0.6551724137931034,0.0659722222222222,0.0,0.0,1.4260162601626016,0.5075231481481481,1.5858951175406872,0.0,12.950914229545637,0.0128392040316762,0.0066541232618971,-27.736256544502616,911000000.0,8869000000.0,-9669000000.0,18997000000.0,1377000000.0,674500000.0,377000000.0,73.38541666666667,64.49392712550608,35.16194331983806,1.226401703335699,1.3954802259887005,2.5595854922279795,0.019328179152226,2.2958115183246077,2018-05-02,0.3,amc,1624687500.0,2025-04-25,2018-03-31,0.0666666666666667,40.23409836065574,4996954.8852459015
2017-12-31,APA,USD,1841666,2018-02-23,2018-02-22 17:41:29,2017,Q4,1640000000.0,942000000.0,698000000.0,0.4256097561,0,88000000.0,0.0,88000000.0,178000000.0,266000000.0,1209000000.0,6000000.0,103000000.0,573000000.0,952000000.0,0.5804878049,432000000.0,0.2634146341,-154000000.0,278000000.0,0.1695121951,-240000000.0,456000000.0,0.2780487805,1.2,1.19,381000000,383000000,https://www.sec.gov/Archives/edgar/data/6769/000167337918000008/0001673379-18-000008-index.html,https://www.sec.gov/Archives/edgar/data/6769/000167337918000008/apa10-k2017.htm,4.304461942257218,1.1968503937007875,1.753280839895013,-0.2493438320209973,4.377952755905512,23.07349081364829,23.07349081364829,19.46456692913386,22.53805774278215,16085820000.0,22901820000.0,8.818980263157894,9.808426829268292,24.08056886227545,-169.32442105263158,2.169069579288026,2.169069579288026,13.964524390243902,24.05653361344537,34.284161676646704,-241.07178947368425,0.0283479486902128,-0.0059058226437943,1.1440129449838188,0.387008484627315,7.159663865546219,1.452808112324493,4.194174757281553,1.4649122807017545,0.0059058226437943,0.2083333333333333,0.0536585365853658,0.0,0.0,1.1422155688622757,0.4652439024390244,1.1237113402061856,0.0,22.894626625648577,0.0404334760040069,0.0208010218045798,-26.956036745406823,1161000000.0,8791000000.0,-9406000000.0,18920000000.0,1245000000.0,612000000.0,382000000.0,73.81097560975608,61.24203821656051,35.15923566878981,1.2193308550185873,1.469578783151326,2.5597826086956523,0.0614886731391585,2.0026246719160103,2018-02-22,0.21,bmo,1093333333.0,2025-04-25,2017-12-31,0.5714285714285715,42.08492063492064,3367139.126984127
2017-09-30,APA,USD,1841666,2017-11-03,2017-11-02 18:07:05,2017,Q3,1389000000.0,956000000.0,433000000.0,0.3117350612,0,98000000.0,0.0,98000000.0,307000000.0,405000000.0,1361000000.0,3000000.0,104000000.0,559000000.0,753000000.0,0.5421166307,28000000.0,0.0201583873,65000000.0,93000000.0,0.0669546436,-12000000.0,63000000.0,0.0453563715,0.16,0.16,381000000,383000000,https://www.sec.gov/Archives/edgar/data/6769/000167337917000027/0001673379-17-000027-index.html,https://www.sec.gov/Archives/edgar/data/6769/000167337917000027/apa10-qq32017.htm,3.645669291338583,0.1653543307086614,1.4540682414698165,-0.5748031496062992,4.84514435695538,21.986876640419947,21.986876640419947,18.401574803149607,22.53805774278215,17449800000.0,24086800000.0,69.24523809523808,12.562850971922249,31.497833935018047,-79.67945205479452,2.488917415489944,2.488917415489944,17.341108711303097,31.987782204515277,43.47797833935018,-109.98538812785388,0.0036103565656912,-0.0125502871093078,1.209955783768364,0.3885046942981451,8.814077025232404,1.529006085192698,0.2692307692307692,5.276190476190476,0.0054441884720741,1.507936507936508,0.0705543556515478,0.0,0.0,1.3953068592057762,0.556515478761699,0.9822109275730624,0.0,8.274210048403646,0.0015869931338256,0.0028852759331348,-27.704068241469816,1304000000.0,8377000000.0,-9689000000.0,18959000000.0,1080000000.0,558000000.0,406000000.0,74.19006479481641,54.88493723849373,37.28033472803347,1.2131004366812228,1.6397941680960548,2.414141414141414,0.0089858793324775,2.028871391076116,2017-11-02,-0.05,bmo,2083500000.0,2025-04-25,2017-09-30,-1.7999999999999998,44.08492063492064,3451636.5555555555
2017-06-30,APA,USD,1841666,2017-08-04,2017-08-03 19:37:45,2017,Q2,1346000000.0,992000000.0,354000000.0,0.2630014859,0,106000000.0,0.0,106000000.0,115000000.0,221000000.0,1272000000.0,5000000.0,104000000.0,572000000.0,683000000.0,0.5074294205,133000000.0,0.0988112927,-124000000.0,9000000.0,0.0066864785,-604000000.0,572000000.0,0.4249628529,1.5,1.5,381000000,383000000,https://www.sec.gov/Archives/edgar/data/6769/000167337917000021/0001673379-17-000021-index.html,https://www.sec.gov/Archives/edgar/data/6769/000167337917000021/apa10-qq22017.htm,3.5328083989501318,1.5013123359580052,1.9711286089238844,0.1049868766404199,4.375328083989501,21.69291338582677,21.69291338582677,18.10761154855643,22.52755905511811,18261330000.0,25073330000.0,7.981350524475525,13.567109955423478,24.31601864181092,456.53325,2.6469531816205247,2.6469531816205247,18.62803120356612,36.710585651537336,33.38659121171771,626.83325,0.0313230197362404,0.0021904209605762,1.2290186983620814,0.375143792584727,9.973645680819912,1.6174730247128437,1.2788461538461535,1.312937062937063,0.0052022497813686,0.1660839160839161,0.0787518573551263,0.0,0.0,0.9467376830892144,0.5282317979197623,1.0244956772334295,0.0,24.731893646324917,0.4556958487739714,0.0253074949119546,-30.71062992125984,1774000000.0,8265000000.0,-9690000000.0,19325000000.0,1093000000.0,548500000.0,435000000.0,67.86775631500743,48.35685483870968,37.74193548387097,1.3261083743842363,1.8611632270168856,2.3846153846153846,0.0829105667488041,1.8661417322834648,2017-08-03,-0.00928,bmo,64095238.0,2025-04-25,2017-06-30,21.629310344827584,49.28793650793651,3746786.761904762
2017-03-31,APA,USD,1841666,2017-05-05,2017-05-04 17:37:31,2017,Q1,1512000000.0,969000000.0,543000000.0,0.3591269841,0,103000000.0,0.0,103000000.0,145000000.0,248000000.0,1242000000.0,5000000.0,104000000.0,576000000.0,295000000.0,0.1951058201,295000000.0,0.1951058201,243000000.0,538000000.0,0.3558201058,271000000.0,213000000.0,0.1408730159,0.56,0.56,380000000,383000000,https://www.sec.gov/Archives/edgar/data/6769/000167337917000011/0001673379-17-000011-index.html,https://www.sec.gov/Archives/edgar/data/6769/000167337917000011/apaq1201710q.htm,3.978947368421053,0.5605263157894737,1.1973684210526316,-0.1526315789473684,4.002631578947368,20.58684210526316,20.58684210526316,16.80263157894737,22.58157894736842,19528200000.0,26484200000.0,22.92042253521127,12.915476190476191,42.91912087912088,-336.69310344827585,3.0584494909945183,3.0584494909945183,17.516005291005293,89.77694915254237,58.207032967032966,-456.6241379310345,0.0109073032844809,-0.0029700638051638,1.3276429130775254,0.374922600619195,23.579661016949157,1.8050579557428872,2.8365384615384617,1.704119850187266,0.0048647596808717,0.4460093896713615,0.0681216931216931,0.0,0.0,1.1274725274725277,0.3392857142857143,0.0,0.0,14.557202218372623,0.0070177042337698,0.0094206103494029,-32.001973684210526,1528000000.0,7823000000.0,-11361000000.0,20308000000.0,1149500000.0,574500000.0,465000000.0,69.70238095238095,52.38390092879257,42.1671826625387,1.291204099060632,1.7180851063829787,2.1343612334801763,0.0333594361785434,1.35,2017-05-04,0.16,bmo,2457000000.0,2025-04-25,2017-03-31,-0.5,56.205,3761344.677419354
2016-12-31,APA,USD,1841666,2017-02-24,2017-02-24 12:08:16,2016,Q4,1455000000.0,1043000000.0,412000000.0,0.283161512,0,112000000.0,0.0,112000000.0,211000000.0,323000000.0,1362000000.0,2000000.0,107000000.0,623000000.0,613000000.0,0.4213058419,89000000.0,0.0611683849,-203000000.0,-114000000.0,-0.0783505155,29000000.0,-182000000.0,-0.1250859107,-0.48,-0.48,380000000,380000000,https://www.sec.gov/Archives/edgar/data/6769/000167337917000004/0001673379-17-000004-index.html,https://www.sec.gov/Archives/edgar/data/6769/000167337917000004/apa10-k2016.htm,3.8289473684210527,-0.4789473684210526,2.094736842105263,0.868421052631579,3.623684210526316,20.207894736842107,19.978947368421053,16.41578947368421,22.76578947368421,24118600000.0,31285600000.0,-33.129945054945054,16.57635738831615,30.299748743718595,73.08666666666667,3.866399487015069,3.866399487015069,21.50213058419244,51.03686786296901,39.3035175879397,94.80484848484848,-0.0075460433026792,0.0136823862081547,1.3696697659506252,0.3794129401838447,11.69168026101142,1.7585458491589798,0.8317757009345794,-4.373626373626373,0.003938868756893,-0.521978021978022,0.0769759450171821,0.0,0.0038634042364225,0.585427135678392,0.320274914089347,0.6164021164021164,0.0,,0.0053995139716189,-0.0081134094151212,-32.57631578947368,1398000000.0,7592000000.0,-11599000000.0,20352000000.0,1096000000.0,571000000.0,494500000.0,69.77319587628867,50.47938638542666,41.07382550335571,1.2898936170212767,1.782905982905983,2.1911764705882355,-0.0291760179544725,1.2263157894736842,2017-02-23,0.06,bmo,1697500000.0,2025-04-25,2016-12-31,-2.0,62.99,3394552.793650794
2016-09-30,APA,USD,1841666,2016-11-04,2016-11-03 17:41:16,2016,Q3,1439000000.0,1081000000.0,358000000.0,0.2487838777,0,102000000.0,0.0,102000000.0,216000000.0,318000000.0,1393000000.0,3000000.0,105000000.0,648000000.0,-154000000.0,-0.107018763,40000000.0,0.0277970813,-945000000.0,-905000000.0,-0.6289089646,-379000000.0,-607000000.0,-0.4218207088,-1.6,-1.6,380000000,380000000,https://www.sec.gov/Archives/edgar/data/6769/000167337916000025/0001673379-16-000025-index.html,https://www.sec.gov/Archives/edgar/data/6769/000167337916000025/apaq3201610q.htm,3.786842105263158,-1.5973684210526315,1.7131578947368422,0.5552631578947368,3.236842105263158,20.91842105263158,20.91842105263158,17.023684210526316,23.228947368421053,24270600000.0,31762600000.0,-9.996128500823724,16.866296038915912,37.28202764976958,115.0265402843602,3.751831813263255,3.751831813263255,22.0726893676164,-206.25064935064933,48.79047619047619,150.53364928909951,-0.0250096824965184,0.0086936458101571,1.3482763951151646,0.3767765346235258,-48.64935064935065,2.0098280098280097,0.3809523809523809,-1.1341463414634143,0.0039142007202129,-0.1565074135090609,0.0708825573314801,0.0,0.0,0.6758832565284179,0.305767894371091,11.578947368421051,0.0,,0.0010802257589689,-0.0262214350511901,-33.988157894736844,1644000000.0,7949000000.0,-11928000000.0,21106000000.0,1040000000.0,550500000.0,521500000.0,66.546212647672,46.37372802960222,42.71045328399629,1.3524436090225564,1.940754039497307,2.107212475633528,-0.093832122430051,1.1578947368421053,2016-11-03,-0.11,bmo,7674666666.0,2025-04-25,2016-09-30,-0.7272727272727273,54.655625,3859422.921875
2016-06-30,APA,USD,1841666,2016-08-04,2016-08-04 17:25:24,2016,Q2,1386000000.0,1080000000.0,306000000.0,0.2207792208,0,103000000.0,0.0,103000000.0,215000000.0,318000000.0,1398000000.0,0.0,104000000.0,669000000.0,492000000.0,0.354978355,-12000000.0,-0.0086580087,-269000000.0,-281000000.0,-0.2027417027,-81000000.0,-244000000.0,-0.176046176,-0.65,-0.65,375384615,379000000,https://www.sec.gov/Archives/edgar/data/6769/000167337916000013/0001673379-16-000013-index.html,https://www.sec.gov/Archives/edgar/data/6769/000167337916000013/apaq2201610q.htm,3.692213118537103,-0.6500000006659836,1.981967215145458,0.7086065581030805,3.199385249179698,23.165573794227026,23.165573794227026,19.02581969162481,23.50655740113377,20897661517.05,28416661517.05,-21.41153843960041,15.077677862229436,28.088254727217745,78.56263728214286,2.9260237352352285,2.9260237352352285,20.50264178719336,57.7574421078252,38.194437522916665,106.82955457537594,-0.011675947560014,0.0127286969301792,1.2209465135816298,0.3581697198718475,15.282520325203253,2.096815286624204,-0.1153846153846153,-3.0491803278688523,0.0044981109452513,-0.3852459016393442,0.0743145743145743,0.0,0.0,0.6424731182795699,0.3448773448773449,0.0,0.0,,-0.0003749802549459,-0.0100221802349461,-35.755327905487015,1722000000.0,8696000000.0,-12358000000.0,21865000000.0,1068000000.0,557500000.0,538500000.0,65.97402597402598,45.333333333333336,44.16666666666666,1.3641732283464567,1.9852941176470589,2.037735849056604,-0.034164099691963,1.2733606570423777,2016-08-04,-0.21,bmo,1372139996.0,2025-04-25,2016-06-30,0.2380952380952382,54.37078125,3887818.546875
2016-03-31,APA,USD,1841666,2016-05-06,2016-05-05 20:06:49,2016,Q1,1087000000.0,1108000000.0,-21000000.0,-0.0193192272,0,93000000.0,0.0,93000000.0,147000000.0,240000000.0,1348000000.0,0.0,105000000.0,678000000.0,401000000.0,0.3689052438,-261000000.0,-0.2401103956,-121000000.0,-382000000.0,-0.351425943,-11000000.0,-372000000.0,-0.3422263109,-1.29,-1.29,378000000,378000000,https://www.sec.gov/Archives/edgar/data/6769/000167337916000004/0001673379-16-000004-index.html,https://www.sec.gov/Archives/edgar/data/6769/000167337916000004/apaq1201610q.htm,2.875661375661376,-0.984126984126984,0.6322751322751323,-0.8624338624338624,2.6560846560846563,9.402116402116402,9.402116402116402,5.338624338624339,23.343915343915345,18450180000.0,26165180000.0,-12.399314516129031,16.973486660533577,77.19740585774058,-56.59564417177914,9.142804757185331,9.142804757185331,24.071002759889605,65.24982543640898,109.47774058577406,-80.26128834355828,-0.0201624049196267,-0.0176692043112858,4.320614469772051,0.4931840036201143,19.23940149625935,2.016270337922403,-2.4857142857142858,-0.6424731182795699,0.0051490012563563,-0.2553763440860215,0.0855565777368905,0.0,0.0,2.518828451882845,0.5538178472861086,0.0,0.0,,-0.0157619881354133,-0.0210419141354149,-31.765873015873016,1624000000.0,3554000000.0,-10903000000.0,15166000000.0,1186500000.0,594500000.0,558500000.0,92.73229070837166,46.38086642599278,44.431407942238266,0.9705357142857144,1.9404553415061296,2.025594149908592,-0.1843409316154608,1.5925925925925926,2016-05-05,-0.92,bmo,2418574999.0,2025-04-25,2016-03-31,-0.5652173913043478,41.56180327868852,6298184.344262295
2015-12-31,APA,USD,1841666,2016-02-26,2016-02-26 16:09:17,2015,Q4,1221000000.0,8123000000.0,-6902000000.0,-5.6527436527,0,98000000.0,0.0,98000000.0,44000000.0,142000000.0,8265000000.0,2000000.0,61000000.0,7619000000.0,-988000000.0,-0.8091728092,-7044000000.0,-5.769041769,-1624000000.0,-8668000000.0,-7.0990990991,-798000000.0,-7213000000.0,-5.9074529075,-19.07,-19.07,378000000,378000000,https://www.sec.gov/Archives/edgar/data/6769/000119312516481920/0001193125-16-481920-index.html,https://www.sec.gov/Archives/edgar/data/6769/000119312516481920/d62202d10k.htm,3.2301587301587302,-19.082010582010582,0.6931216931216931,-1.865079365079365,3.880952380952381,25.105820105820104,25.105820105820104,20.867724867724867,23.38095238095238,16809660000.0,24119660000.0,-0.5826168029945931,13.767125307125308,64.15900763358778,-23.84348936170213,2.131042089249493,2.131042089249493,19.75402129402129,-24.412611336032388,92.0597709923664,-34.21228368794326,-0.429098506454027,-0.0419401701164687,1.1127028397565923,0.3441960784313725,-7.398785425101215,2.038022813688213,-115.47540983606558,-0.0332909783989834,0.0055920226821958,-0.0130320255094967,0.0802620802620802,0.0,0.0,3.6908396946564888,0.7919737919737919,12.240506329113924,0.0,,-0.2703089569547984,-0.2828627450980392,-35.23346560846561,1911000000.0,9490000000.0,-12258000000.0,22749000000.0,1292500000.0,638500000.0,618500000.0,92.35872235872236,6.847223932044812,6.315400714021913,0.9744612928970472,13.14401294498382,14.250877192982456,-0.9144269776876268,2.558201058201058,2016-02-25,-0.52,bmo,10032000000.0,2025-04-25,2015-12-31,-0.8846153846153846,46.5890625,4802063.171875
2015-09-30,APA,USD,1841666,2015-11-06,2015-11-05 18:56:31,2015,Q3,1572000000.0,7137000000.0,-5565000000.0,-3.5400763359,0,86000000.0,3000000.0,89000000.0,217000000.0,303000000.0,1908000000.0,-4000000.0,117000000.0,872000000.0,-3381000000.0,-2.1507633588,-302000000.0,-0.1921119593,-4068000000.0,-4370000000.0,-2.7798982188,-251000000.0,-4143000000.0,-2.6354961832,-14.95,-14.95,378000000,378000000,https://www.sec.gov/Archives/edgar/data/6769/000119312515368662/0001193125-15-368662-index.html,https://www.sec.gov/Archives/edgar/data/6769/000119312515368662/d95244d10q.htm,4.158730158730159,-10.96031746031746,1.880952380952381,-0.5634920634920635,4.378306878306878,31.67195767195767,31.441798941798943,25.94973544973545,23.52910052910053,14802479999.999998,21924480000.0,-0.8932223026792179,9.416335877862592,20.819240506329116,-69.49521126760563,1.509071261086757,1.509071261086757,13.946870229007631,-6.484614019520852,30.83611814345992,-102.9318309859155,-0.2798855326945215,-0.0143894806816155,0.8947904985217657,0.3155832014957572,-2.106477373558119,1.8823257960313795,-2.581196581196582,-0.128085029724374,0.0063502872491636,-0.0226888727974897,0.05470737913486,0.0,0.0031281461239752,1.29957805907173,0.5877862595419847,11.69620253164557,0.0,,-0.0110997857117043,-0.1494319206492335,-34.00132275132275,1912000000.0,11885000000.0,-11761000000.0,24376000000.0,1460500000.0,684500000.0,648000000.0,76.25954198473282,8.310214375788146,8.41109709962169,1.18018018018018,10.830045523520486,10.70014992503748,-0.4223672137832602,2.4444444444444446,2015-11-05,-0.38,bmo,11563199999.0,2025-04-25,2015-09-30,-0.868421052631579,45.4825,5409019.90625
2015-06-30,APA,USD,1841666,2015-08-07,2015-08-06 19:53:22,2015,Q2,1952000000.0,1310000000.0,642000000.0,0.3288934426,0,111000000.0,0.0,111000000.0,288000000.0,399000000.0,1709000000.0,1000000.0,118000000.0,0.0,-68000000.0,-0.0348360656,282000000.0,0.1444672131,-468000000.0,-186000000.0,-0.0952868852,731000000.0,-860000000.0,-0.4405737705,-14.83,-14.81,330769230,378000000,https://www.sec.gov/Archives/edgar/data/6769/000119312515281508/0001193125-15-281508-index.html,https://www.sec.gov/Archives/edgar/data/6769/000119312515281508/d91694d10q.htm,5.901395362561384,-2.600000006046512,3.4223255893542457,-0.278139535530557,8.918604671903731,53.67790710157653,53.41488384515089,46.99348848138021,29.60976751072039,19062230724.9,25788230724.9,-5.541346140959302,9.765487051690574,16.839426435424027,-207.1981600532609,1.226340113542203,1.226340113542203,13.21118377300205,-379.2386871308824,22.781122548498235,-280.3068557054348,-0.0451153913941785,-0.0048262976840284,0.6224909933093155,0.2740144993203444,-98.91176470588236,2.3050776332354177,2.389830508474576,0.4493846764589123,0.0049836769563336,-0.1104651162790697,0.0568647540983606,0.0,0.0024637516991391,1.0812720848056536,0.6270491803278688,0.0,0.0,,0.0422208485705804,-0.0244144783534421,-39.60691869676028,3110000000.0,17668000000.0,-12064000000.0,31512000000.0,1678000000.0,860000000.0,647500000.0,73.26331967213115,48.77862595419848,43.21374045801527,1.2284455632473257,1.8450704225352117,2.082670906200318,-0.0553268142048378,3.700465124884803,2015-08-06,-0.34,bmo,2352999999.0,2025-04-25,2015-06-30,-1.647058823529412,62.985396825396826,3339917.492063492
2015-03-31,APA,USD,1841666,2015-05-08,2015-05-07 21:05:27,2015,Q1,1806000000.0,8839000000.0,-7033000000.0,-3.8942414175,0,82000000.0,-3000000.0,79000000.0,118000000.0,200000000.0,9196000000.0,1000000.0,70000000.0,8302000000.0,-4636000000.0,-2.5669988926,-7401000000.0,-4.0980066445,-89000000.0,-7490000000.0,-4.1472868217,-2854000000.0,-4651000000.0,-2.5753045404,-12.34,-12.34,376000079,377000000,https://www.sec.gov/Archives/edgar/data/6769/000119312515177807/0001193125-15-177807-index.html,https://www.sec.gov/Archives/edgar/data/6769/000119312515177807/d908373d10q.htm,4.803190480180724,-12.369678252115474,1.7287230410395735,-3.0079780914088583,0.6090424252277883,62.24732734697112,62.015944416862745,56.41222218998523,32.82712076238686,22684084766.07,34728084766.07,-1.219312232104386,12.560401310116278,34.8985919478,-20.05666203896552,1.069449095566923,1.069449095566923,19.22928281620709,-7.490958750230802,53.42782271703077,-30.70564523967285,-0.2050336192957977,-0.0498587450921408,0.5786148696431097,0.2522713257965056,-2.5979292493528905,1.0751866011287092,-105.72857142857144,-0.1402070750647109,0.0041438744815749,-0.0202107073747581,0.0454042081949058,0.0,0.0017882836587872,3.2046153846153844,1.1533776301218162,0.2477697157130962,0.0,,-0.1001182970949208,-0.0957725016988242,-62.12166247975709,413000000.0,23318000000.0,-19339000000.0,41730000000.0,1895500000.0,1110000000.0,687000000.0,88.05647840531562,10.283968774748276,6.781310102952824,1.0220713073005094,8.75148514851485,13.271771771771771,-0.2192730187167036,5.539892453054511,2015-05-07,-0.62,bmo,2555756756.0,2025-04-25,2015-03-31,-0.4032258064516129,62.92885245901639,4297878.508196721
2014-12-31,APA,USD,1841666,2015-02-27,2015-02-27 17:31:33,2014,Q4,2926000000.0,5347000000.0,-2421000000.0,-0.8274094327,0,125000000.0,0.0,125000000.0,371000000.0,496000000.0,5843000000.0,5000000.0,32000000.0,114000000.0,-405000000.0,-0.1384142174,-2917000000.0,-0.9969241285,-2180000000.0,-5097000000.0,-1.7419685578,-331000000.0,-4814000000.0,-1.6452494874,-12.77,-12.77,377000000,377000000,https://www.sec.gov/Archives/edgar/data/6769/000119312515070388/0001193125-15-070388-index.htm,https://www.sec.gov/Archives/edgar/data/6769/000119312515070388/d836834d10k.htm,7.761273209549072,-12.76923076923077,5.127320954907161,-6.029177718832892,2.039787798408488,74.63395225464191,74.40318302387269,68.79840848806366,29.912466843501328,23626590000.0,34102590000.0,-1.226972891566265,8.074706083390295,12.222757371960684,-10.394452265728113,0.9109222346454872,0.9109222346454872,11.65502050580998,-84.20392592592593,17.64231246766684,-15.003339199296084,-0.2037534828343828,-0.0962051654512987,0.4335505262752053,0.2009758364312267,-25.866666666666667,1.7508187772925763,-91.15625,-0.4015371832156211,0.0039785682148799,-0.0195263813876194,0.0427204374572795,0.0,0.001554904203603,2.1758923952405587,1.4374572795625429,0.0,0.0,,-0.0521643503426428,-0.0861720218383603,-66.77453580901857,2751000000.0,28050000000.0,-21400000000.0,50914000000.0,2155500000.0,1263000000.0,710500000.0,62.25563909774436,20.36656068823639,11.916962782868898,1.4456521739130437,4.41900826446281,7.55225988700565,-0.1856035779002968,11.156498673740051,2015-02-12,0.76,bmo,1880822429.0,2025-04-25,2014-12-31,0.4078947368421053,71.1553125,5029452.84375
2014-09-30,APA,USD,1841666,2014-11-06,2014-11-06 17:05:39,2014,Q3,3181000000.0,3390000000.0,-209000000.0,-0.0657026092,0,112000000.0,0.0,112000000.0,217000000.0,329000000.0,3677000000.0,-1000000.0,59000000.0,2735000000.0,2477000000.0,0.7786859478,-496000000.0,-0.1559258095,179000000.0,-317000000.0,-0.0996541968,768000000.0,-1330000000.0,-0.4181075134,-3.49,-3.5,381000000,381000000,https://www.sec.gov/Archives/edgar/data/6769/000119312514401241/0001193125-14-401241-index.html,https://www.sec.gov/Archives/edgar/data/6769/000119312514401241/d803452d10q.htm,8.349081364829397,-3.490813648293963,4.9763779527559056,-2.6351706036745406,1.3385826771653544,86.5774278215223,82.98425196850394,80.88713910761155,28.821522309711288,35764470000.0,46176470000.0,-6.722644736842106,11.24315309651053,18.863117088607595,-35.62198207171315,1.1605058731909923,1.1605058731909923,14.516337629676205,18.642095276544207,24.354678270042196,-45.9925,-0.0371877452678594,-0.0280725535706247,0.354403270815757,0.1790785374651582,4.20347194186516,1.027629440445786,-8.40677966101695,-1.425563909774436,0.0026562675191328,-0.0714285714285714,0.0352090537566802,0.0,0.0224463026725692,1.3575949367088609,0.8091795033008488,0.907936507936508,0.0,,-0.0299396084006482,-0.0223075761895976,-66.7250656167979,119000000.0,31617000000.0,-23578000000.0,54523000000.0,2347000000.0,1403500000.0,753500000.0,64.70606727444199,34.93805309734513,18.92920353982301,1.3909051158723218,2.5759878419452886,4.754558204768584,-0.0431565967940813,6.755905511811024,2014-11-06,1.38,bmo,3181000000.0,2025-04-25,2014-09-30,0.0,99.0196875,2498700.609375
2014-06-30,APA,USD,1841666,2014-08-08,2014-08-08 12:53:32,2014,Q2,3471000000.0,2136000000.0,1335000000.0,0.3846153846,0,113000000.0,0.0,113000000.0,223000000.0,370000000.0,2320000000.0,0.0,52000000.0,1252000000.0,2215000000.0,0.6381446269,1151000000.0,0.3316047249,-240000000.0,911000000.0,0.2624603861,354000000.0,505000000.0,0.1454912129,1.31,1.31,385000000,387000000,https://www.sec.gov/Archives/edgar/data/6769/000119312514302538/0001193125-14-302538-index.html,https://www.sec.gov/Archives/edgar/data/6769/000119312514302538/d742540d10q.htm,9.015584415584415,1.3116883116883118,6.075324675324676,0.5688311688311688,1.361038961038961,90.62857142857143,87.07272727272728,85.07792207792208,25.264935064935067,38738700000.0,47889700000.0,19.177574257425743,11.16067415730337,16.562077811030356,176.8890410958904,1.182680506792856,1.182680506792856,13.79709017574186,21.62063205417607,20.47443351859769,218.67442922374428,0.0130360595476874,0.0056532614672149,0.2953747519462677,0.1581631818999199,4.1313769751693,1.1216630196936543,22.134615384615383,5.129385964912281,0.002503955992328,0.192079207920792,0.0325554595217516,0.0,0.0223798858936424,0.9063702436938864,0.6107749927974647,0.0,0.0,50.1089174636375,0.0124331268563429,0.0084445336276378,-61.17597402597403,556000000.0,33523000000.0,-21153000000.0,54395000000.0,2443000000.0,1464500000.0,760500000.0,62.4114088159032,62.82303370786517,33.45505617977528,1.442044038221853,1.432595573440644,2.690176322418136,0.0154174935124408,5.5064935064935066,2014-07-31,1.65,bmo,3429431137.0,2025-04-25,2014-06-30,0.0121212121212121,90.57238095238095,3181956.8253968256
2014-03-31,APA,USD,1841666,2014-05-09,2014-05-09 15:28:03,2014,Q1,3647000000.0,1873000000.0,1774000000.0,0.4864272004,0,119000000.0,0.0,119000000.0,177000000.0,296000000.0,2169000000.0,0.0,27000000.0,1206000000.0,2664000000.0,0.7304633946,1478000000.0,0.405264601,-49000000.0,1429000000.0,0.3918289005,578000000.0,236000000.0,0.0647107211,0.6,0.6,394000000,396000000,https://www.sec.gov/Archives/edgar/data/6769/000119312514192306/0001193125-14-192306-index.html,https://www.sec.gov/Archives/edgar/data/6769/000119312514192306/d710104d10q.htm,9.256345177664974,0.5989847715736041,5.819796954314721,-1.0482233502538072,4.17005076142132,89.28172588832487,85.80710659898477,83.96446700507614,24.619289340101524,32682300000.0,40712300000.0,34.62108050847458,8.961420345489444,14.253074574792848,-79.13389830508474,0.987917900973339,0.987917900973339,11.163230052097614,15.282394894894894,17.755037069341473,-98.5769975786925,0.0072210340153538,-0.0126368095268692,0.2923946557040082,0.1582598452250454,3.014264264264264,1.2541322314049588,54.74074074074074,2.694477085781433,0.0024172105390379,0.3347457627118644,0.0326295585412667,0.0,0.02239819374683,1.1801133885739206,0.7419797093501508,2.1648,0.0,33.63929747349128,0.0155056909334316,0.0039496585888338,-56.03616751269036,1107000000.0,33808000000.0,-20481000000.0,55228000000.0,2715500000.0,1527000000.0,809000000.0,61.17630929531121,69.09770421783236,34.93326214628937,1.4711577248890682,1.3025034770514603,2.576341127922971,0.0071337887673054,6.868020304568528,2014-05-08,1.61,bmo,3319179775.0,2025-04-25,2014-03-31,0.1055900621118011,82.03950819672131,2990706.950819672
2013-12-31,APA,USD,1841666,2014-02-28,2014-02-28 16:59:38,2013,Q4,3728000000.0,2386000000.0,1342000000.0,0.3599785408,0,127000000.0,0.0,127000000.0,297000000.0,424000000.0,2810000000.0,1000000.0,36000000.0,1689000000.0,2467000000.0,0.661748927,918000000.0,0.2462446352,-176000000.0,742000000.0,0.1990343348,512000000.0,174000000.0,0.0466738197,0.44,0.43,399000000,401000000,https://www.sec.gov/Archives/edgar/data/6769/000119312514077668/0001193125-14-077668-index.htm,https://www.sec.gov/Archives/edgar/data/6769/000119312514077668/d647405d10k.htm,9.343358395989975,0.4360902255639097,6.208020050125313,-0.9674185463659148,4.776942355889724,88.70426065162907,85.27318295739349,83.69924812030075,24.463659147869677,34290060000.0,42109060000.0,49.267327586206896,9.19797746781116,13.843383124747678,-88.83435233160621,1.0267714696370822,1.0267714696370822,11.295348712446351,17.06893392784759,17.00002422285022,-109.09082901554405,0.0050743568252723,-0.0112569065204318,0.2912025392262546,0.1577786070055324,3.169436562626672,1.354468085106383,25.5,14.235632183908049,0.0023330376208148,0.4597701149425287,0.0340665236051502,0.0,0.0222106851404189,1.1558336697618086,0.7679721030042919,0.0,0.0,28.65762620712,0.0049930734526178,0.0028871042676046,-54.33208020050125,1666000000.0,34024000000.0,-19878000000.0,55456000000.0,3019000000.0,1480500000.0,890000000.0,71.26609442060085,60.955574182732605,33.60854987426655,1.2628726287262872,1.4764851485148516,2.6778900112233446,0.0052102048149478,7.175438596491228,2014-02-13,1.81,bmo,2804713375.0,2025-04-25,2013-12-31,-0.1325966850828729,89.02109375,2378132.4375
2013-09-30,APA,USD,1841666,2013-11-08,2013-11-08 14:44:58,2013,Q3,4288000000.0,3074000000.0,1214000000.0,0.2831156716,0,127000000.0,0.0,127000000.0,219000000.0,346000000.0,3175000000.0,1000000.0,51000000.0,1995000000.0,2687000000.0,0.6266324627,1113000000.0,0.2595615672,-472000000.0,641000000.0,0.1494869403,206000000.0,306000000.0,0.0713619403,0.75,0.75,399000000,401000000,https://www.sec.gov/Archives/edgar/data/6769/000119312513434948/0001193125-13-434948-index.html,https://www.sec.gov/Archives/edgar/data/6769/000119312513434948/d599457d10q.htm,10.7468671679198,0.7669172932330827,4.957393483709273,-1.8696741854636592,3.1353383458646618,82.65914786967419,79.2280701754386,82.65914786967419,27.50877192982456,33970860000.0,43644860000.0,27.753970588235298,7.922308768656716,17.174347826086958,-45.53734584450402,1.030013037809648,1.030013037809648,10.178372201492538,16.242969854856717,22.06514661274014,-58.505174262734585,0.009007720146031,-0.0219599974801933,0.3312513265213304,0.1813609123657431,3.600297729810197,1.3300906478001326,21.823529411764707,6.4640522875817,0.0028553884123039,0.3169934640522875,0.0296175373134328,0.0,0.0227261408721924,1.3771486349848332,0.6352611940298507,27.51515151515152,0.0,37.76686939324178,0.013542610447358,0.0051978936640054,-58.265664160401,1493000000.0,31612000000.0,-21242000000.0,54324000000.0,3000000000.0,1345500000.0,931000000.0,64.7714552238806,39.37865972674041,26.027976577748863,1.38950097213221,2.28550185873606,3.4578177727784025,0.0092780691913525,6.827067669172933,2013-11-07,2.17,bmo,3973793103.0,2025-04-25,2013-09-30,0.0691244239631336,83.07234375,3231750.1875
2013-06-30,APA,USD,1841666,2013-08-06,2013-08-06 16:33:23,2013,Q2,4001000000.0,2313000000.0,1688000000.0,0.4218945264,0,133000000.0,0.0,133000000.0,214000000.0,364000000.0,2215000000.0,1000000.0,53000000.0,1350000000.0,3051000000.0,0.7625593602,1656000000.0,0.4138965259,-8000000.0,1648000000.0,0.4118970257,611000000.0,1035000000.0,0.2586853287,2.59,2.54,392000000,408000000,https://www.sec.gov/Archives/edgar/data/6769/000119312513321691/0001193125-13-321691-index.html,https://www.sec.gov/Archives/edgar/data/6769/000119312513321691/d542996d10q.htm,10.206632653061224,2.64030612244898,7.038265306122449,-0.0433673469387755,0.4693877551020408,83.47193877551021,79.9795918367347,83.47193877551021,32.724489795918366,32653600000.0,45244600000.0,7.887342995169082,8.16135966008498,11.83530264588619,-1920.8,0.9979401607530332,0.9979401607530332,11.308322919270182,14.829432972795804,16.39891264951069,-2661.447058823529,0.0316963520101918,-0.0005206164098292,0.3904220531157361,0.2016574585635359,4.126843657817109,0.9224505622334238,31.245283018867923,2.660559305689489,0.0029705759854962,0.093719806763285,0.0332416895776056,0.0,0.0216101026045777,1.0260964117433853,0.7075731067233192,0.0,0.0,70.41880499935714,0.0177609337068778,0.01669866572014,-70.84948979591837,-400000000.0,31352000000.0,-25871000000.0,56790000000.0,3010000000.0,1286000000.0,929000000.0,65.5486128467883,52.37354085603113,37.85992217898833,1.3730267673301304,1.7184249628528974,2.3771839671120247,0.0316310626203355,7.221938775510204,2013-08-01,2.01,bmo,4001000000.0,2025-04-25,2013-06-30,0.0,79.446875,3638801.6875
2013-03-31,APA,USD,1841666,2013-05-09,2013-05-09 15:15:52,2013,Q1,4021000000.0,2107000000.0,1914000000.0,0.4760009948,0,116000000.0,0.0,116000000.0,267000000.0,493000000.0,2559000000.0,1000000.0,56000000.0,1312000000.0,2810000000.0,0.6988311365,1435000000.0,0.3568763989,-55000000.0,1380000000.0,0.3431982094,602000000.0,717000000.0,0.1783138523,1.78,1.76,392000000,408000000,https://www.sec.gov/Archives/edgar/data/6769/000119312513210767/0001193125-13-210767-index.html,https://www.sec.gov/Archives/edgar/data/6769/000119312513210767/d504466d10q.htm,10.25765306122449,1.8290816326530608,6.686224489795919,-0.3673469387755102,0.6326530612244898,81.59948979591837,78.10714285714286,81.59948979591837,31.97704081632653,30070320000.0,42301320000.0,10.484769874476989,7.478318826162645,11.472842426554749,-208.82166666666663,0.9400794072591988,0.9400794072591988,10.520099477741857,15.053850533807829,16.139381915299506,-293.75916666666666,0.0238441094075487,-0.0047887751111394,0.3901272391909213,0.2019517089590885,4.352669039145908,0.8716289104638619,25.625,3.6555090655509055,0.0028599629135971,0.1199442119944212,0.0288485451380253,0.0,0.0221549715173485,1.0690576115986266,0.6968415816960954,1.9526132404181185,0.0,57.9497444380943,0.0141375514884805,0.0118663422868775,-68.32908163265306,-714000000.0,30618000000.0,-24957000000.0,54944000000.0,3096000000.0,1159000000.0,896500000.0,69.52001989554837,52.36829615567157,37.80256288561936,1.2945911139729556,1.7185970636215335,2.380790960451977,0.0224153562384718,7.1479591836734695,2013-05-09,2.21,bmo,4399212871.0,2025-04-25,2013-03-31,-0.085972850678733,78.90783333333334,3436487.6333333333
2012-12-31,APA,USD,1841666,2013-03-01,2013-02-28 18:34:31,2012,Q4,4388000000.0,2266000000.0,2122000000.0,0.4835916135,0,147000000.0,0.0,147000000.0,297000000.0,444000000.0,2710000000.0,7000000.0,45000000.0,1408000000.0,3127000000.0,0.7126253418,1687000000.0,0.3844576117,-46000000.0,1641000000.0,0.3739744758,973000000.0,668000000.0,0.1522333637,1.66,1.64,391000000,407000000,https://www.sec.gov/Archives/edgar/data/6769/000119312513085083/0001193125-13-085083-index.html,https://www.sec.gov/Archives/edgar/data/6769/000119312513085083/d457834d10k.htm,11.222506393861892,1.7084398976982098,5.324808184143222,-1.2173913043478262,0.4092071611253197,80.1304347826087,76.83375959079284,80.1304347826087,31.687979539641944,30693500000.0,42878500000.0,11.487088323353293,6.994872379216043,14.742315081652258,-64.48214285714286,0.9796527400976668,0.9796527400976668,9.77176390154968,13.712344099776145,20.59486071085495,-90.08088235294116,0.0217635655757733,-0.0155081694821379,0.3940187035204749,0.2032533710917562,3.896706108090822,0.8963150289017341,37.48888888888889,3.1167664670658684,0.0028018961669408,0.1287425149700598,0.0335004557885141,0.0,0.0212226484679849,1.228626320845341,0.5829535095715588,0.0,0.0,55.49960103961599,0.0124893183155541,0.0112367110752254,-67.71739130434783,-574000000.0,30042000000.0,-24444000000.0,53995000000.0,3031000000.0,1114500000.0,841000000.0,63.29535095715588,43.37157987643425,36.06354810238306,1.421905379131562,2.0750915750915757,2.495594713656388,0.0213207366506016,6.542199488491049,2013-02-14,2.3,bmo,4451057268.0,2025-04-25,2012-12-31,-0.0130434782608694,80.51290322580645,2933811.596774193
2012-09-30,APA,USD,1841666,2012-11-07,2012-11-07 17:28:10,2012,Q3,4141000000.0,2916000000.0,1225000000.0,0.2958222652,0,124000000.0,0.0,124000000.0,189000000.0,313000000.0,3229000000.0,0.0,40000000.0,2029000000.0,2936000000.0,0.7090074861,912000000.0,0.2202366578,-47000000.0,865000000.0,0.2088867423,685000000.0,180000000.0,0.0434677614,0.41,0.41,391000000,393000000,https://www.sec.gov/Archives/edgar/data/6769/000119312512457830/0001193125-12-457830-index.html,https://www.sec.gov/Archives/edgar/data/6769/000119312512457830/d411546d10q.htm,10.59079283887468,0.4603580562659846,4.150895140664962,-2.946291560102302,0.8132992327365729,78.55242966751918,75.70332480818415,78.55242966751918,29.85677749360614,33786310000.0,45102310000.0,46.92543055555556,8.15897367785559,20.817196549599505,-29.328394097222223,1.1000296281825876,1.1000296281825876,10.891646945182323,15.361822207084469,27.78947011706716,-39.15131076388889,0.005327601623261,-0.0340966503888705,0.3787849189294784,0.1978234994048631,3.854223433242507,0.9358070500927644,22.8,9.016666666666667,0.002515811877651,0.4722222222222222,0.0299444578604201,0.0,0.0189423567420506,1.7097966728280962,0.670127988408597,0.0,0.0,28.524559353756292,0.003587801474985,0.0031198003327787,-64.34526854219949,-346000000.0,29600000000.0,-23052000000.0,51932000000.0,2800500000.0,1099000000.0,759500000.0,64.68002897850761,35.092592592592595,23.88888888888889,1.3914650537634408,2.564643799472296,3.767441860465116,0.0058605196327407,7.097186700767264,2012-11-01,2.27,bmo,4332712962.0,2025-04-25,2012-09-30,-0.0484581497797356,87.01904761904761,2700030.873015873
2012-06-30,APA,USD,1841666,2012-08-07,2012-08-07 17:26:10,2012,Q2,3956000000.0,2708000000.0,1248000000.0,0.3154701719,0,132000000.0,0.0,132000000.0,244000000.0,376000000.0,3084000000.0,1000000.0,46000000.0,1932000000.0,2789000000.0,0.7050050556,872000000.0,0.2204246714,-61000000.0,811000000.0,0.2050050556,455000000.0,356000000.0,0.0899898888,0.87,0.86,389000000,390000000,https://www.sec.gov/Archives/edgar/data/6769/000119312512341296/0001193125-12-341296-index.html,https://www.sec.gov/Archives/edgar/data/6769/000119312512341296/d354110d10q.htm,10.169665809768638,0.9151670951156812,7.177377892030848,1.442159383033419,0.9280205655526992,78.8508997429306,75.98714652956298,78.8508997429306,26.43701799485861,34189210000.0,44066210000.0,24.009276685393257,8.642368554095045,12.24541905444126,60.943333333333335,1.1146353470478922,1.1146353470478922,11.139082406471182,15.80000358551452,15.783026504297997,78.54939393939394,0.010412641883214,0.0164086856642782,0.333778893489388,0.1789328346470454,3.541412692721406,0.9058777582503418,18.956521739130437,7.842696629213483,0.0024569155005336,0.2359550561797752,0.0333670374115267,0.0,0.0194697380149256,0.7990687679083095,0.563953488372093,0.0,0.0,40.29440841434952,0.0072682822942103,0.0063454717216548,-61.28984575835476,-482000000.0,29559000000.0,-21905000000.0,50767000000.0,2894000000.0,1060000000.0,676000000.0,59.71941354903944,35.262186115214185,24.75997045790251,1.507047619047619,2.5523091423185678,3.63489932885906,0.0116062986991816,5.73521850899743,2012-08-02,2.53,bmo,4835111111.0,2025-04-25,2012-06-30,-0.1818181818181818,87.67126984126985,3273895.619047619
2012-03-31,APA,USD,1841666,2012-05-08,2012-05-08 17:28:12,2012,Q1,4457000000.0,2490000000.0,1967000000.0,0.4413282477,0,128000000.0,0.0,128000000.0,233000000.0,361000000.0,2851000000.0,3000000.0,42000000.0,1740000000.0,3342000000.0,0.7498317254,1606000000.0,0.3603320619,-46000000.0,1560000000.0,0.3500112183,763000000.0,797000000.0,0.178819834,2.02,2.0,385000000,399000000,https://www.sec.gov/Archives/edgar/data/6769/000119312512086217/d267154d10k.htm,https://www.sec.gov/Archives/edgar/data/6769/000119312512086217/d267154d10k.htm,11.576623376623376,2.07012987012987,5.212987012987013,0.1038961038961039,0.6363636363636364,77.18181818181819,74.2883116883117,77.18181818181819,20.55844155844156,38669400000.0,46297400000.0,12.129673776662484,8.676105003365493,19.26726457399103,966.735,1.3013427561837454,1.3013427561837454,10.387570114426744,13.853201675643326,23.067962132536124,1157.435,0.0206106120084614,0.0010344096365601,0.2649503617701497,0.1478858688506114,2.282465589467385,1.0544912728820774,38.23809523809524,2.518193224592221,0.0019912385503783,0.096612296110414,0.0287188691945254,0.0,0.0209252963164716,0.9800697558545092,0.4413282477002468,0.0,0.0,59.958057949745815,0.0167558667303398,0.015290754561326,-53.50974025974026,256000000.0,28601000000.0,-18568000000.0,47199000000.0,3121000000.0,1053500000.0,631000000.0,63.87031635629347,38.27710843373494,21.939759036144576,1.4091052797976604,2.3512747875354107,4.102141680395387,0.026821470637725,5.109090909090909,2012-05-03,3.09,bmo,4590710000.0,2025-04-25,2012-03-31,-0.0291262135922329,102.8583870967742,3009867.919354839
2011-12-31,APA,USD,1841666,2012-02-29,2012-02-28 19:30:55,2011,Q4,4297000000.0,75000000.0,4222000000.0,0.9825459623,0,132000000.0,0.0,132000000.0,2109000000.0,2241000000.0,2316000000.0,3000000.0,37000000.0,1174000000.0,3152000000.0,0.7335350244,1981000000.0,0.4610193158,-40000000.0,1941000000.0,0.4517104957,752000000.0,1189000000.0,0.2767046777,3.05,2.98,384000000,400000000,https://www.sec.gov/Archives/edgar/data/6769/000119312512086217/0001193125-12-086217-index.html,https://www.sec.gov/Archives/edgar/data/6769/000119312512086217/d267154d10k.htm,11.190104166666666,3.0963541666666665,7.244791666666667,2.4322916666666665,0.7682291666666666,75.50260416666667,72.6015625,75.50260416666667,18.88802083333333,34782720000.0,41703720000.0,7.313439865433137,8.0946520828485,12.502774982027317,37.24059957173448,1.1996937191735937,1.1996937191735937,9.705310681871072,13.230875634517767,14.990553558590944,44.65066381156317,0.03418364061235,0.0268524140722749,0.2488876625392336,0.1386332635299994,2.195748730964467,0.9677614346161596,53.54054054054054,2.339781328847771,0.0021849930080223,0.063919259882254,0.0307191063532697,0.0,0.0214020864152465,0.6642703091301222,0.4300674889457761,0.0,0.0,72.52663695241186,0.0255372131903224,0.0233425604177709,-52.412109375,-160000000.0,27879000000.0,-18255000000.0,46402000000.0,2819500000.0,950000000.0,610500000.0,64.48917849662554,1257.6,786.0,1.395582981487496,0.0715648854961832,0.1145038167938931,0.0410098989411237,4.8125,2012-02-16,2.87,bmo,4192738095.0,2025-04-25,2011-12-31,0.0243902439024389,93.56523809523809,3137398.6666666665
2011-09-30,APA,USD,1841666,2011-11-08,2011-11-08 17:30:26,2011,Q3,4282000000.0,1798000000.0,2484000000.0,0.5801027557,0,112000000.0,0.0,112000000.0,237000000.0,349000000.0,2147000000.0,4000000.0,40000000.0,1065000000.0,3199000000.0,0.7470808034,2135000000.0,0.4985987856,-41000000.0,2094000000.0,0.4890238206,1092000000.0,1002000000.0,0.2340028024,2.56,2.5,384000000,400000000,https://www.sec.gov/Archives/edgar/data/6769/000095012311096585/0000950123-11-096585-index.html,https://www.sec.gov/Archives/edgar/data/6769/000095012311096585/h84343e10vq.htm,11.151041666666666,2.609375,6.372395833333333,1.7083333333333333,1.5260416666666667,72.6640625,69.9765625,72.6640625,18.859375,30812160000.0,37428160000.0,7.687664670658682,7.195740308267164,12.591810380057211,46.96975609756097,1.1042597570153747,1.1042597570153747,8.740812704343764,11.699956236323851,15.29552921945239,57.05512195121951,0.0325196286141575,0.0212902957793286,0.2581084471203813,0.151678530811676,2.0681462957174115,1.1371769383697814,53.375,2.442115768463074,0.002499013376537,0.0768463073852295,0.0261560018682858,0.0,0.0217345520407733,0.7319166326113609,0.4182624941616067,0.0,0.0,65.31596460233588,0.0232847615082572,0.0215715823466092,-43.723958333333336,552000000.0,26871000000.0,-15003000000.0,42720000000.0,2527500000.0,940500000.0,599500000.0,53.80663241475946,42.647385984427146,28.331479421579537,1.67265625,2.1103286384976525,3.176678445229682,0.0359101171916998,4.6640625,2011-11-03,2.78,bmo,4035240677.0,2025-04-25,2011-09-30,0.0611510791366907,106.58296875,3373099.25
2011-06-30,APA,USD,1841666,2011-08-08,2011-08-08 16:58:10,2011,Q2,4338000000.0,73000000.0,4265000000.0,0.9831719686,0,103000000.0,0.0,103000000.0,1984000000.0,2087000000.0,2160000000.0,6000000.0,46000000.0,1029000000.0,3206000000.0,0.7390502536,2178000000.0,0.5020746888,-47000000.0,2131000000.0,0.4912402029,872000000.0,1259000000.0,0.2902259106,3.23,3.17,384000000,397000000,https://www.sec.gov/Archives/edgar/data/6769/000095012311074471/0000950123-11-074471-index.html,https://www.sec.gov/Archives/edgar/data/6769/000095012311074471/h82406e10vq.htm,11.296875,3.278645833333333,7.1484375,2.609375,2.8828125,69.4453125,66.7578125,69.4453125,20.56770833333333,47381760000.0,54126760000.0,9.408610007942812,10.922489626556017,17.26111475409836,47.28718562874251,1.776793790077624,1.776793790077624,12.477353619179343,16.882956955708046,19.71830965391621,54.01872255489022,0.026571406380852,0.0211473782316233,0.2944463194210072,0.168754970018698,2.103867747972552,1.0927743086529884,47.34782608695652,2.180301826846704,0.001625097927979,0.0611596505162827,0.0237436606731212,0.0,0.0221797158761202,0.6349726775956284,0.4017980636237898,0.0,0.0,71.57477314413764,0.0302818750073645,0.0276721542079697,-43.143880208333336,416000000.0,25635000000.0,-14962000000.0,41286000000.0,2492500000.0,967500000.0,613000000.0,51.76348547717842,1268.6301369863013,780.4109589041095,1.7386773547094188,0.0709426627793974,0.1153238546603475,0.0472119098511268,4.5390625,2011-08-04,3.09,bmo,4179177018.0,2025-04-25,2011-06-30,0.0420711974110033,122.90746031746032,2787769.634920635
2011-03-31,APA,USD,1841666,2011-05-09,2011-05-09 15:53:17,2011,Q1,3925000000.0,699000000.0,3226000000.0,0.821910828,0,112000000.0,0.0,112000000.0,1137000000.0,1249000000.0,1948000000.0,4000000.0,48000000.0,936000000.0,2911000000.0,0.741656051,1977000000.0,0.5036942675,-50000000.0,1927000000.0,0.490955414,793000000.0,1134000000.0,0.2889171975,2.91,2.86,383000000,397000000,https://www.sec.gov/Archives/edgar/data/6769/000095012311047361/0000950123-11-047361-index.html,https://www.sec.gov/Archives/edgar/data/6769/000095012311047361/h80300e10vq.htm,10.24804177545692,2.960835509138381,5.16710182767624,0.7389033942558747,0.929503916449086,65.7911227154047,63.09660574412533,65.7911227154047,21.430809399477805,50142359999.99999,57946359999.99999,11.054312169312167,12.775123566878978,25.33722081859525,177.1814840989399,1.9899341217556947,1.9899341217556947,14.763403821656048,19.905997938852625,29.28062657908034,204.75745583038864,0.0226156088385149,0.0056439306007934,0.3238352250178585,0.1818749164177774,2.680865681896256,1.0111195350012636,41.1875,1.7451499118165783,0.0015156845429692,0.0670194003527336,0.0285350318471337,0.0,0.0230018276646012,0.8569984840828702,0.4321019108280254,1.811965811965812,0.0,66.20366740024035,0.0284184756611254,0.0258703289683807,-44.77284595300261,44000000.0,24166000000.0,-15667000000.0,40122000000.0,2312000000.0,842500000.0,578500000.0,57.09554140127389,116.65236051502146,76.3519313304721,1.5763052208835342,0.7715231788079471,1.178752107925801,0.0450035717120406,4.4281984334203655,2011-04-28,2.59,bmo,3463455172.0,2025-04-25,2011-03-31,0.1196911196911197,121.79193548387096,3912321.2258064514
2010-12-31,APA,USD,1841666,2011-02-28,2011-02-28 17:20:11,2010,Q4,3434180000.0,51757000.0,3382423000.0,0.9849288622,0,104113000.0,0.0,104113000.0,1772820000.0,1876933000.0,1928690000.0,-4000000.0,50626000.0,928514000.0,2247004000.0,0.6543058314,1505490000.0,0.4383841266,-237626000.0,1267864000.0,0.3691897338,579333000.0,688531000.0,0.2004935676,1.8,1.73,383000000,397000000,https://www.sec.gov/Archives/edgar/data/6769/000095012311019900/0000950123-11-019900-index.htm,https://www.sec.gov/Archives/edgar/data/6769/000095012311019900/h78042e10vk.htm,8.966527415143602,1.7977310704960836,5.028214099216711,1.1302271540469977,0.3498694516971279,63.64751958224543,60.95300261096606,63.64751958224543,21.388057441253263,45665090000.0,53672090000.0,16.58062236849176,13.29723252712438,23.71219634791874,105.4920681856509,1.87328588423514,1.87328588423514,15.628793481995702,23.88606784856636,27.86993601640041,123.98923943753076,0.0150778417386235,0.0094793856751404,0.3339623415514624,0.1874726540011514,3.5634115471089505,0.9875141884222476,29.737486666930035,2.7969779138484685,0.0016262970247074,0.1078600673027067,0.0303166986005392,0.0,0.0237651122625215,0.7752229456134211,0.4347264849250767,0.0,0.0,50.73928733282265,0.020466544940019,0.0162416200787865,-44.4686684073107,-44000000.0,23345000000.0,-15568000000.0,39139000000.0,1945437000.0,688518500.0,546362500.0,55.92601436150697,1354.5993778619318,980.7369051529262,1.6092689784442362,0.0664403080872914,0.0917677304964539,0.0282451080936948,3.8979869451697127,2011-02-17,2.45,bmo,3886438356.0,2025-04-25,2010-12-31,-0.1061224489795919,108.59078125,2763626.0
2010-09-30,APA,USD,1841666,2010-11-09,2010-11-09 10:18:49,2010,Q3,3012659000.0,43000000.0,2969659000.0,0.9857268944,0,96908000.0,0.0,96908000.0,1476203000.0,1566000000.0,1609000000.0,350000.0,59350000.0,787000000.0,2181000000.0,0.7239451926,1404000000.0,0.466033494,-67000000.0,1337000000.0,0.4437940039,559000000.0,778000000.0,0.2582436313,2.14,2.12,357000000,367000000,https://www.sec.gov/Archives/edgar/data/6769/000095012310102963/0000950123-10-102963-index.html,https://www.sec.gov/Archives/edgar/data/6769/000095012310102963/h76481e10vq.htm,8.438820728291317,2.179271708683473,4.803229691876751,1.3446022408963585,3.393386554621849,61.47165826330532,60.9415406162465,61.47165826330532,18.41820168067227,34900320000.0,40204829000.0,11.214755784061698,11.584557030848828,20.35297211901656,72.7055161940157,1.5903263839289743,1.5903263839289743,13.345296961919686,18.434126088950023,23.446425811764144,83.75604710607617,0.0222920592132106,0.0137541145754537,0.2969165904699221,0.1764483974087225,2.432145346171481,1.6821979396294815,23.656276326874472,2.2033022171111383,0.001461304652794,0.0655526992287917,0.0321669329320045,0.0,0.0051248432471216,0.7200628895240305,0.4098472478962936,0.0,0.0,54.901525745003646,0.0236554295055012,0.0211763506326788,-34.144285714285715,1723730000.0,21756130000.0,-10732507000.0,30259098000.0,1702413000.0,541819000.0,518713500.0,52.48475184214344,1251.7053488372094,1106.6337209302326,1.714783757970122,0.0719019057349294,0.0813277223509385,0.0354516499188758,3.458627450980392,2010-11-04,2.24,bmo,3116566210.0,2025-04-25,2010-09-30,-0.0223214285714286,91.89890625,4557245.28125
2010-06-30,APA,USD,1841666,2010-08-06,2010-08-06 15:12:22,2010,Q2,2971910000.0,488987000.0,2482923000.0,0.8354637253,0,91829000.0,0.0,91829000.0,1387000000.0,1033173000.0,1514000000.0,1000000.0,57000000.0,729751000.0,2180000000.0,0.7335349994,1458000000.0,0.4905935913,-64007000.0,1393993000.0,0.4690562635,534000000.0,860000000.0,0.2893761924,2.55,2.53,338000000,339000000,https://www.sec.gov/Archives/edgar/data/6769/000095012310074221/0000950123-10-074221-index.html,https://www.sec.gov/Archives/edgar/data/6769/000095012310074221/h74335e10vq.htm,8.792633136094674,2.544378698224852,5.716011834319526,2.4015739644970413,5.341263313609468,52.29514792899408,51.73523076923077,52.29514792899408,14.998023668639052,28456220000.0,31663205000.0,8.272156976744185,9.575061155956943,14.728800856309382,35.056176176373484,1.6099007906873593,1.6099007906873593,10.65416011924991,14.524405963302751,16.388720670472026,39.00696904889792,0.0302218636206776,0.0285256439541161,0.2835709468786632,0.1647037646414232,1.4710940366972478,2.0459725762483347,25.57894736842105,2.2459432030996616,0.0017922267961099,0.0593023255813953,0.030898984154971,0.0,0.006218765410176,0.5798514709018371,0.376956233533317,0.0,0.0,54.7158099569825,0.031732440994687,0.0284361866346285,-27.991079881656805,2304105000.0,17486508000.0,-8249707000.0,27616812000.0,1733045500.0,511107000.0,503225500.0,49.90584506260283,89.37679324808227,93.62862407385065,1.803395972698234,1.006972802774294,0.9612445007096492,0.0486542021389745,3.314437869822485,2010-07-20,2.3,bmo,2798647540.0,2025-04-25,2010-06-30,0.0608695652173913,97.19476190476192,4991476.174603174
2010-03-31,APA,USD,1841666,2010-05-07,2010-05-07 12:56:30,2010,Q1,2673000000.0,480611000.0,2192389000.0,0.820197905,0,87150000.0,0.0,87150000.0,841000000.0,902586000.0,1383197000.0,1526000.0,60000000.0,639000000.0,1906000000.0,0.7130564908,1290054000.0,0.482624018,-83054000.0,1207000000.0,0.4515525627,501804000.0,705000000.0,0.2637485971,2.09,2.08,337000000,339000000,https://www.sec.gov/Archives/edgar/data/6769/000095012310046160/0000950123-10-046160-index.html,https://www.sec.gov/Archives/edgar/data/6769/000095012310046160/h70189e10vq.htm,7.931750741839763,2.091988130563798,3.422637982195846,0.2373887240356083,6.307519287833828,49.728593471810086,49.16701483679525,49.728593471810086,15.205902077151336,34205500000.0,37144255000.0,12.129609929078017,12.79667040778152,29.65548811413619,427.56875,2.0410792446309154,2.0410792446309154,13.89609240553685,19.488066631689403,32.20333024399421,464.3031875,0.0206107204981655,0.0023388051629123,0.3021975785951708,0.1732708739355856,1.5418441762854145,2.248492229750536,21.5009,1.636113597387731,0.0014617532268202,0.0709219858156028,0.0326038159371492,0.0,0.0064749882827044,0.9311366369321388,0.4017957351290684,1.6820726141663718,0.0,48.380901336010986,0.0278114759814164,0.0242777715925897,-25.90953189910979,2797529000.0,16569284000.0,-7431370000.0,26391638000.0,1681919000.0,466806500.0,515374500.0,61.21680134680135,100.4870258899609,93.20928984147262,1.470184622847868,0.8956380110060695,0.965568991600184,0.0420681138256945,3.1869436201780417,2010-04-29,2.24,bmo,2873173333.0,2025-04-25,2010-03-31,-0.0625,103.612131147541,3169833.393442623
2009-12-31,APA,USD,1841666,2010-02-26,2010-02-26 17:10:45,2009,Q4,2555192000.0,453492000.0,2101700000.0,0.8225213604,0,85440000.0,0.0,85440000.0,857229000.0,942669000.0,1396161000.0,1822000.0,117634000.0,615189000.0,1855316000.0,0.7260965125,1159031000.0,0.4535983989,-36538000.0,1122493000.0,0.4392988863,536687000.0,585806000.0,0.2292610497,1.74,1.73,336924000,339135000,https://www.sec.gov/Archives/edgar/data/6769/000095012310018311/0000950123-10-018311-index.html,https://www.sec.gov/Archives/edgar/data/6769/000095012310018311/h69016e10vk.htm,7.583882418586981,1.738688843774857,4.583146347544253,3.373241443174128,6.07852215930002,46.83175731025394,46.270051999857536,46.832520093552255,15.390266054065606,34760449080.0,37780048080.0,14.83445418790521,13.603850152943496,22.51073655007344,30.584825230571056,2.2029564028138666,2.2029564028138666,14.785600487164956,20.36313387045657,24.46621754571382,33.24169273734169,0.016852659142918,0.0326959527301941,0.3211683883642816,0.179797140703369,1.6275389205935809,1.9164229001253656,9.852857167145553,2.635978463860049,0.0015384726439213,0.0912896078223848,0.0334378003688176,0.0,0.0067144584409217,0.2639900218369456,0.1595363479535001,0.0,0.0,42.80317225138489,0.0233450132953277,0.0209242651159389,-26.514067712599875,2193000000.0,15589491000.0,-7821000000.0,25282867000.0,1568306000.0,394450000.0,536221000.0,54.44323166321748,78.78860046042709,105.77915376676988,1.6530980481969646,1.1422972292191436,0.8508292682926829,0.037125673363331,1.209904904370125,2010-02-18,1.96,bmo,2570300000.0,2025-04-25,2009-12-31,0.0,98.58390625,3199626.34375
2009-09-30,APA,USD,1841666,2009-11-06,2009-11-06 15:57:37,2009,Q3,2332431000.0,36232000.0,2296199000.0,0.9844659928,0,82492000.0,0.0,82492000.0,1281417000.0,892321000.0,1374088000.0,2231000.0,63915000.0,625898000.0,1558188000.0,0.6680532029,932290000.0,0.3997074297,-61684000.0,870606000.0,0.3732612026,428590000.0,442016000.0,0.1895087143,1.31,1.3,336159000,337872000,https://www.sec.gov/Archives/edgar/data/6769/000095012309059292/0000950123-09-059292-index.html,https://www.sec.gov/Archives/edgar/data/6769/000095012309059292/h67769e10vq.htm,6.938475542823485,1.3149015793121708,3.905122278445616,1.1049146386085156,4.037863035051865,45.678747259481376,45.1157636713579,45.678747259481376,15.211890801674208,30869480970.0,34561815970.0,17.45948165337906,13.23489568180152,23.51526878091811,83.11049269439216,2.0103440989384658,2.0103440989384658,14.817937152267312,22.180774059356125,26.327957793686803,93.051436675309,0.0143188672472195,0.0120321750910216,0.3288566009882437,0.1854768412667302,2.369633831090985,2.023052428622979,14.586403817570211,2.969897017302541,0.0016778383818741,0.1171767537826685,0.0353673913612021,0.0,0.0069512783164721,0.7170601687155588,0.4035767831931577,0.0,0.0,36.7616482292498,0.018724961766151,0.0163490165275916,-26.921499201270827,2032753000.0,15166070000.0,-7850472000.0,24767536000.0,1563781000.0,390623500.0,555527000.0,61.38752657634888,973.4764848752484,1339.9696400971518,1.4660958833072582,0.0924521561622863,0.0671657008538452,0.028785850273931,2.800207639837101,2009-10-29,1.61,bmo,2369858860.0,2025-04-25,2009-09-30,-0.0186335403726708,83.575,3634977.578125
2009-06-30,APA,USD,1841666,2009-08-07,2009-08-07 17:26:10,2009,Q2,2093378000.0,438752000.0,1654626000.0,0.7904095677,0,90905000.0,0.0,90905000.0,715783000.0,781570000.0,1220322000.0,1236000.0,62391000.0,573359000.0,1423297000.0,0.6799044415,847938000.0,0.4050572806,-61155000.0,786783000.0,0.375843732,342063000.0,444720000.0,0.2124413269,1.32,1.31,336000000,337000000,https://www.sec.gov/Archives/edgar/data/6769/000095012309032262/0000950123-09-032262-index.html,https://www.sec.gov/Archives/edgar/data/6769/000095012309032262/h66885e10vq.htm,6.230291666666667,1.3235714285714286,2.450931547619048,-1.1887916666666667,2.2963005952380957,44.51992559523809,43.956675595238096,44.51992559523809,14.969386904761905,24242400000.000004,28438166000.000004,13.62790070156503,11.58051723100176,29.437786653034017,-60.69187900879746,1.6206226545831708,1.6206226545831708,13.584821279291177,19.980486152925216,34.532746902598994,-71.19615756295158,0.0183447183447183,-0.0164766689766689,0.3320692747595963,0.188142441269533,2.947920216230344,1.9272128536708777,13.590710198586336,1.8517561611800684,0.0021325446325446,0.1162484259758949,0.0434250288290026,0.0,0.0071681131456806,1.4850366660878456,0.5841978849495887,0.0,0.0,36.411801441285725,0.0194782864380912,0.0169658380916865,-27.48030431547619,1676730000.0,14769443000.0,-7958147000.0,24156290000.0,1413866000.0,388881000.0,547023000.0,66.06470976574704,79.86568722193859,117.25320910218072,1.3623006945632998,1.1268919498545,0.7675696101551402,0.029729866141398,3.639723214285714,2009-07-30,1.07,bmo,1574114184.0,2025-04-25,2009-06-30,0.3177570093457942,75.57380952380952,3969580.603174603
2009-03-31,APA,USD,1841666,2009-05-08,2009-05-08 13:15:55,2009,Q1,1633825000.0,430828000.0,1202997000.0,0.736307132,0,85046000.0,0.0,85046000.0,3486117000.0,3571163000.0,3631240000.0,5726000.0,62905000.0,3398778000.0,1009600000.0,0.6179364375,-2368166000.0,-1.4494612336,-85325000.0,-2453491000.0,-1.501685309,-696551000.0,-1756940000.0,-1.0753538476,-5.24,-5.24,335104000,335104000,https://www.sec.gov/Archives/edgar/data/6769/000095012909001550/0000950129-09-001550-index.html,https://www.sec.gov/Archives/edgar/data/6769/000095012909001550/h66712e10vq.htm,4.875575940603514,-5.242969346829641,1.62103705118411,-1.5397458699388846,4.11464202158136,43.989776308250576,43.42502029220779,43.989776308250576,14.846435733384263,21476815360.0,25799317360.0,-3.0559972679772787,13.145113681085796,39.536418956731765,-41.62375184844227,1.4569294363058514,1.4569294363058514,15.790747087356356,25.553998969889065,47.49366248416836,-50.00109958815834,-0.0818063558562902,-0.0240247444209531,0.3332301075560591,0.1868265933142771,4.281400554675119,1.867328493706734,-37.6467053493363,-0.3091830113720445,0.0024041273873483,-0.0293880269104238,0.0520533104830688,0.0,0.0071978629590058,1.949852360755206,0.6482891374535217,0.3116387713466428,0.0,,-0.0698615028160464,-0.0673065489324977,-26.688108020196715,1766213000.0,14551898000.0,-7749058000.0,23687727000.0,1324031000.0,468680000.0,510500500.0,71.11989962205254,81.13992126788416,109.13649994893554,1.2654686027157045,1.1091950619826731,0.8246553631654907,-0.1191860879239408,3.1607829211229945,2009-04-30,0.35,bmo,1299766135.0,2025-04-25,2009-03-31,0.8571428571428573,69.07540983606557,5751517.24590164
2008-12-31,APA,USD,1841666,2009-03-02,2009-03-02 17:15:29,2008,Q4,1876890000.0,553456000.0,1323434000.0,0.705120705,0,69938000.0,0.0,69938000.0,6138117000.0,6208055000.0,6761511000.0,0.0,0.0,6001214000.0,1116593000.0,0.5949165907,-4884621000.0,-2.6025078721,-16097000.0,-4900718000.0,-2.6110842937,-1955105000.0,-2945613000.0,-1.5694116331,-8.79,-8.79,334969000,335104000,https://www.sec.gov/Archives/edgar/data/6769/000095012909000708/0000950129-09-000708-index.html,https://www.sec.gov/Archives/edgar/data/6769/000095012909000708/h65809e10vk.htm,5.603175219199389,-8.793688371162705,3.0951401472972124,-1.3501100101800465,5.891437715131848,49.2843248181175,48.71934119276709,49.2843248181175,14.692622302362308,24965239570.0,28705362570.0,-2.118849248866025,13.301386639600617,24.079685071799503,-55.202908976329205,1.5122455319221884,1.5122455319221884,15.294110240877195,25.70799079879598,27.68714029838653,-63.47303468252827,-0.1179885733417778,-0.0181149873900449,0.2981195817652984,0.1686250673899238,3.349584853209719,1.76595468639342,0.0,-0.35197291701252,0.0020677950978701,-0.0175253843597241,0.0372627058591606,0.0,0.0064842340555911,1.4362031914319004,0.7933448417328666,0.2481199637273391,0.0,,-0.109637266916477,-0.1015825544457983,-28.173643680459985,1930539000.0,16319469000.0,-8226790000.0,26078308000.0,1518505000.0,625544000.0,489145000.0,65.06940204274092,89.26644575178514,81.07424980486253,1.3831385747310754,1.0082175809962746,1.1100935280513953,-0.178427692853977,4.445250157477259,2009-02-19,1.26,bmo,2884017073.0,2025-04-25,2008-12-31,-0.3492063492063492,74.74265625,5862512.953125
2008-09-30,APA,USD,1841666,2008-11-10,2008-11-10 13:05:47,2008,Q3,3364884000.0,530541000.0,2834343000.0,0.8423300774,0,57561000.0,0.0,57561000.0,905167000.0,962728000.0,1493269000.0,9550000.0,42023000.0,600887000.0,2457082000.0,0.730212988,1871615000.0,0.5562197686,-58261000.0,1813354000.0,0.5389053531,622529000.0,1190825000.0,0.3538977867,3.55,3.52,334825000,337894000,https://www.sec.gov/Archives/edgar/data/6769/000095012908005541/0000950129-08-005541-index.html,https://www.sec.gov/Archives/edgar/data/6769/000095012908005541/h64541e10vq.htm,10.049679683416713,3.5565593966997686,6.841349958933772,1.7786425744792056,4.91183155379676,56.0385455088479,55.47331889793176,56.0385455088479,12.24479653550362,34915551000.0,37328788000.0,7.3301179854302685,10.37645012428363,15.242605717578597,58.6289800414418,1.860862002271905,1.860862002271905,11.093632945444776,15.192324879674343,16.296119668828347,62.68120375998683,0.0341058630293418,0.017056411339463,0.216267018904013,0.1229930852020851,0.982155662692576,1.4306770277193137,44.53787211764986,1.923586589129385,0.0014775651113167,0.0433229063884281,0.0171063846480294,0.0,0.0057362245984169,0.7400158469957283,0.503768034797039,2.821031242147026,0.0,66.9652846716477,0.0406757618257115,0.0363021207090288,-33.10636078548495,1255986000.0,18573854000.0,-10057034000.0,29564056000.0,1973194000.0,798277000.0,474034500.0,44.93551337876729,119.1102478413544,81.37932789360295,2.0028701851334887,0.7556024912304189,1.1059319649047472,0.0634663045659924,5.062707384454566,2008-10-30,3.72,bmo,3928623197.0,2025-04-25,2008-09-30,-0.1424731182795699,112.8903125,5685394.53125
2008-06-30,APA,USD,1841666,2008-08-11,2008-08-11 14:45:15,2008,Q2,3900191000.0,486505000.0,3413686000.0,0.8752612372,0,78872000.0,0.0,78872000.0,926216000.0,1005088000.0,1491593000.0,5297000.0,43518000.0,627668000.0,3015055000.0,0.7730531659,2407769000.0,0.6173464325,-63900000.0,2343869000.0,0.6009626195,898640000.0,1445229000.0,0.3705533908,4.32,4.28,334208000,337676000,https://www.sec.gov/Archives/edgar/data/6769/000095012908004404/0000950129-08-004404-index.html,https://www.sec.gov/Archives/edgar/data/6769/000095012908004404/h59342e10vq.htm,11.66995104844887,4.324339932018384,5.773377657027958,1.1586736403676752,3.0174083205668327,49.41374533224818,48.847475225009575,49.41374533224818,12.236230132133285,46454912000.0,49492398000.0,8.0359084961622,11.910932567148636,24.07602763190014,119.96475552502596,2.812982482209994,2.812982482209994,12.689736989803832,16.41508960864727,25.650255064889564,127.80873261405132,0.0311103592231538,0.0083357815853789,0.2449929210560751,0.1269224776273192,1.007439665279738,1.0077693127784255,55.32811710096971,1.3350887644795393,0.0011080206114694,0.0356158089825211,0.0202225993547495,0.0,0.0059369155199809,0.7993074922169319,0.3954347364013711,2.4571445413817496,0.0,69.33859836298701,0.0532380127919985,0.0456082189334877,-37.1634049753447,32043000.0,16325217000.0,-11206344000.0,27155548000.0,2119337500.0,788996000.0,479384500.0,52.29798489356035,165.45973833773547,86.64071283953916,1.720907606347985,0.5439389721280261,1.0387726168260218,0.0875128955099918,4.614704016660284,2008-07-31,4.09,bmo,3730787149.0,2025-04-25,2008-06-30,0.0464547677261614,136.0271875,4828011.53125
2008-03-31,APA,USD,1841666,2008-05-12,2008-05-12 12:40:20,2008,Q1,3187741000.0,495614000.0,2692127000.0,0.84452501,0,82423000.0,0.0,82423000.0,863067000.0,945490000.0,1012963000.0,4328000.0,47730000.0,620489000.0,2344106000.0,0.7353502057,1746637000.0,0.5479231217,-70750000.0,1675887000.0,0.5257287214,654374000.0,1021513000.0,0.3204504381,3.06,3.03,333393000,336549000,https://www.sec.gov/Archives/edgar/data/6769/000095012908002932/0000950129-08-002932-index.html,https://www.sec.gov/Archives/edgar/data/6769/000095012908002932/h56194e10vq.htm,9.56151148944339,3.063990545692321,5.424241060850108,1.6856112755816708,1.1489143443323646,48.23138758162289,47.66373319175867,48.23138758162289,12.55947785346423,40280542260.0,44037014260.0,9.85805913874811,12.636077479318429,22.27408381091836,71.67726138893288,2.505007756526474,2.505007756526474,13.814489401742488,18.786272574704387,24.35131434126445,78.3617201955261,0.0253599614773408,0.0139514258862909,0.2574322262421901,0.1388349070090546,1.6025179748697371,1.017537515639154,36.59411271736853,1.7703191246709538,0.0021020571037367,0.0828888129666484,0.0258562411438068,0.0,0.0063473143262485,0.6892447705269398,0.3910082406318456,2.0087914531925626,0.0,57.66334711065234,0.0393680629747894,0.0344793297614124,-34.87949057118776,52621000.0,15890755000.0,-10682965000.0,26107259000.0,1954647500.0,650759000.0,475817000.0,55.68476861827858,124.13347887670648,89.05735108370628,1.6162408901607144,0.7250260027707031,1.0105847401121073,0.0635269002059514,3.738629785268437,2008-05-01,3.06,bmo,3252298996.0,2025-04-25,2008-03-31,-0.022875816993464,107.48147540983608,4128581.9672131143
2007-12-31,APA,USD,1841666,2008-02-29,2008-02-29 14:08:15,2007,Q4,3012166000.0,501592000.0,2510574000.0,0.833477969,0,75000000.0,0.0,75000000.0,813472000.0,888472000.0,1390064000.0,0.0,0.0,624975000.0,2247077000.0,0.7460003864,1622102000.0,0.5385168015,-76455000.0,1545647000.0,0.5131347343,473124000.0,1072523000.0,0.3560637096,3.22,3.19,333363725,336664356,https://www.sec.gov/Archives/edgar/data/6769/000095012908001358/0000950129-08-001358-index.htm,https://www.sec.gov/Archives/edgar/data/6769/000095012908001358/h54173e10vk.htm,9.035674172407331,3.217275664891253,5.399390710551965,2.1133853120941697,0.3774345874014936,46.129731121764976,45.56202688219901,46.129731121764976,12.67888100302455,35849934986.5,39950790986.5,8.356448996082136,11.90171291572244,19.91706208440072,50.885183778171424,2.331251394380237,2.331251394380237,13.26314385943537,17.779004006760783,22.195364780959142,56.705914311891966,0.0299170138078041,0.0196520858480023,0.2748526968335696,0.1476071421300018,1.8249735100310311,1.0327333869665325,0.0,1.6782493242569156,0.0014318575478401,0.047860978272727,0.0248990261492892,0.0,0.0066091952718404,0.608588186077365,0.3636701961312889,1.7527661106444257,0.0,57.78642903602629,0.042985967597078,0.0377046214046777,-34.33940135508145,87235000.0,15188727000.0,-10504421000.0,25508080000.0,1819103500.0,636706500.0,439981500.0,57.874609168286206,110.875631987751,82.75448970477999,1.5550860954982946,0.8117202886378385,1.0875542864328909,0.0697440801551361,3.2860053984577955,2008-02-07,2.52,bmo,2585847945.0,2025-04-25,2007-12-31,0.1587301587301587,98.9771875,3363235.28125
2007-09-30,APA,USD,1841666,2007-11-09,2007-11-09 11:26:41,2007,Q3,2498594000.0,452906000.0,2045688000.0,0.8187356569,0,61405000.0,0.0,61405000.0,725994000.0,787399000.0,1240305000.0,0.0,0.0,600796000.0,1859085000.0,0.7440524551,1258289000.0,0.503598824,-84211000.0,1174078000.0,0.4698954692,560730000.0,613348000.0,0.2454772564,1.84,1.83,332569565,334386885,https://www.sec.gov/Archives/edgar/data/6769/000095012907005513/0000950129-07-005513-index.html,https://www.sec.gov/Archives/edgar/data/6769/000095012907005513/h51325e10vq.htm,7.512996566598029,1.844269784578754,4.29223582139875,0.3880511435254155,0.3350336643102022,44.119473169470574,43.55041327969984,44.119473169470574,14.61548052360113,30583097197.4,35332339197.399994,12.465638266286025,12.240122723979963,21.42473149810118,236.9790723061664,2.084340391979877,2.084340391979877,14.140888514660643,19.00523063625385,24.751773033912517,273.7794969346165,0.0200551303238229,0.0042197819000153,0.3312705133051006,0.1757867134827133,2.554612618573115,0.8726295170421252,0.0,2.327336194134488,0.0016763835156747,0.083588762007865,0.0245758214419789,0.0,0.0068443297253277,0.909592305811623,0.5196574553528904,2.1611545349835883,0.0,42.787670581076526,0.0257040450131763,0.0223346973923577,-34.22262497171081,-372785000.0,14483542000.0,-10424132000.0,24271655000.0,1694104500.0,631569000.0,412388000.0,61.27874316515608,130.25404830141355,83.21302875210309,1.4686985298871993,0.6909574111027711,1.081561401497784,0.0418017182003645,3.9041846778733342,2007-10-25,1.97,bmo,2268314285.0,2025-04-25,2007-09-30,0.1015228426395939,81.94301587301587,3487224.365079365
2007-06-30,APA,USD,1841666,2007-08-09,2007-08-09 11:56:34,2007,Q2,2444031000.0,449001000.0,1995030000.0,0.8162867001,0,70798000.0,0.0,70798000.0,722122000.0,792920000.0,1241921000.0,0.0,66770000.0,591107000.0,1793217000.0,0.7337128703,1202110000.0,0.4918554634,-63856000.0,1138254000.0,0.4657281352,504716000.0,633538000.0,0.2592184796,1.91,1.89,330951832,334453968,https://www.sec.gov/Archives/edgar/data/6769/000095012907003894/0000950129-07-003894-index.html,https://www.sec.gov/Archives/edgar/data/6769/000095012907003894/h48421e10vq.htm,7.384854119798316,1.914290657257942,4.189268243724362,0.5543797684733771,0.5699983555310852,42.6200632120991,42.04822168804312,42.6200632120991,15.270131515694406,27002359972.88,31800625972.88,10.655382933967656,11.048288656273185,19.47595504828893,147.17348041880825,1.9143566163655528,1.9143566163655528,13.011547714771211,17.73384145526169,22.936793768296784,173.3259170171088,0.0234623196134077,0.0067947023958006,0.3535513316093341,0.185167116312603,2.6757865891300385,0.8100284201592473,18.003744196495433,2.1884180585852784,0.0018931678583406,0.0806897139555954,0.0289677176762487,0.0,0.0070270490444966,0.867666681572885,0.4922085685492532,2.03511885327022,0.0,42.84520683133581,0.0270103924093329,0.0236901471240035,-33.75069623424837,-595847000.0,13915936000.0,-10286084000.0,23382933000.0,1651526000.0,621843500.0,389865500.0,62.12200663575871,121.80280222093046,81.38547575617872,1.4487619585068932,0.7388992564945644,1.1058484227533347,0.0449152467872104,3.634888475250985,2007-07-26,1.9,bmo,2456931216.0,2025-04-25,2007-06-30,-0.0052631578947368,77.86396825396825,3300957.1428571427
2007-03-31,APA,USD,1841666,2007-05-10,2007-05-10 14:44:36,2007,Q1,2023067000.0,420534000.0,1602533000.0,0.7921304633,0,67862000.0,0.0,67862000.0,628185000.0,696047000.0,1116581000.0,0.0,0.0,530913000.0,1437399000.0,0.7105048918,906486000.0,0.4480751255,-91853000.0,814633000.0,0.4026722793,321684000.0,492949000.0,0.243664199,1.48,1.47,332114189,334373469,https://www.sec.gov/Archives/edgar/data/6769/000095012907002449/0000950129-07-002449-index.html,https://www.sec.gov/Archives/edgar/data/6769/000095012907002449/h46387e10vq.htm,6.091480180631487,1.484275638702085,3.2023895251280576,-0.427452378434816,0.3506866127902774,40.49166053546722,39.92182038328992,40.49166053546722,15.095831994097669,23480473162.3,28377545162.3,11.90816553147486,11.60637446130059,22.077264319421868,-165.39854160802463,1.7460385438644304,1.7460385438644304,14.026992265851796,19.742288092798173,26.6816840084095,-199.8939523840719,0.0209939977185584,-0.0060460025238304,0.3728133594539798,0.1924302271833056,3.4068981542355323,0.6602416795809455,0.0,2.157543680989311,0.0021733803934554,0.1035238939525184,0.0335441189046136,0.0,0.0072638904556251,1.1334791957944976,0.5958883220377773,2.270658281111971,0.0,36.7731922645593,0.0228908488631859,0.0190588626017343,-33.39386306677792,-1220506000.0,13258603000.0,-10234181000.0,22075253000.0,1633868500.0,640457000.0,347046500.0,71.89409446152796,136.1180071052519,79.97838462526217,1.251841346275818,0.6611909909201682,1.1253040483587409,0.036656329206405,3.6298419035628737,2007-04-26,1.6,bmo,2202013605.0,2025-04-25,2007-03-31,-0.08125,68.52639344262295,3603590.3606557376
2006-12-31,APA,USD,1841666,2007-03-01,2007-03-01 15:27:42,2006,Q4,1966678000.0,424168000.0,1542510000.0,0.7843225988,0,59690000.0,0.0,59690000.0,636260000.0,695950000.0,1120118000.0,0.0,48781000.0,514802000.0,1361362000.0,0.6922139771,846560000.0,0.4304517567,-70241000.0,776319000.0,0.3947361998,255478000.0,520841000.0,0.2648328806,1.57,1.56,332114189,334373469,https://www.sec.gov/Archives/edgar/data/6769/000095012907001091/0000950129-07-001091-index.htm,https://www.sec.gov/Archives/edgar/data/6769/000095012907001091/h43727e10vk.htm,5.921692192440474,1.5682588014931214,2.751746327827024,-0.9819243224203228,0.4231195313368559,39.71842648372967,39.148586331552366,39.71842648372967,11.65474444694683,22088914710.390003,25770315710.390003,10.602522991848762,11.231586823257292,24.170105844211697,-67.73434416621949,1.6745376362592133,1.6745376362592133,13.103474849665275,18.929803909900528,28.198364044834523,-79.02314153889321,0.023579293361797,-0.0147635592004258,0.2897361567723213,0.1572279696028188,2.704204318910033,0.6533380102696706,17.35429777987331,1.7546506515424094,0.0023033725589092,0.0976862420585168,0.0303506725554462,0.0,0.0077855289424236,1.356836788511578,0.6305073835167729,2.408702763392528,0.0,37.436577942939,0.0254708821018682,0.0215947038762883,-28.83844568290938,-1321341000.0,13001801000.0,-8626851000.0,20214163000.0,1608635000.0,636150500.0,302692000.0,75.5841881589157,136.83259934742838,67.9795269798759,1.1907252322506272,0.6577379983221919,1.323928011835723,0.0394844141707261,3.733670650247346,2007-02-01,1.6,bmo,2016410256.0,2025-04-25,2006-12-31,-0.025,66.14746031746031,3366903.222222222
2006-09-30,APA,USD,1841666,2006-11-08,2006-11-08 15:58:06,2006,Q3,2261481000.0,386599000.0,1874882000.0,0.8290505204,0,53781000.0,0.0,53781000.0,605246000.0,659027000.0,1045626000.0,0.0,0.0,487542000.0,1514731000.0,0.6697960319,1027189000.0,0.4542107583,123918000.0,1151107000.0,0.5090058241,504043000.0,647064000.0,0.2861240046,1.96,1.94,329410204,332806186,https://www.sec.gov/Archives/edgar/data/6769/000095012906009521/0000950129-06-009521-index.htm,https://www.sec.gov/Archives/edgar/data/6769/000095012906009521/h40903e10vq.htm,6.865242705110616,1.964310735195076,3.5630468812071165,0.4453990745229009,0.4885155288025018,38.35656529935545,37.78204757737256,38.35656529935545,11.075564617300076,20818724892.8,24306206892.8,8.043533905765118,9.205792528347574,17.73762796480203,141.8952207471425,1.647697063247267,1.647697063247267,10.74791558841308,16.046550108765185,20.70897508468915,165.66502561222472,0.0310808660632132,0.0070474537108053,0.288752773634979,0.1557421531913894,2.3023771217463693,0.6820499859734845,0.0,1.8138916706848165,0.0016512058340272,0.0531261204455818,0.023781318525338,0.0,0.0080787418212941,0.8749948879785704,0.4541205519745688,2.1064544182860145,0.0,41.17335050869111,0.0269879033063441,0.0278466715092991,-28.272516719002425,-1109588000.0,12445792000.0,-8410650000.0,19717353000.0,1535964000.0,622137000.0,271492500.0,62.3063116603677,146.06111241881123,66.34735216593938,1.444476451929796,0.6161804364596151,1.3564972385771128,0.051211851735538,3.117647806684216,2006-10-26,1.89,bmo,2213328813.0,2025-04-25,2006-09-30,-0.0634920634920634,66.47,3580927.0793650798
2006-06-30,APA,USD,1841666,2006-08-09,2006-08-09 10:30:50,2006,Q2,2085127000.0,338211000.0,1746916000.0,0.8377983691,0,52191000.0,0.0,52191000.0,609840000.0,662031000.0,1000242000.0,0.0,0.0,441438000.0,1526323000.0,0.7320048131,1084885000.0,0.5202968452,-75978000.0,1008907000.0,0.4838587769,285282000.0,723625000.0,0.3470412114,2.19,2.17,329773973,332813364,https://www.sec.gov/Archives/edgar/data/6769/000095012906007725/0000950129-06-007725-index.htm,https://www.sec.gov/Archives/edgar/data/6769/000095012906007725/h37926e10vq.htm,6.322897410706212,2.194305976960772,3.584345936239183,1.6705533034894782,0.1271355638487577,35.87273092652463,35.29884694690566,35.87273092652463,10.54146865616954,22507073657.25,25941449657.25,7.775807102176541,10.794102065365802,19.04113085457656,40.85472750701119,1.9025593601945512,1.9025593601945512,12.441184473295872,16.996041897586554,21.946635311338856,47.088789641135946,0.0321510033254325,0.0244769714796993,0.2938574338753529,0.1586529906525634,2.2500977840208134,0.6355495614302819,0.0,1.633475902573847,0.0015308520567666,0.0476144411815512,0.0250301300592242,0.0,0.0086371655244506,0.5339307831313069,0.302676527616783,1.42968888043168,0.0,42.08449034198367,0.0391227214144817,0.0333128426837861,-26.62672532983675,-1206027000.0,11640641000.0,-7978323000.0,18453625000.0,1476646000.0,643116500.0,242374000.0,65.01713324895798,164.1507224779797,68.65190664999069,1.3842505121746878,0.5482765999526636,1.3109614050320364,0.0611691923164478,1.9137926327497048,2006-07-27,1.99,bmo,1912142396.0,2025-04-25,2006-06-30,0.0904522613065326,66.64587301587301,3913236.65079365
2006-03-31,APA,USD,1841666,2006-05-09,2006-05-09 12:34:27,2006,Q1,1999102000.0,317718000.0,1681384000.0,0.8410696403,0,45672000.0,0.0,45672000.0,518991000.0,564663000.0,882381000.0,0.0,0.0,372577000.0,1440494000.0,0.7205705362,1067917000.0,0.5341983551,5345000.0,1073262000.0,0.5368720556,412341000.0,660921000.0,0.3306089434,2.0,1.97,329750500,334772081,https://www.sec.gov/Archives/edgar/data/6769/000095012906005166/0000950129-06-005166-index.htm,https://www.sec.gov/Archives/edgar/data/6769/000095012906005166/h34887e10vq.htm,6.062468442049368,2.004306286116321,3.1638587356198093,-0.6029861971399588,1.5284738006462462,34.1364031290324,33.562478297985905,34.1364031290324,7.116592696599398,21601955255.0,23444640255.0,8.171156331467754,10.80582944492077,20.705728502497884,-108.6426195337843,1.9190656892695563,1.9190656892695563,11.727585813530276,16.27541680492942,22.47196377496444,-117.91002718334298,0.0305954249140027,-0.0092044908737591,0.2084751773553688,0.1173402627107825,1.2792035232357788,1.1037869962128164,0.0,1.578530565680316,0.0015939760819581,0.0520985110172017,0.0228462579698284,0.0,0.009463024416645,1.1905856890357756,0.6213384809779591,3.3338585044165367,0.0,39.235770235598935,0.036492291422832,0.0333632494257528,-21.349426308678837,221650000.0,11067244000.0,-6385333000.0,17727429000.0,1445757500.0,691984500.0,218215500.0,65.14289916172362,189.61276981474137,64.23460427171266,1.3815780562140196,0.4746515758824329,1.4011139481656898,0.0587146302010856,3.766844932759768,2006-04-27,2.12,bmo,2098800000.0,2025-04-25,2006-03-31,-0.0707547169811321,69.06129032258065,3285709.7258064514
2005-12-31,APA,USD,1841666,2005-12-31,2005-12-30 19:00:00,2005,Q4,2101673000.0,298610000.0,1803063000.0,0.8579179539,0,45812000.0,0.0,45812000.0,504184000.0,549996000.0,848606000.0,0.0,28016000.0,363847000.0,1616914000.0,0.7693461352,1253067000.0,0.59622358,-39867000.0,1213200000.0,0.5772544064,424978000.0,788222000.0,0.3750450237,2.39,2.35,329750500,334772081,,,6.373524831653023,2.390358771252811,3.55473001557238,0.5840294404405755,0.6940398877333014,31.96724493215325,31.393320101106745,31.96724493215325,6.733102754961706,22594504260.0,24557872260.0,7.166288260160208,10.750723000200315,19.27572549809158,117.32285267727327,2.143444020447358,2.143444020447358,11.684915902711792,15.188112824800823,20.950705492529263,127.51771829435468,0.0348855629196265,0.0085234886228922,0.2079672978873877,0.1137531758845932,1.2142686624025767,0.988801151029652,44.7268346659052,1.4871114990446854,0.0015202369392458,0.043577824521518,0.0217978724568474,0.0,0.0098201537625242,0.8357035730190228,0.4661001021567104,2.692312977707662,0.0,41.4644021676195,0.0476499663370655,0.0413059181207704,-22.178820805427133,-24487000.0,10351963000.0,-6568504000.0,16956105000.0,1351466000.0,720622000.0,204053000.0,61.85978979603392,215.37731489233448,63.1937979304109,1.454903100976432,0.4178713066647261,1.4241903944293413,0.0747752512400136,2.9707005751318043,2006-02-02,2.37,bmo,2119408637.0,2025-04-25,2005-12-31,-0.0084388185654008,67.09952380952382,3656931.968253968
2005-09-30,APA,USD,1841666,2005-09-30,2005-09-29 20:00:00,2005,Q3,2061052000.0,303566000.0,1757486000.0,0.8527130805,0,50047000.0,0.0,50047000.0,507553000.0,557600000.0,861166000.0,0.0,0.0,357159000.0,1557045000.0,0.7554612887,1199886000.0,0.5821716289,-40374000.0,1159512000.0,0.5625826034,472517000.0,686995000.0,0.3333224974,2.08,2.05,329603365,334426829,,,6.253127907234807,2.084308210870359,4.037929042380984,1.078080619716974,0.2933343838889509,29.468300482915275,28.89411945172344,29.468300482915275,6.650596543515264,24792765115.3,26888140115.3,9.022178150969074,12.029179814628646,18.628361026286427,69.77214748535906,2.552573401496636,2.552573401496636,13.045832960691918,17.268698152782996,20.20274782033413,75.66898121315138,0.0277094949597229,0.0143323666540411,0.2256864642523601,0.1227831227265499,1.3457382413481949,0.8335907289069382,0.0,1.9372993981033344,0.0011188344612227,0.0403772953223822,0.0242822597392011,0.0,0.0106005137371964,0.733011499607413,0.4733388580200791,2.731489336681982,0.0,37.17489697068499,0.0452521451800196,0.0388927212619902,-21.23932730480467,-356659000.0,9523599000.0,-6353641000.0,15578078000.0,1198584000.0,660968000.0,192691000.0,54.950010965274046,215.4330195081136,58.83148969252156,1.6378522664331403,0.4177632574871395,1.529792981112298,0.0707305198030938,2.95984842266401,2005-10-27,2.31,bmo,2293031878.0,2025-04-25,2005-09-30,-0.1125541125541126,70.60984375,2768351.5625
2005-06-30,APA,USD,1841666,2005-06-30,2005-06-29 20:00:00,2005,Q2,1759231000.0,281608000.0,1477623000.0,0.8399255129,0,52002000.0,0.0,52002000.0,447651000.0,499653000.0,781261000.0,0.0,30553000.0,359011000.0,1354332000.0,0.7698431872,995321000.0,0.5657704986,-60359000.0,934962000.0,0.5314606211,346932000.0,588030000.0,0.3342540008,1.79,1.76,327715084,333301136,,,5.368172189474196,1.7943330310667054,3.0300985474321345,0.0691728916573153,0.2418503263035643,28.06287671518959,27.485387276223147,28.06287671518959,7.657377162413433,21170394426.4,23570021426.4,9.00055882625036,12.03389118677422,21.31943862180504,933.891853473907,2.301973552306345,2.301973552306345,13.397911602512687,17.40342945924633,23.73595951940012,1039.7468536944723,0.0277760531124877,0.0010707877965528,0.2695428150404692,0.1468483310407581,1.771815921059238,0.8703009574945842,32.576866428828595,1.688704657925616,0.0013072973248664,0.0470656259034403,0.0295595063979659,0.0,0.0112112261545515,0.9771714052944132,0.5515705441752675,2.7028141199016185,0.0,33.65959446173396,0.0407848771524256,0.0352296713598822,-20.313789553855266,-235952000.0,9007376000.0,-6100677000.0,14946618000.0,1127694500.0,581430500.0,179741500.0,58.25857434299418,190.25063208431573,59.74666912871793,1.544836979190907,0.473060189151506,1.5063601253838006,0.063939739652403,2.96092565577482,2005-07-28,1.84,bmo,1835719304.0,2025-04-25,2005-06-30,-0.0434782608695652,59.7309375,2641095.3125
2005-03-31,APA,USD,1841666,2005-03-31,2005-03-30 19:00:00,2005,Q1,1662288000.0,256951000.0,1405337000.0,0.8454232961,0,50411000.0,0.0,50411000.0,412257000.0,462668000.0,719619000.0,0.0,0.0,339413000.0,1282740000.0,0.7716713349,943327000.0,0.5674871021,-44747000.0,898580000.0,0.5405681807,338097000.0,560483000.0,0.3371756278,1.7,1.67,328860588,334768263,,,5.054689010043369,1.7043179403425504,2.542633658491178,0.1393356384803399,0.3690043879627193,26.223723105427275,25.64824520717575,26.223723105427275,7.698465831363167,20136133803.24,22546504803.24,8.981598818893703,12.11350488196991,24.081329921642915,439.4424905774519,2.334908729543739,2.334908729543739,13.563537006367126,17.576831472660086,26.9639557450381,492.04541057221417,0.0278346879036836,0.002275610623556,0.2935687583495681,0.1557305413251639,1.8790799382571683,1.01117441440914,0.0,1.4918775413348844,0.001372209793101,0.0492985514279648,0.0303262731849114,0.0,0.011641213532477,0.94520026980095,0.4754591262163957,2.328579046766034,0.0,31.71127779514713,0.0400659685260126,0.0348823387073887,-20.032937178838832,17560000.0,8434697000.0,-6044112000.0,14576265000.0,1028172000.0,554822500.0,164915000.0,60.45566111287575,198.79817552762972,60.43303976244498,1.4886943314036798,0.4527204525953581,1.4892515808203457,0.0649914557704365,2.4032980200108383,2005-04-28,1.66,bmo,1652274216.0,2025-04-25,2005-03-31,0.0060240963855421,56.97655737704918,2642534.409836065
2004-12-31,APA,USD,1841666,2004-12-31,2004-12-30 19:00:00,2004,Q4,1534903000.0,233336000.0,1301567000.0,0.8479799701,0,45878000.0,0.0,45878000.0,343381000.0,389259000.0,622595000.0,0.0,0.0,329138000.0,1241446000.0,0.8088107196,912308000.0,0.5943750191,-78325000.0,833983000.0,0.5433457359,319869000.0,512797000.0,0.3340908188,1.56,1.53,328860588,334768263,,,4.667336421596375,1.559314246558484,2.770113030388427,0.4151607245803501,0.3378118389790144,24.94802143940702,24.3725435411555,24.94802143940702,7.870782010521735,16630479935.16,19107776935.16,8.107730707843455,10.834873562146925,18.255572767335437,121.80824679674797,2.0270144517401048,2.0270144517401048,12.44884981992999,15.391548996218924,20.97494561923904,139.95295491950486,0.0308347685694776,0.0082096247692376,0.3154872232909549,0.1669661886356247,1.995493158784192,1.0513613393499526,0.0,1.776494402268344,0.0016562360261032,0.0537132627530972,0.0298898366867482,0.0,0.0122078531951016,0.8501285976326619,0.5045602230238654,2.3529674483043586,0.0,29.58531085206072,0.0395509274358114,0.0334871915967031,-19.47183011179193,65891000.0,8015169000.0,-5949277000.0,14115502000.0,861708500.0,491181000.0,147373000.0,55.10200970354479,209.08329619090068,60.66946377755684,1.6333342555781625,0.4304504551039157,1.4834480873274716,0.0625025215063927,2.354952305808077,2005-01-27,1.58,bmo,1593190455.0,2025-04-25,2004-12-31,-0.0379746835443038,51.069375,2312104.71875
2004-09-30,APA,USD,1841666,2004-09-30,2004-09-29 20:00:00,2004,Q3,1407002000.0,226666000.0,1180336000.0,0.8389014372,0,35975000.0,0.0,35975000.0,361320000.0,397295000.0,623961000.0,0.0,0.0,313520000.0,1091997000.0,0.7761161676,778477000.0,0.5532877707,-39921000.0,738556000.0,0.5249146767,308081000.0,430475000.0,0.3059519461,1.31,1.3,327522901,330042308,,,4.295888915566243,1.31433557374359,3.1188231323097617,1.2139548067815875,0.3221881574626136,23.42314682905181,22.84531853239783,23.42314682905181,8.350658813931304,16412172569.11,19041680569.11,9.5314318886753,11.66464054003477,16.06695791142512,41.27830766027496,2.139336800717502,2.139336800717502,13.533513505389474,17.437484323775614,18.64115667675328,47.891791631522295,0.0262290076580241,0.0242257993770023,0.3565131053857355,0.1870399580378883,2.4079809743067058,1.3864004025058787,0.0,2.3550923951260563,0.001278745998534,0.0487531215517742,0.0255685492984373,0.0,0.0129423297930651,0.6107651010390744,0.4434165694149689,1.9899464149017607,0.0,26.31885617470768,0.0336657643415874,0.0298247897957683,-18.89665342821325,442362000.0,7482365000.0,-5363908000.0,13368906000.0,797657000.0,427633500.0,132645000.0,50.1287773578147,174.82074947279258,54.57708699143233,1.7953759246428074,0.5148130314703103,1.6490436731100813,0.0561126813291122,1.9048683255281744,2004-10-28,1.35,bmo,1448690948.0,2025-04-25,2004-09-30,-0.0296296296296296,45.80953125,1835832.8125
2004-06-30,APA,USD,1841666,2004-06-30,2004-06-29 20:00:00,2004,Q2,1240733000.0,228251000.0,1012482000.0,0.8160353597,0,47491000.0,0.0,47491000.0,317927000.0,365418000.0,593669000.0,0.0,0.0,295737000.0,960016000.0,0.7737490661,663684000.0,0.5349128298,-109079000.0,554605000.0,0.4469978634,171079000.0,383526000.0,0.309112436,1.17,1.16,326586325,329401724,,,3.799096609449278,1.1743480073759978,1.980242130468873,0.1788317376730333,0.2984815729807425,22.27340351743142,21.693918139407703,22.27340351743142,6.712069159662457,14222834453.75,16317424453.75,9.271101863856687,11.463251524502049,21.99226010290388,243.52500605694817,1.9552467572330057,1.9552467572330057,13.15143907170197,16.997033855425325,25.23104968726806,279.38881675484555,0.0269655110763719,0.0041063544815851,0.3013490576062843,0.1654398570983394,2.1818282195296743,1.1868236847311242,0.0,1.7331925453853534,0.0014722803719675,0.054598645202672,0.0382765671582846,0.0,0.014283222632295,0.9096919841662544,0.474168092571085,1.989321593172312,0.0,24.25956220460265,0.0373915789383873,0.0293648908071459,-15.939549061033098,182265000.0,7084937000.0,-4817898000.0,12186955000.0,758043500.0,371176000.0,123261500.0,58.87404461717388,163.62736636422187,50.40648233742679,1.5286872268623872,0.5500302424941985,1.7854846405970102,0.0527242280892069,1.8014103927958405,2004-07-29,1.17,bmo,1198314777.0,2025-04-25,2004-06-30,0.0341880341880342,42.2208064516129,2252675.806451613
2004-03-31,APA,USD,1841666,2004-03-31,2004-03-30 19:00:00,2004,Q1,1149939000.0,225663000.0,924276000.0,0.8037608951,0,43850000.0,0.0,43850000.0,295743000.0,339593000.0,565256000.0,0.0,26899000.0,286228000.0,867064000.0,0.7540086909,580269000.0,0.5046085053,-37340000.0,542929000.0,0.4721372177,196604000.0,346325000.0,0.3011681489,1.06,1.05,325382075,328480952,,,3.5341190813907004,1.0643641018024732,2.004818489156172,0.5608760101489918,0.1879421292644962,21.12113582163369,20.53950574874169,21.12113582163369,6.819109503804105,14046744177.75,16177508177.75,10.13985719898217,12.215208091690082,21.533121443911995,76.96888299524929,2.043924169825298,2.043924169825298,14.0681446387591,18.657801705237446,24.799501140140297,88.64436614858164,0.0246551795645696,0.0129922633807966,0.3189431001133658,0.1714349066262256,2.4574472011293285,1.0801357153869453,21.572140228261272,1.8686963596154509,0.0014877468924864,0.0603421641521692,0.038132457460787,0.0,0.0148018373637443,0.7202360147900149,0.4085721068682774,1.6414641474628615,0.0,22.490287282545477,0.0311800937624607,0.0274938399350039,-16.179239437206245,73289000.0,6683187000.0,-4925421000.0,11794897000.0,671754500.0,313985500.0,122276500.0,55.13410711350776,130.56447002831658,47.33491976974515,1.6323833777649073,0.6893146349882244,1.9013447247358577,0.0503933174234067,1.4439424790071795,2004-04-22,1.05,bmo,1138987200.0,2025-04-25,2004-03-31,0.0095238095238095,40.85419354838709,2465861.290322581
2003-12-31,APA,USD,1841666,2003-12-31,2003-12-30 19:00:00,2003,Q4,1064793000.0,201188000.0,863605000.0,0.8110543552,0,45427000.0,0.0,45427000.0,317145000.0,362572000.0,563760000.0,0.0,26363000.0,295859000.0,796892000.0,0.7484008629,501033000.0,0.4705449792,-49298000.0,451735000.0,0.4242467785,190121000.0,261614000.0,0.2456947031,0.81,0.8,324919626,327984906,,,3.2770965949591484,0.8051652749347926,1.9290647589259504,0.4530474253346579,0.1031116538340469,20.10588920227305,19.52343131159457,20.10588920227305,7.242803486422824,13175490834.3,15468953834.3,12.590582723306092,12.373757936331286,21.020548850095167,89.50497835860438,2.016822016278476,2.016822016278476,14.52766296763784,19.41160638367558,24.679604260909937,105.08514601709192,0.0198561103559751,0.0111725628935797,0.3561974516891537,0.1874148184385371,2.878009818143488,1.0959240740244132,19.00515874521109,2.3958618422561484,0.0015836222166146,0.0797549060830078,0.0426627522908208,0.0,0.0152424355229642,0.7651465959147467,0.4504039752327448,1.6209985161850746,0.0,19.085143061175227,0.0250233126972515,0.0213966382576609,-16.33511744224401,78694000.0,6343546000.0,-4984256000.0,11528031000.0,629281500.0,292769500.0,126023500.0,54.01514660596003,134.4703461439052,56.305694176591054,1.6661993099185517,0.6692925435298971,1.5984173770726242,0.0400462405235857,1.4760173335912925,2004-01-29,0.85,bmo,1039739047.0,2025-04-25,2003-12-31,0.0235294117647059,36.57859375,2478943.78125
2003-09-30,APA,USD,1841666,2003-09-30,2003-09-29 20:00:00,2003,Q3,1104541000.0,211522000.0,893019000.0,0.8084978285,0,34692000.0,0.0,34692000.0,335029000.0,369721000.0,581243000.0,0.0,34562000.0,292885000.0,816740000.0,0.739438373,523298000.0,0.4737696473,-46633000.0,476665000.0,0.4315503001,199704000.0,276961000.0,0.2507475956,0.85,0.85,324165882,326084024,,,3.4073326692659163,0.8543804742536106,2.637365766950144,1.5752459723691712,0.1315283389385191,19.425502033554537,18.841689823483645,19.425502033554537,7.862270959162816,11238831128.94,13710312128.94,10.144777720455227,10.17511448551027,13.145692734190778,22.00926116183385,1.7847672580154152,1.7847672580154152,12.412678324245094,16.786629929892012,16.036503126450388,26.849219175389365,0.0246432210629827,0.0454354188742189,0.3992510820482811,0.2054010422347303,3.0260315400249773,1.0482754213171528,15.140848330536429,3.086875047389344,0.001566088127677,0.0635504637837096,0.0314085217298407,0.0,0.0154617078613681,0.4027199442302653,0.3117159073316427,1.1755569592160746,0.0,19.32426756441141,0.0266465250675473,0.0229828028744664,-16.57361955197987,40035000.0,6107833000.0,-5073621000.0,11352591000.0,658811500.0,278078500.0,122226000.0,50.47863320601046,121.2388782254328,53.68803245052524,1.7829325852127818,0.7423361327432697,1.67635124425424,0.0439824140852473,1.0621197945809733,2003-10-23,0.89,bmo,1079719853.0,2025-04-25,2003-09-30,0.0224719101123595,32.7815625,2994296.875
2003-06-30,APA,USD,1841666,2003-06-30,2003-06-29 20:00:00,2003,Q2,1054356000.0,201417000.0,852939000.0,0.8089668006,0,30574000.0,0.0,30574000.0,305634000.0,336208000.0,537625000.0,0.0,0.0,272356000.0,789623000.0,0.7489149775,516731000.0,0.490091582,-42157000.0,474574000.0,0.4501079332,230193000.0,244381000.0,0.2317822443,0.75,0.75,323948000,326122148,,,3.254707545655476,0.7543834195611642,2.1180065936508328,0.8456881968711027,0.1265604356254707,18.520021731882892,17.93581685949597,18.520021731882892,7.252713398446664,10538028440.0,12846531440.0,10.780327071253494,9.994753612631786,15.358781269857928,38.46571362868166,1.7564774205420297,1.7564774205420297,12.184244638433318,16.269196110042387,18.72333782231783,46.89216795213883,0.0231903910101802,0.0259971778933631,0.3916147347689583,0.1975029495121694,2.9235508590808523,1.2821345351603042,0.0,2.8075996088075588,0.0016681488477744,0.0719327607301713,0.0289977958109025,0.0,0.0159088301270129,0.6007150311022498,0.3909163508340636,1.513331815711789,0.0,17.72997292158141,0.0238577699698025,0.0208751627154957,-16.27665474088434,209589000.0,5810272000.0,-4944053000.0,11104337000.0,729728500.0,293334500.0,115965000.0,59.59121017948397,121.1885789183634,52.84797211754718,1.5102898519584882,0.7426442392779187,1.7029981737012987,0.0407333981829225,1.27231839677973,2003-07-24,0.87,bmo,1042236965.0,2025-04-25,2003-06-30,0.0114942528735632,31.12190476190476,3286003.1746031744
2003-03-31,APA,USD,1841666,2003-03-31,2003-03-30 19:00:00,2003,Q1,966609000.0,145996000.0,820613000.0,0.8489606449,0,27831000.0,0.0,27831000.0,239434000.0,267265000.0,413261000.0,0.0,0.0,214349000.0,768228000.0,0.7947660326,553348000.0,0.5724631159,-34065000.0,519283000.0,0.5372213584,206986000.0,338929000.0,0.3506371242,1.06,1.05,318404717,321437143,,,3.035787312158444,1.0644597328625631,1.6898022273960218,0.5626801062749331,0.1254943719944952,18.225546576937177,17.631170960322173,18.225546576937177,6.1034397301344,9829153613.79,11732559613.79,7.250156827676298,10.16869656064655,18.268410053862063,54.86243365589418,1.693776363286864,1.693776363286864,12.137854720771276,15.27223638527885,21.806069823284844,65.48649036498102,0.0344820127263544,0.018227408690474,0.3348837690200065,0.1787448118067577,2.4776576745445364,1.3699686386999814,0.0,1.5874740727408985,0.0017078784867547,0.0495295474863467,0.0287924072711923,0.0,0.017406833266466,0.6670142238230915,0.3712783555708668,1.6742835282646524,0.0,20.892776500805653,0.0328070091712594,0.0317259241994078,-13.823251556917103,269561000.0,5613848000.0,-4071016000.0,10101764000.0,644514500.0,264870500.0,111431000.0,70.88779434083482,194.46265651113728,70.06507027589797,1.2696120797223849,0.4628137947649887,1.2845202273487129,0.058404818114456,1.127122121121089,2003-04-24,1.01,bmo,1004890544.0,2025-04-25,2003-03-31,-0.0396039603960396,29.781147540983607,4167121.213114754
2002-12-31,APA,USD,1841666,2002-12-31,2002-12-30 19:00:00,2002,Q4,730248000.0,128556000.0,601692000.0,0.8239556972,0,25758000.0,0.0,25758000.0,231487000.0,257245000.0,385801000.0,0.0,0.0,203364000.0,558238000.0,0.7644498855,344447000.0,0.4716849618,-46289000.0,298158000.0,0.4082969074,117339000.0,180819000.0,0.2476131396,0.57,0.56,318404717,321437143,,,2.2934584854155915,0.567890456220848,1.166593898167658,0.2553259912917685,0.1629561285676556,15.465474401247642,14.87109878463264,15.465474401247642,6.780097419222593,8641504019.380001,10748433019.38,11.94772675905187,11.83365653775156,23.264308207533205,106.29548469660628,1.754876655953764,1.754876655953764,14.718880461678774,19.25421239575235,28.936497390974267,132.2119268777446,0.020924482543141,0.009407737335732,0.4384021623465765,0.2282081398533655,3.774248617972979,1.4406812780068954,0.0,2.054258678568071,0.0018306998370331,0.0874908057228499,0.0352729483682255,0.0,0.0200058119308644,0.7811354990860118,0.3973335086162509,1.4267618654235754,0.0,14.05740532784832,0.0233983105746952,0.0195045649153846,-12.667267583224906,234546000.0,4735028000.0,-3768790000.0,8889383000.0,502741500.0,227883500.0,107632000.0,65.03520721727413,150.01960235228228,76.45197423690843,1.38386581439376,0.5999216008362578,1.177209626021025,0.0367198859528702,0.9112679068758897,2003-01-30,0.61,bmo,754190557.0,2025-04-25,2002-12-31,-0.0327868852459016,26.34296875,3325575.46875
2002-09-30,APA,USD,1841666,2002-09-30,2002-09-29 20:00:00,2002,Q3,645189000.0,127165000.0,518024000.0,0.8029027153,0,25463000.0,0.0,25463000.0,224400000.0,249863000.0,377028000.0,0.0,0.0,210998000.0,479159000.0,0.7426645526,268161000.0,0.4156316986,-31465000.0,236696000.0,0.3668630432,90168000.0,146528000.0,0.2271086457,0.48,0.48,301738812,304756200,,,2.138236694588696,0.4856120398591613,1.2765477448754587,0.3442646284429594,0.8360906518051778,15.77907717088778,15.15187247439683,15.77907717088778,7.169054539791851,8542225767.719999,10537936767.72,14.574391528786308,13.23988128706472,22.17700051850544,82.23325215849361,1.7941480159708978,1.7941480159708978,16.333100483300242,21.99256774415173,27.35818924908615,101.44531823600762,0.017153374774255,0.0121605308528067,0.4543392786631829,0.2338901569938031,4.165028727416161,1.6872822040208488,0.0,2.6287398995413844,0.0018498691593605,0.1078428696221882,0.0394659549372354,0.0,0.0204625315814347,0.7303159009720029,0.4360055735606156,1.3332164285917405,0.0,13.130364491175548,0.0190560081544295,0.0161740378038109,-12.672850982126889,369208000.0,4571908000.0,-3581141000.0,8673199000.0,453815500.0,233047500.0,106067000.0,66.64967939626993,170.9048087130893,75.0631069869854,1.3503440799002084,0.5266089390795887,1.198991137092212,0.030775693318435,0.9322831164324992,2002-10-24,0.48,bmo,645189000.0,2025-04-25,2002-09-30,0.0,25.73609375,3200871.3125
2002-06-30,APA,USD,1841666,2002-08-14,2002-08-14 09:57:56,2002,Q2,645773000.0,114191000.0,531582000.0,0.8231716098,0,28015000.0,0.0,28015000.0,227067000.0,255082000.0,369273000.0,0.0,41451000.0,203733000.0,477314000.0,0.7391358883,276500000.0,0.4281690315,-35095000.0,241405000.0,0.3738233094,95095000.0,146310000.0,0.2265656817,0.46,0.45,310533613,319464286,https://www.sec.gov/Archives/edgar/data/6769/000095012902004126/0000950129-02-004126-index.html,https://www.sec.gov/Archives/edgar/data/6769/000095012902004126/h98574e10vq.txt,2.079559097520306,0.471156724666711,1.3487106788661876,0.6375928135032519,0.6999016882594284,15.140885891795552,14.51682462471462,15.140885891795552,7.234955914418192,8443408937.47,10516675937.47,14.427258795485614,13.074886899065152,20.15999459784633,42.64477174798226,1.7957998094902456,1.7957998094902456,16.2854066947209,22.03303472655317,25.110252465187912,53.11613451655101,0.0173283091087425,0.023449533413139,0.4690262399946913,0.2405911532555061,4.34361238094839,1.736959550152645,6.670526645919278,2.8625521153714715,0.0022503943775218,0.1298680883056523,0.0433821172455336,0.0,0.0211426030346233,0.527257533069099,0.3419560743481068,1.0838990247039018,0.0,12.669211878405978,0.0192762580414004,0.0163071172636766,-12.467048937468808,348094000.0,4507962000.0,-3643762000.0,8653769000.0,431780500.0,208576500.0,104034500.0,59.90518340035894,177.031815116778,83.60256062211558,1.5023741668314583,0.5083831962104214,1.0765220506438902,0.031118174196268,0.7111178653629358,2002-07-25,0.47,bmo,638710416.0,2025-04-25,2002-06-30,0.0212765957446808,26.8334375,3121245.21875
2002-03-31,APA,USD,1841666,2002-05-15,2002-05-14 18:02:31,2002,Q1,520336000.0,112577000.0,407759000.0,0.7836455675,0,25352000.0,0.0,25352000.0,225872000.0,251224000.0,363801000.0,0.0,0.0,203950000.0,367086000.0,0.7054787676,156535000.0,0.3008344608,-33824000.0,122711000.0,0.2358303096,42039000.0,80672000.0,0.155038283,0.25,0.25,288430672,291649160,https://www.sec.gov/Archives/edgar/data/6769/000095012902002518/0000950129-02-002518-index.html,https://www.sec.gov/Archives/edgar/data/6769/000095012902002518/h96753e10-q.txt,1.804024504023622,0.279692861513702,0.7116614837689661,-0.1380539722904365,0.4140891090806043,15.559915902425246,14.905522946602572,15.559915902425246,7.8977904263940415,7946265013.6,10190708013.6,24.62522626685839,15.271411191230282,38.71222572576913,-199.55963267786737,1.7705751221769728,1.7705751221769728,19.58486057778051,27.76109144342198,49.64659349426351,-255.9257644240187,0.0101521909805336,-0.0050110334769668,0.5075728221103722,0.2541145038806602,6.114215742360101,1.5648293533025053,0.0,2.544439210630702,0.0022974315566816,0.2262990876636255,0.0487223640109467,0.0,0.0210553499566336,1.1939882590797262,0.4710110390209403,1.2016866879137045,0.0,9.895450549742147,0.0121059052836413,0.0091927847943463,-13.801028761601332,261882000.0,4299210000.0,-3750838000.0,8466553000.0,445182000.0,186157500.0,102265500.0,75.01948740813629,153.92424740399906,81.54019026977092,1.199688282464044,0.584703199904434,1.1037501838325408,0.0179752167857223,0.8497154560594027,2002-04-25,0.24,bmo,488676923.0,2025-04-25,2002-03-31,0.0833333333333334,24.350166666666667,3451236.9
2001-12-31,APA,USD,1841666,2002-03-22,2002-03-22 00:00:00,2001,Q4,20529116000.0,112305000.0,20416811000.0,0.9945294771,0,22347000.0,0.0,22347000.0,234595000.0,256942000.0,369247000.0,0.0,0.0,155060000.0,20382834000.0,0.9928744131,20159869000.0,0.9820134973,-20031244000.0,128625000.0,0.0062654914,50005000.0,78620000.0,0.0038296827,0.27,0.27,289280727,289280727,https://www.sec.gov/Archives/edgar/data/6769/000095013402002442/0000950134-02-002442-index.html,https://www.sec.gov/Archives/edgar/data/6769/000095013402002442/h95124e10-k.txt,70.96606888712638,0.271777524950703,1.33174444075564,0.1257152537507277,0.4790329498860807,16.79740662432724,16.14471191508033,15.27403171936857,8.942998127905009,6870417266.25,9421829266.25,21.84691320990206,0.3346669806069584,17.83375193706392,188.91899981439212,1.5549267172126722,1.5549267172126722,0.4589495848847071,0.4622433399717625,24.45652999171962,259.0763402604009,0.0114432642084506,0.0052932738421359,0.5855034408868383,0.2895832344563077,0.1251745463854535,1.335512136860762,0.0,4.900127194098194,0.0057938256815261,0.5063088272704147,0.0010885514992462,0.0,0.0211349082615224,0.905601067364399,0.0169944482753178,2.249974203534116,0.0,9.664399467941177,1.407650593368084,0.0089904405384475,-12.244744185809516,175291000.0,4670354000.0,-3376741000.0,8377175000.0,446621500.0,234810500.0,94566000.0,2.0019088985614384,144.07212501669562,82.1712301322292,44.957090737082765,0.6246871141073991,1.09527385503628,0.0177934372498434,1.2060291870049125,2002-01-31,0.26,bmo,21318697384.0,2025-04-25,2001-12-31,-0.0384615384615384,21.07421875,4229684.84375
2001-09-30,APA,USD,1841666,2001-11-13,2001-11-13 00:00:00,2001,Q3,652424000.0,103301000.0,549123000.0,0.8416658492,0,22794000.0,0.0,22794000.0,234766000.0,257560000.0,360861000.0,0.0,0.0,217021000.0,509673000.0,0.7811990362,291563000.0,0.4468918985,-29821000.0,261742000.0,0.4011838927,104909000.0,156833000.0,0.240385087,0.53,0.51,288214286,303000000,https://www.sec.gov/Archives/edgar/data/6769/000095012901503984/0000950129-01-503984-index.html,https://www.sec.gov/Archives/edgar/data/6769/000095012901503984/h91800e10-q.txt,2.263676825513084,0.5441541506377654,1.5939529104396997,0.2080327135484186,0.2354185871272182,16.789129599217716,16.122420801861292,15.260180406185697,8.020115977179563,5228207148.04,7471868148.04,8.334035483667341,8.01351137916447,11.380511859033522,87.19782427766103,1.188714649313515,1.188714649313515,11.45247285207166,14.660121583917531,16.264406068872443,124.61836865872776,0.0299974724717621,0.0114681760500782,0.5255583986365338,0.254944255015725,4.402157854153545,1.1430965261612582,0.0,2.929230455325091,0.0009387539286464,0.0312944342070865,0.0349374026706558,0.0,0.0211934064467528,0.8694862864606008,0.6122429585668215,1.840568424253874,0.0,13.668852783569973,0.020674064078305,0.0176721602599785,-13.14738871063456,88214000.0,4646712000.0,-3523189000.0,8231480000.0,503213000.0,298693000.0,82024000.0,60.2283944183537,252.52291846158312,75.4459298554709,1.494311792123315,0.3564032941972033,1.1929072936394292,0.0356584349695625,1.385920196891281,2001-10-25,0.52,bmo,608035087.0,2025-04-25,2001-09-30,0.096153846153846,20.859322033898305,4320258.559322034
2001-06-30,APA,USD,1841666,2001-08-14,2001-08-14 00:00:00,2001,Q2,800443000.0,101420000.0,699023000.0,0.8732951628,0,23193000.0,0.0,23193000.0,229432000.0,252625000.0,354045000.0,0.0,0.0,208652000.0,655582000.0,0.8190239655,446398000.0,0.5576886799,-99096000.0,347302000.0,0.4338872349,141557000.0,205745000.0,0.2570389147,0.69,0.67,290003175,299358116,https://www.sec.gov/Archives/edgar/data/6769/000095012901502577/0000950129-01-502577-index.html,https://www.sec.gov/Archives/edgar/data/6769/000095012901502577/h89591e10-q.txt,2.7601180573281656,0.7094577499022209,1.5432037942343215,0.0553993934721576,0.4459364970745579,14.966525797519283,14.28069537514546,14.966525797519283,9.09619696405048,6371369754.75,8879972754.75,7.741828178995844,7.959804451722359,14.236616111289868,396.57473887401966,1.4679425470700451,1.4679425470700451,11.093822739095726,13.545174752738788,19.84200698662001,552.7183340439437,0.0322921142422494,0.0025215927843494,0.6077694374173452,0.294234285100497,3.826528184117319,1.0301392764508477,0.0,2.175187732387178,0.0007703210124229,0.0238547716833944,0.0289752049802421,0.0,0.0221845266571136,0.9641010515402182,0.5390365085333997,2.067883365603972,0.0,15.456637687855512,0.0321915439077558,0.0234694575942508,-13.895152182385589,24518000.0,4141447000.0,-3787045000.0,8049190000.0,561743500.0,342530500.0,75016000.0,64.06938407856649,272.9133307040032,68.7308223230132,1.404727098509883,0.3297750233300709,1.309456179311057,0.0474029684310445,1.487804400762164,2001-07-26,0.81,bmo,748053409.0,2025-04-25,2001-06-30,0.0864197530864196,25.182380952380957,5046833.746031746
2001-03-31,APA,USD,1841666,2001-05-15,2001-05-15 00:00:00,2001,Q1,795143000.0,90107000.0,705036000.0,0.8866782453,0,20376000.0,0.0,20376000.0,194325000.0,214701000.0,304808000.0,0.0,0.0,172530000.0,663367000.0,0.834273835,490335000.0,0.6166626632,-28750000.0,461585000.0,0.5805056449,179384000.0,282201000.0,0.3549059729,0.97,0.93,285958406,297928758,https://www.sec.gov/Archives/edgar/data/6769/000095012901500770/0000950129-01-500770-index.html,https://www.sec.gov/Archives/edgar/data/6769/000095012901500770/h87145e10-q.txt,2.7806246758838067,0.986860305830632,2.246987626585105,1.040581405395021,0.3736032855071937,14.102627918551203,13.413017136485228,14.102627918551203,9.611946850759828,7131802645.64,9773584645.64,6.318016808622224,8.969207608744592,11.099304555540858,23.96737042454875,1.7684647247335266,1.7684647247335266,12.291606221321196,14.733299434008623,15.21073955231151,32.84542986070176,0.0395693787422065,0.0417233923574587,0.6815713288525367,0.3103574700659214,3.982383808660967,0.9028687491431124,0.0,2.2769054680883483,0.0006828568094179,0.0172572031991382,0.0256255792983148,0.0,0.0222666501360501,0.5368993611342396,0.4338615821305098,1.999547904712224,0.0,17.695756080657688,0.0375561219941526,0.0325901300990611,-14.915296807186706,-87849000.0,3835565000.0,-4006942000.0,7809860000.0,530194500.0,318319000.0,63672000.0,62.6678974725301,377.0697060161808,72.49381291131655,1.4361420061914585,0.2386826588401082,1.2414852576467346,0.069977050485213,1.2064062211900846,2001-04-26,1.03,bmo,809458823.0,2025-04-25,2001-03-31,-0.0097087378640776,26.865645161290324,4207026.580645162
2000-12-31,APA,USD,1841666,2001-03-23,2001-03-23 00:00:00,2000,Q4,725146000.0,32684000.0,692462000.0,0.9549276973,0,26284000.0,0.0,26284000.0,218108000.0,244392000.0,277076000.0,0.0,86015000.0,158935000.0,607005000.0,0.8370797053,448070000.0,0.6179031533,-34810000.0,413260000.0,0.5698990272,168023000.0,245237000.0,0.3381898266,0.86,0.82,285958406,297928758,https://www.sec.gov/Archives/edgar/data/6769/000095012901001592/0000950129-01-001592-index.html,https://www.sec.gov/Archives/edgar/data/6769/000095012901001592/h84997e10-k.txt,2.5358443213591,0.8575967513261352,1.9872295693241484,0.829054138733729,0.1299944300291001,13.130021433956378,13.130021433956378,13.130021433956378,8.058070515332219,8673118453.98,10854203453.98,8.841568007661975,11.960513405548674,15.26245405573104,36.58385934400506,2.3099733806649905,2.3099733806649905,14.96830080284522,17.881571739903293,19.100601750908467,45.783838253632815,0.0282755275742214,0.0273344589097833,0.5908044446338397,0.2964812649108855,3.5931911598751247,1.1385622403302087,5.209207696332035,2.3172074360720445,0.0025600941711813,0.0905409868820773,0.0362464938095224,0.0,0.0,0.5828090767511637,0.4567218187785632,2.083807845974769,0.0,15.917158472811002,0.0382383019746105,0.0327771503418226,-11.4796861400885,76673000.0,3754640000.0,-3097290000.0,6889135000.0,468042500.0,242023000.0,54847000.0,62.89087990556384,713.5234365438747,150.80039162893158,1.4310501003506846,0.1261346094473603,0.5968154261923891,0.0653157160207103,1.1581754305904195,2001-02-01,0.89,bmo,701377419.0,2025-04-25,2000-12-31,0.0449438202247191,25.852222222222224,3675306.777777778
2000-09-30,APA,USD,1841666,2000-11-13,2000-11-13 00:00:00,2000,Q3,625059000.0,82531000.0,542528000.0,0.8679628643,0,18089000.0,0.0,18089000.0,154392000.0,172481000.0,255012000.0,0.0,0.0,156124000.0,526171000.0,0.8417941346,370047000.0,0.5920193134,-27659000.0,342388000.0,0.5477690906,136210000.0,206178000.0,0.3298536618,0.72,0.7,278403413,288778696,https://www.sec.gov/Archives/edgar/data/6769/000095012900005441/0000950129-00-005441-index.html,https://www.sec.gov/Archives/edgar/data/6769/000095012900005441/h81420e10-q.txt,2.2451556655305804,0.7405728176184392,1.4865981545994913,0.5756897815042231,0.0979908963975236,12.566099539878843,12.566099539878843,12.566099539878843,7.054335213914924,7127127372.8,9063797372.8,8.64195909941895,11.402327416771858,17.22052453838608,44.46839395535146,2.037227217463759,2.037227217463759,14.500706929745832,17.225953868229148,21.899895554685724,56.55188847099342,0.0289286256882202,0.0224878820900087,0.5613782694883013,0.2909153634399734,3.68068555659662,1.1790622588592252,0.0,2.0073625702063267,0.0006939682345058,0.0239889803955805,0.0289396680953318,0.0,0.0,0.6127468746526721,0.4057216998715321,1.6425721539976164,0.0,14.470228547305036,0.035279972643,0.0305406539182122,-10.329339963946492,81914000.0,3498445000.0,-2713116000.0,6246821000.0,398602500.0,203971000.0,53238000.0,61.8222919756375,245.2816517429814,59.90112806097103,1.4557855609019894,0.3669251220401376,1.502475878390679,0.0589341836158636,0.910908373095268,2000-10-26,0.44,bmo,580132884.0,2025-04-25,2000-09-30,0.75,25.101269841269843,3139068.031746032
2000-06-30,APA,USD,1841666,2000-08-14,2000-08-14 00:00:00,2000,Q2,488087000.0,69609000.0,418478000.0,0.8573840319,0,16593000.0,0.0,16593000.0,136791000.0,153384000.0,222993000.0,0.0,0.0,136791000.0,400211000.0,0.8199583271,263420000.0,0.5396988652,-26227000.0,237193000.0,0.4859645924,92961000.0,144232000.0,0.2955046949,0.53,0.51,263346923,278935667,https://www.sec.gov/Archives/edgar/data/6769/000095012900004164/0000950129-00-004164-index.html,https://www.sec.gov/Archives/edgar/data/6769/000095012900004164/e10-q.txt,1.8533992895751432,0.5476881915191392,1.158187065660152,0.1996302041470976,0.0721367836145174,10.998237484627834,10.998237484627834,10.998237484627834,8.447658984039089,6704812659.58,8910480659.58,11.621576105822564,13.736921203760804,21.98263195547614,127.5358110701514,2.3149163705171194,2.3149163705171194,18.255927036737305,22.26445714780453,29.214211765643185,169.49099633987674,0.0215117121570753,0.0078409349625725,0.7680920689197998,0.3579625020857472,5.511262808868322,1.2469522183482182,0.0,2.09860531041648,0.0019193675727259,0.0892243052859282,0.0339959884200972,0.0,0.0,0.8276356125309421,0.5171885340113546,1.8453918751964675,0.0,11.64178285108046,0.0272822849590087,0.0232078302130125,-11.383443238484316,92715000.0,2896352000.0,-2850295000.0,5792725000.0,327295000.0,162992000.0,49606000.0,67.82780528881122,236.62802223850363,66.64569236736628,1.3268894609928692,0.3803437950780259,1.3504248632289606,0.0497978146302659,0.9585568615130544,2000-07-27,0.52,bmo,445375438.0,2025-04-25,2000-06-30,0.096153846153846,23.4484126984127,2762708.0793650798
2000-03-31,APA,USD,1841666,2000-05-12,2000-05-12 00:00:00,2000,Q1,446117000.0,70427000.0,375690000.0,0.8421333417,0,14649000.0,0.0,14649000.0,133428000.0,148077000.0,218504000.0,0.0,0.0,133428000.0,361041000.0,0.8092966643,227613000.0,0.5102092052,-25986000.0,201627000.0,0.4519599119,85323000.0,116304000.0,0.2607029098,0.42,0.42,261737143,267190000,https://www.sec.gov/Archives/edgar/data/6769/000095012900002381/0000950129-00-002381-index.html,https://www.sec.gov/Archives/edgar/data/6769/000095012900002381/0000950129-00-002381.txt,1.7044466631165145,0.4443542046304066,0.9255163299463386,0.2633825646977433,0.093647388823221,10.522824420070942,10.522824420070942,10.522824420070942,7.472905746510728,5637818060.219999,7569244060.219999,12.118710577925093,12.637532441534397,23.27349534853576,81.7821788041255,2.04697894216644,2.04697894216644,16.9669482674276,20.965053997246848,31.24662139604197,109.79944094201952,0.0206292574108823,0.0122276028179082,0.7101615923817104,0.3421197625654351,5.349602953681161,1.1949786900957482,0.0,2.0828346402531297,0.002292730957603,0.1111397716329618,0.0328366773738727,0.0,0.0,0.71542094269367,0.3884743240002062,1.2988653056330006,0.0,10.257040445568885,0.024306780528911,0.0203431382838048,-10.313758754522665,63270000.0,2754214000.0,-2575131000.0,5347396000.0,273123500.0,145638500.0,46383000.0,57.84856887318797,182.70152072358613,60.913286097661405,1.555786111101424,0.4926067371719546,1.4775101749674822,0.0422276555126072,0.6621337652485952,2000-04-27,0.44,bmo,426704347.0,2025-04-25,2000-03-31,0.0454545454545455,16.783015873015874,2312781.873015873
1999-12-31,APA,USD,1841666,1999-12-31,1999-12-30 19:00:00,1999,Q4,445700000.0,114600000.0,331100000.0,0.7428763742,0,16100000.0,0.0,16100000.0,131400000.0,147500000.0,262100000.0,0.0,0.0,131400000.0,315000000.0,0.7067534216,183600000.0,0.41193628,-20800000.0,162800000.0,0.3652681176,65300000.0,97500000.0,0.2187570114,0.37,0.36,261737143,267190000,,,1.7028534616502633,0.3725111341954245,0.9505720019263756,-1.6829862011598409,0.0504322766295343,10.198884917147582,10.198884917147582,10.198884917147582,7.205320492093856,4185176916.57,6057876916.57,10.731222863,9.390120970540725,16.821450629300642,-9.500969163609534,1.567818455634861,1.567818455634861,13.591826153399149,19.23135529069841,24.3483798897508,-13.752274498456298,0.0232965062035912,-0.1052524203351995,0.706481203644078,0.3427324420726925,5.945079365079365,1.0187054631828978,0.0,2.551794871794872,0.0031062008271455,0.1333333333333333,0.036122952658739,0.0,0.0,2.770498392282958,1.5465559793583128,5.245814307458143,0.0,9.245645419890556,0.0212604656812781,0.017719080068979,-9.944102583865982,6300000.0,2669427000.0,-2490016000.0,5122200000.0,266250000.0,159104500.0,45000000.0,52.40071797172987,116.47303664921466,35.41884816753927,1.717533718689788,0.772711029000263,2.541019955654102,0.0365246923778024,2.633558203086216,2000-02-03,0.32,bmo,362131250.0,2025-04-25,1999-12-31,0.1875,16.430625,2024085.1875
1999-09-30,APA,USD,1841666,1999-11-12,1999-11-12 00:00:00,1999,Q3,385400000.0,105100000.0,280300000.0,0.7272963155,0,15200000.0,0.0,15200000.0,120300000.0,135500000.0,240600000.0,0.0,0.0,120300000.0,265100000.0,0.6878567722,144800000.0,0.3757135444,-19200000.0,125600000.0,0.3258951738,52800000.0,72800000.0,0.1888946549,0.23,0.23,292605569,292605569,https://www.sec.gov/Archives/edgar/data/6769/000095012999004924/0000950129-99-004924-index.html,https://www.sec.gov/Archives/edgar/data/6769/000095012999004924/0000950129-99-004924.txt,1.317131458970967,0.2487990924055174,0.7706620238659915,-2.367955614679364,0.0570734181754414,8.7691427363093,8.7691427363093,8.7691427363093,4.943856690574471,5471724140.3,6901624140.3,18.79026147081044,14.19751982433835,24.264852063414637,-7.897107481270124,2.132477547955883,2.132477547955883,17.907691074987028,26.034040514145605,30.605872019068737,-9.96082153152724,0.0133047642997602,-0.1266286424962226,0.5637787910674618,0.2935768645357686,5.393813655224443,1.0367775831873904,0.0,3.0975274725274726,0.0023334509694964,0.1753846153846154,0.0394395433316035,0.0,0.0,0.6572062084257206,0.3845355474831344,1.231920199501247,0.0,7.006388653527883,0.0182089435087178,0.0147742262810755,-7.237387884439069,12600000.0,2565900000.0,-2006400000.0,4544000000.0,250550000.0,141450000.0,46200000.0,63.7519460300986,145.49000951474787,38.449096098953376,1.4117216117216118,0.618599175985874,2.34075723830735,0.0283721111500837,0.5064838666826604,1999-10-28,0.25,bmo,302678571.0,2025-04-25,1999-09-30,0.1200000000000001,18.48046875,1890834.296875
1999-06-30,APA,USD,1841666,1999-08-16,1999-08-16 00:00:00,1999,Q2,281600000.0,86300000.0,195300000.0,0.6935369318,0,12100000.0,0.0,12100000.0,106500000.0,118600000.0,204900000.0,0.0,0.0,106536000.0,183200000.0,0.6505681818,76664000.0,0.2722443182,-19203000.0,57461000.0,0.2040518466,24693000.0,32768000.0,0.1163636364,0.12,0.12,243979440,244712077,https://www.sec.gov/Archives/edgar/data/6769/000095012999003728/0000950129-99-003728-index.html,https://www.sec.gov/Archives/edgar/data/6769/000095012999003728/0000950129-99-003728.txt,1.1541956158273008,0.1343063989326313,0.4849916861847047,-2.884259427761618,0.0918110148953534,10.27750535045084,10.27750535045084,10.27750535045084,6.38455437064697,4118372947.2,5653672947.2,31.42069204101562,14.62490393181818,34.80472032993036,-5.852455516839562,1.6424219131405782,1.6424219131405782,20.07696359090909,30.860660192139736,47.77967131363667,-8.034209105016341,0.0079565402211274,-0.1708684495119442,0.6212163509471585,0.3182226762002043,8.380458515283843,1.1697214076246334,0.0,3.607560975609756,0.0019988476287939,0.251220703125,0.04296875,0.0,0.0,0.4381972145223446,0.1841299715909091,0.4868638497652582,0.0,5.572928449807412,0.0094209368923057,0.0066941777323799,-8.89531921214345,46300000.0,2507500000.0,-2068400000.0,4580700000.0,192450000.0,103700000.0,44850000.0,72.9012784090909,117.84472769409038,49.53650057937428,1.2345462516440158,0.763716814159292,1.8168421052631576,0.0130679960119641,0.2125220059526327,1999-07-29,0.1,bmo,187538461.0,2025-04-25,1999-06-30,0.3,14.40936507936508,2429418.365079365
1999-03-31,APA,USD,1841666,1999-05-14,1999-05-14 00:00:00,1999,Q1,187700000.0,71000000.0,116700000.0,0.6217368141,0,10300000.0,0.0,10300000.0,89500000.0,99800000.0,170800000.0,0.0,0.0,89500000.0,106400000.0,0.5668620139,16900000.0,0.0900372936,-18200000.0,-1300000.0,-0.0069259457,900000.0,-2200000.0,-0.0117208311,-0.0173,-0.0173,263462481,263462481,https://www.sec.gov/Archives/edgar/data/6769/000095012999002240/0000950129-99-002240-index.html,https://www.sec.gov/Archives/edgar/data/6769/0000950129-99-002240.txt,0.7124354074537087,-0.0083503350900274,0.1730796727751151,-0.6873844021836263,0.072496091008875,6.815391676206071,6.815391676206071,6.815391676206071,5.871803811032964,2971856785.68,4499756785.68,-337.71099837272726,15.83301430836441,65.17229793157894,-16.41003194743236,1.6550772920917798,1.6550772920917798,23.973131516675547,42.290947233834586,98.67887687894738,-24.84680720971839,-0.000740277933513,-0.0609383335269172,0.8615504566718646,0.3781009409751925,14.359962406015038,1.053000438020149,0.0,-20.727272727272727,0.0027928667491629,-3.772727272727273,0.054874800213106,0.0,0.0,4.971491228070176,1.207778369738945,2.5329608938547485,0.0,,0.0073745552060234,-0.0005377001099841,-8.115387025448985,12100000.0,1795600000.0,-2055500000.0,3823100000.0,158300000.0,104750000.0,41550000.0,75.18380394246138,119.66197183098592,53.49295774647887,1.1970663265306123,0.7521186440677966,1.6824644549763033,-0.0012252171975941,0.8604640749587414,1999-04-29,-0.01386,bmo,243900000.0,2025-04-25,1999-03-31,0.4430014430014429,9.597377049180327,1910084.1475409835
1998-12-31,APA,USD,1841666,1998-12-31,1998-12-30 19:00:00,1998,Q4,198600000.0,80900000.0,117700000.0,0.5926485398,0,6700000.0,0.0,6700000.0,336500000.0,343200000.0,424100000.0,0.0,0.0,336500000.0,111000000.0,0.5589123867,-225500000.0,-1.135448137,-16100000.0,-241600000.0,-1.2165156093,-82400000.0,-159200000.0,-0.801611279,-0.7,-0.7,228818407,228818407,,,0.8679371673101456,-0.6957482227380423,0.3937620280697085,-0.42347991698063,0.0633690278247588,7.874366505837968,7.874366505837968,7.874366505837968,5.938333448847059,2507849740.7200003,3852149740.72,-3.9382062511306537,12.627642198992952,27.834070374250835,-25.88080227781218,1.391857997957598,1.391857997957598,19.39652437421954,34.7040517181982,42.75415916448391,-39.75386729329205,-0.0634806772571206,-0.0386386785566268,0.7541347541347542,0.3400315307424739,12.110810810810811,0.7423152387181164,0.0,-0.5659547738693468,0.0031501089844927,-0.0496231155778894,0.0337361530715005,0.0,0.0,2.0754716981132075,0.9415911379657604,0.5557206537890045,0.0,,-0.0400968912522664,-0.0398388428718,-8.913181534385911,-78800000.0,1801800000.0,-1967300000.0,3648700000.0,164400000.0,116200000.0,38250000.0,72.41691842900303,128.04697156983931,45.50061804697157,1.2428035043804757,0.7028670721112077,1.97799511002445,-0.0883560883560883,0.8172419450503385,1999-02-02,-0.38073,bmo,198600000.0,2025-04-25,1998-12-31,0.8274105008798885,10.9434375,1052523.046875
1998-09-30,APA,USD,1841666,1998-11-12,1998-11-12 00:00:00,1998,Q3,211700000.0,78300000.0,133400000.0,0.6301369863,0,13900000.0,0.0,13900000.0,95900000.0,109800000.0,188100000.0,0.0,17300000.0,95900000.0,119500000.0,0.564478035,23600000.0,0.1114785073,-16200000.0,7400000.0,0.0349551252,4200000.0,3200000.0,0.0151157298,0.013,0.013,200292736,200292736,https://www.sec.gov/Archives/edgar/data/6769/000095012998004567/0000950129-98-004567-index.html,https://www.sec.gov/Archives/edgar/data/6769/0000950129-98-004567.txt,1.056952959092835,0.0159766153476479,0.7509009213394539,0.0903677305601337,0.2960666531611011,9.79915716963395,9.79915716963395,9.79915716963395,6.630794638503515,2325398664.96,3576898664.96,181.6717707,10.984405597354748,15.46142729361702,128.47506436243094,1.1847957736587351,1.1847957736587351,16.89607305129901,29.932206401338917,23.7825709106383,197.6187107712707,0.0013761081264123,0.0077836115900201,0.6678555051714475,0.3162898438819583,10.472803347280337,1.1841774801172038,1.3641618497109826,47.0,0.0029672331475767,2.15625,0.0656589513462446,0.0,0.0,0.879654255319149,0.624940954180444,1.3795620437956204,0.0,1.8768432829311392,0.0026091438884812,0.0007721448736819,-9.874297188690855,44000000.0,1962700000.0,-1898700000.0,3862300000.0,187000000.0,128700000.0,35800000.0,71.84695323571091,134.82758620689654,40.91954022988506,1.2526627218934911,0.6675191815856778,2.199438202247191,0.0016304070922708,0.6605331907793202,1998-10-21,,bmo,,2025-04-25,1998-09-30,,11.63671875,1055100.21875
1998-06-30,APA,USD,1841666,1998-08-11,1998-08-11 00:00:00,1998,Q2,220100000.0,79000000.0,141100000.0,0.6410722399,0,10200000.0,0.0,10200000.0,98400000.0,108600000.0,187600000.0,0.0,0.0,98400000.0,130900000.0,0.5947296683,32500000.0,0.1476601545,-16100000.0,16400000.0,0.0745115856,7200000.0,9200000.0,0.0417991822,0.0354,0.0354,259901689,259901689,https://www.sec.gov/Archives/edgar/data/6769/000095012998003342/0000950129-98-003342-index.html,https://www.sec.gov/Archives/edgar/data/6769/0000950129-98-003342.txt,0.8468586750892565,0.0353980000491647,0.4813358484946206,-0.2404755438122605,0.3420524135185593,7.305454640581424,7.305454640581424,7.305454640581424,5.563642181640459,3545059037.96,4902159037.96,96.33312603152176,16.106583543661973,28.337802062030377,-56.72094460736,1.867098034423553,1.867098034423553,22.272417255611085,37.44964887669977,39.18592356482814,-78.43454460736,0.002595161293927,-0.0176301718337434,0.7615737083267499,0.3460986117759693,10.367456073338426,1.26550188420692,0.0,13.597826086956522,0.0019463709704452,0.75,0.0463425715583825,0.0,0.0,1.4996003197442047,0.8523398455247615,1.9065040650406504,0.0,2.412149639604811,0.0046453760330912,0.0022020105313547,-7.766975304265914,77500000.0,1898700000.0,-1909900000.0,3852900000.0,192850000.0,139350000.0,36950000.0,83.8255338482508,159.60759493670886,41.0126582278481,1.073658536585366,0.5638829407566024,2.1944444444444446,0.0048454205509032,0.7218113923068811,1998-07-23,0.05,bmo,281125000.0,2025-04-25,1998-06-30,-0.2,14.911111111111111,874896.1428571428
1998-03-31,APA,USD,1841666,1998-05-13,1998-05-13 00:00:00,1998,Q1,246800000.0,87800000.0,159000000.0,0.6442463533,0,10000000.0,0.0,10000000.0,99700000.0,109700000.0,197500000.0,0.0,0.0,99700000.0,148100000.0,0.6000810373,48400000.0,0.1961102107,-18200000.0,30200000.0,0.1223662885,12800000.0,17400000.0,0.0705024311,0.0779,0.0779,223412041,223412041,https://www.sec.gov/Archives/edgar/data/6769/000095012998002046/0000950129-98-002046-index.html,https://www.sec.gov/Archives/edgar/data/6769/0000950129-98-002046.txt,1.104685311030304,0.0778830000483277,0.4740120520182705,-0.3880721898959779,0.5366765348157757,8.505360729415655,8.505360729415655,8.505360729415655,6.289276055626742,3554485572.31,4839685572.309999,51.07019500445403,14.40229162200162,33.564547425023605,-40.99752678558247,1.8705849764814229,1.8705849764814229,19.609747051499188,32.678498124983115,45.70052476213409,-55.82105619734717,0.0048952231331444,-0.0243917152668747,0.7394484791074624,0.3392486358588053,8.677920324105335,1.2427320490367777,0.0,6.086206896551724,0.0018286753083585,0.3735632183908046,0.0405186385737439,0.0,0.0,1.8186968838526911,0.7803889789303079,1.9317953861584751,0.0,3.860636958748231,0.0072092481360957,0.0042010719976821,-8.80536694080871,69300000.0,1900200000.0,-1886800000.0,3802700000.0,202350000.0,158500000.0,36950000.0,65.89546191247975,142.07289293849658,38.8496583143508,1.3657996679579414,0.6334776334776335,2.316622691292876,0.0091569308493842,0.8620842419142485,1998-04-23,0.07,bmo,188222222.0,2025-04-25,1998-03-31,0.2857142857142855,14.788852459016391,1522533.4426229508
1997-12-31,APA,USD,1841666,1997-12-31,1997-12-30 19:00:00,1997,Q4,323300000.0,114700000.0,208600000.0,0.6452211568,0,11400000.0,0.0,11400000.0,102400000.0,113800000.0,228500000.0,0.0,0.0,102400000.0,197200000.0,0.6099597897,94800000.0,0.2932261058,-19400000.0,75400000.0,0.2332199196,29900000.0,45500000.0,0.1407361584,0.19,0.19,245780069,245780069,,,1.3154036505702178,0.1851248564829722,0.7490436500772567,-1.8890872717592084,0.0394661781952709,7.035558281985835,7.035558281985835,7.035558281985835,6.178694660550364,3730941447.42,5239841447.42,20.49967828252747,11.540183876956387,20.265841648126017,-8.035626636700409,2.157611292748092,2.157611292748092,16.20736606068667,26.57120409442191,28.46193073014666,-11.285465103209132,0.0121953133387992,-0.1244458018286698,0.8782095766828591,0.3669356787319383,7.651622718052739,1.013089005235602,0.0,4.046153846153846,0.0017153847333695,0.1406593406593406,0.0352613671512527,0.0,0.0,3.5219989136338947,2.00556758428704,6.33203125,0.0,5.413434781881076,0.0150070557585845,0.0109940559609529,-9.006832852667154,4500000.0,1729200000.0,-2061100000.0,3737700000.0,222400000.0,163300000.0,33100000.0,62.356944014846896,139.98256320836964,28.24760244115083,1.4433035714285714,0.6429372197309418,3.186111111111111,0.0263127457783946,2.638130921836465,1998-01-29,0.25,bmo,362096000.0,2025-04-25,1997-12-31,-0.12,16.75734375,1144825.546875
1997-09-30,APA,USD,1841666,1997-11-14,1997-11-14 00:00:00,1997,Q3,276700000.0,97500000.0,179200000.0,0.6476328153,0,8700000.0,0.0,8700000.0,100100000.0,108800000.0,206300000.0,0.0,0.0,100100000.0,170500000.0,0.6161908204,70400000.0,0.2544271774,-18900000.0,51500000.0,0.186122154,20700000.0,30800000.0,0.1113118901,0.13,0.13,230321703,237302761,https://www.sec.gov/Archives/edgar/data/6769/000000676997000008/0000006769-97-000008-index.html,https://www.sec.gov/Archives/edgar/data/6769/0000006769-97-000008.txt,1.201363121216588,0.1337259997595624,1.1193039850004929,0.0078151558301042,0.1111488829170388,7.016707409461973,7.016707409461973,7.016707409461973,5.703327054680557,4274770807.68,5562770807.68,34.697814997402595,15.449117483483915,16.58173315624515,2374.872670933333,2.6451152822721364,2.6451152822721364,20.10397834362125,32.62622174592376,21.577854180294803,3090.428226488889,0.0072050646422178,0.0004210752063633,0.812820988800198,0.3525118076427651,7.55425219941349,1.0173206079886885,0.0,8.37012987012987,0.0014737632222718,0.2045454545454545,0.0314419949403686,0.0,0.0,0.9930178432893716,0.9251897361763642,2.557442557442557,0.0,4.5947921389753,0.0122233418408691,0.0082653499355946,-8.266698166954766,4900000.0,1616100000.0,-1822500000.0,3387700000.0,211100000.0,144200000.0,23950000.0,71.81785327069028,136.8,27.87692307692308,1.2531702898550725,0.6578947368421053,3.228476821192053,0.0190582265948889,1.1114888291703886,1997-10-23,0.16,bmo,278200000.0,2025-04-25,1997-09-30,0.0,16.18453125,1391101.015625
1997-06-30,APA,USD,1841666,1997-08-14,1997-08-14 00:00:00,1997,Q2,258000000.0,96600000.0,161400000.0,0.6255813953,0,8900000.0,0.0,8900000.0,94700000.0,103600000.0,200200000.0,0.0,0.0,94800000.0,152600000.0,0.5914728682,57800000.0,0.2240310078,-14200000.0,43600000.0,0.1689922481,17900000.0,25700000.0,0.0996124031,0.11,0.11,225320007,233369050,https://www.sec.gov/Archives/edgar/data/6769/000000676997000006/0000006769-97-000006-index.html,https://www.sec.gov/Archives/edgar/data/6769/0000006769-97-000006.txt,1.1450381323661152,0.1140600000070122,0.4220663813489052,-0.3532753307610184,0.0630214786030962,7.050416965413994,7.050416965413994,7.050416965413994,6.02077027274369,3170252498.49,4512652498.49,30.8390320864786,12.287800381744187,33.33598841735016,-39.82729269459799,1.995626651447816,1.995626651447816,17.490901156937984,29.571772598230663,47.45165613554153,-56.691614302638186,0.0081066098086007,-0.0251084101464831,0.8539594611607705,0.376854269681649,8.796854521625164,0.9278005210271678,0.0,3.700389105058366,0.0019872234161161,0.245136186770428,0.0344961240310077,0.0,0.0,1.8370136698212407,0.6771317829457364,1.8428270042194093,0.0,4.253685176444372,0.0102049312544894,0.0071392855158619,-8.153292840968179,-19400000.0,1588600000.0,-1761900000.0,3272700000.0,200300000.0,153400000.0,16850000.0,70.25581395348837,130.62111801242236,16.490683229813666,1.2810327706057596,0.6890156918687589,5.457627118644068,0.0161777665869318,0.7753417121099238,1997-07-24,0.14,bmo,258100000.0,2025-04-25,1997-06-30,0.0,14.45578125,1033588.28125
1997-03-31,APA,USD,1841666,1997-05-15,1997-05-15 00:00:00,1997,Q1,322500000.0,119300000.0,203200000.0,0.6300775194,0,9100000.0,0.0,9100000.0,90600000.0,99700000.0,219000000.0,0.0,0.0,90600000.0,194100000.0,0.6018604651,103500000.0,0.3209302326,-15400000.0,88100000.0,0.2731782946,35200000.0,52900000.0,0.1640310078,0.23,0.22,227965163,240177250,https://www.sec.gov/Archives/edgar/data/6769/000000676997000003/0000006769-97-000003-index.html,https://www.sec.gov/Archives/edgar/data/6769/0000006769-97-000003.txt,1.4146898401314063,0.2320530001331826,0.8194234484854162,0.0965059735903595,0.0872940397476433,6.875173291280476,6.875173291280476,6.875173291280476,5.477591328285541,3305494863.5,4534294863.5,15.621431301984876,10.249596475968993,17.695368648286937,150.24976652272727,2.109037748676067,2.109037748676067,14.059829034108526,23.36061238279237,24.27352710653105,206.10431197727272,0.0160036551815988,0.006655584385542,0.7967204747017164,0.3574250057247538,6.330757341576507,0.860311958405546,0.0,3.5311909262759924,0.0019059173467688,0.1190926275992438,0.0282170542635658,0.0,0.0,0.8822269807280514,0.5110077519379845,1.8189845474613688,0.0,5.991377408011963,0.0193900321532818,0.0151419738951225,-7.672224900433581,-40300000.0,1567300000.0,-1678100000.0,3144600000.0,216900000.0,170750000.0,15000000.0,55.5906976744186,125.68315171835708,12.070410729253982,1.6189759036144578,0.7160864345738295,7.45625,0.0337523128947872,0.7229174748950566,1997-04-24,0.26,bmo,299464285.0,2025-04-25,1997-03-31,0.0769230769230769,15.287377049180328,959597.0327868852
1996-12-31,APA,USD,1841666,1997-03-28,1997-03-27 17:59:40,1996,Q4,305200000.0,108400000.0,196800000.0,0.6448230668,0,9900000.0,0.0,9900000.0,87100000.0,97000000.0,205400000.0,0.0,0.0,87100000.0,186900000.0,0.6123853211,99800000.0,0.3269986894,-15600000.0,84200000.0,0.2758846658,33000000.0,51200000.0,0.1677588467,0.22,0.21,227965163,240177250,https://www.sec.gov/Archives/edgar/data/6769/000095012997001291/0000950129-97-001291-index.html,https://www.sec.gov/Archives/edgar/data/6769/000095012997001291/0000950129-97-001291.txt,1.3388010518080782,0.2245957203557457,0.64351937844117,-0.2452129056227771,0.0579035841542157,6.661105495316405,6.661105495316405,6.661105495316405,5.429338341490362,3467350129.23,4691850129.23,16.93042055288086,11.360911301539971,23.63565186932515,-62.02773039767442,2.2834047607704973,2.2834047607704973,15.373034499442989,25.103531991599784,31.982618467825493,-83.93291823309481,0.0147663195500161,-0.016121821539959,0.8150806717155087,0.3605931709590956,6.55163188871054,0.8659993542137553,0.0,2.865234375,0.0018169494758808,0.123046875,0.032437745740498,0.0,0.0,1.3810497614178596,0.663826998689384,2.3260619977037886,0.0,5.801832056293908,0.0194213798918995,0.0149166763780445,-7.535142551583638,-41500000.0,1518500000.0,-1645700000.0,3058600000.0,208700000.0,164150000.0,14850000.0,69.18086500655308,145.21217712177122,11.62361623616236,1.3009377664109123,0.6197827329902802,7.742857142857143,0.0337174843595653,0.8887322840639471,1997-01-30,0.22,bmo,235836363.0,2025-04-25,1996-12-31,0.2272727272727273,15.06671875,864441.984375
1996-09-30,APA,USD,1841666,1996-11-14,1996-11-14 00:00:00,1996,Q3,242200000.0,86700000.0,155500000.0,0.642031379,0,8900000.0,0.0,8900000.0,82600000.0,91500000.0,178200000.0,0.0,13600000.0,82600000.0,146600000.0,0.6052848885,64000000.0,0.2642444261,-13300000.0,50700000.0,0.2093311313,20600000.0,30100000.0,0.1242774566,0.13,0.13,225087118,231909517,https://www.sec.gov/Archives/edgar/data/6769/000000676996000010/0000006769-96-000010-index.html,https://www.sec.gov/Archives/edgar/data/6769/0000006769-96-000010.txt,1.076027816038766,0.133726000259153,0.5762213366648552,-0.3149891501120913,0.0586439602465388,6.552129740272386,6.552129740272386,6.552129740272386,5.581838761647835,2885616852.76,4115216852.76,23.966917381727576,11.914190143517756,22.248395163916733,-40.6998145664316,1.956615712476268,1.956615712476268,16.99098617985136,28.07105629440655,31.72873440832691,-58.04255081466855,0.0104310452620244,-0.0245701365142036,0.842690534309737,0.3769144451520941,8.387448840381992,0.9128065395095368,4.705882352941177,4.308970099667774,0.0021832420315865,0.2093023255813953,0.0367464905037159,0.0,0.0,1.5466461063993833,0.8282411230388109,2.4285714285714284,0.0,4.440076274713933,0.0124275708859895,0.0091286810420647,-7.394248123964162,-22400000.0,1474800000.0,-1588000000.0,2977500000.0,187200000.0,153250000.0,14650000.0,67.92733278282411,159.23875432525952,16.297577854671278,1.324945295404814,0.5651890482398957,5.522292993630574,0.020409547057228,0.8912104867769465,1996-10-24,0.14,amc,,2025-04-25,1996-09-30,0.1428571428571427,13.31046875,976051.0
1996-06-30,APA,USD,1841666,1996-08-14,1996-08-14 00:00:00,1996,Q2,222800000.0,84300000.0,138500000.0,0.6216337522,0,8200000.0,0.0,8200000.0,77500000.0,85700000.0,170000000.0,0.0,0.0,77500000.0,130300000.0,0.5848294434,52800000.0,0.236983842,-13000000.0,39800000.0,0.1786355476,15400000.0,24400000.0,0.1095152603,0.11,0.11,213922497,221564390,https://www.sec.gov/Archives/edgar/data/6769/000000676996000008/0000006769-96-000008-index.html,https://www.sec.gov/Archives/edgar/data/6769/0000006769-96-000008.txt,1.0414986881907984,0.1140599999634447,0.6824901637156937,0.1393027868406005,0.0757283606314673,6.771611309305164,6.771611309305164,6.771611309305164,5.470672867099153,3044117132.31,4198217132.31,31.189724716290986,13.663003286849191,20.85011734458904,102.15158162114092,2.101420083052602,2.101420083052602,18.842985333527828,32.219624960168844,28.754911865136982,140.87976954060403,0.0080154602925822,0.0097893736360225,0.8078834736987436,0.3679957235394,8.857252494244053,0.9463141025641024,0.0,5.983606557377049,0.0017739133434403,0.221311475409836,0.0368043087971274,0.0,0.0,0.7958904109589041,0.5215439856373429,1.4993548387096771,0.0,4.168731782936592,0.0109948198927452,0.007672473429344,-7.3152661451965,-13400000.0,1448600000.0,-1495400000.0,2862800000.0,185450000.0,141200000.0,12750000.0,77.3967684021544,163.45195729537366,14.519572953736656,1.162839248434238,0.550620509470934,6.198529411764706,0.0168438492337429,0.5431873768750932,1996-07-25,0.13,amc,,2025-04-25,1996-06-30,0.0769230769230769,12.503015873015874,1195568.603174603
1996-03-31,APA,USD,1841666,1996-05-15,1996-05-15 00:00:00,1996,Q1,205900000.0,84900000.0,121000000.0,0.5876639145,0,8900000.0,0.0,8900000.0,73000000.0,81900000.0,166800000.0,0.0,0.0,73000000.0,112100000.0,0.5444390481,39100000.0,0.1898980087,-13600000.0,25500000.0,0.1238465274,9800000.0,15700000.0,0.0762506071,0.0787,0.0787,199588111,199588111,https://www.sec.gov/Archives/edgar/data/6769/000000676996000002/0000006769-96-000002-index.html,https://www.sec.gov/Archives/edgar/data/6769/0000006769-96-000002.txt,1.0316245740709475,0.0786620000627191,0.3412026881701385,-0.2735633887531507,0.0982022421165156,5.536902947089869,5.536902947089869,5.536902947089869,5.710259966336372,2333185017.59,3453285017.59,37.15262766863057,11.331641659009229,34.26116031703377,-42.73232632948717,2.1112885870871416,2.1112885870871416,16.77166108591549,30.805397123907223,50.70903109530102,-63.24697834413919,0.0067289991499332,-0.0234014874895766,1.031309383766175,0.4150400582665695,9.991971454058875,1.037400654511454,0.0,4.337579617834395,0.0023144328286394,0.3439490445859872,0.0432248664400194,0.0,0.0,1.801762114537445,0.5959203496843127,1.680821917808219,0.0,3.130453138022226,0.0094997566525919,0.0057174071376547,-7.419655372157914,8000000.0,1105100000.0,-1419000000.0,2462300000.0,177600000.0,133800000.0,10850000.0,78.3729966002914,137.06713780918727,12.614840989399292,1.1483547127718907,0.6566125290023201,7.1344537815126055,0.014206859107773,0.6147660769232893,1996-04-25,0.1,amc,,2025-04-25,1996-03-31,0.0,11.552539682539685,1073087.174603175
1995-12-31,APA,USD,1841666,1996-03-27,1996-03-27 00:00:00,1995,Q4,203400000.0,83700000.0,119700000.0,0.5884955752,0,8800000.0,0.0,8800000.0,75500000.0,84300000.0,168000000.0,0.0,0.0,75500000.0,110900000.0,0.5452310718,35400000.0,0.1740412979,-22100000.0,13300000.0,0.0653883972,4800000.0,8500000.0,0.0417895772,0.043,0.043,199588111,199588111,https://www.sec.gov/Archives/edgar/data/6769/000095012996000468/0000950129-96-000468-index.html,https://www.sec.gov/Archives/edgar/data/6769/0000950129-96-000468.txt,1.0190987778826164,0.0425877070403256,0.6603599750488144,-0.123754866340711,0.068140331264521,5.470265711367948,5.470265711367948,5.470265711367948,5.386593392829896,2548740177.47,3610240177.47,74.96294639617648,12.530679338593902,19.337937613581182,-103.18786143603238,2.334438704405569,2.334438704405569,17.749460066224188,32.554014224256086,27.391807112822452,-146.16356993805667,0.0033349809741836,-0.0096910623602749,0.9847041582707456,0.4009323140033563,9.571686203787197,0.90447242726878,0.0,15.505882352941176,0.0021186937953637,0.6352941176470588,0.0432645034414945,0.0,0.0,1.1874051593323216,0.7694198623402163,2.072847682119205,0.0,2.289483927622278,0.0092185071104131,0.0031698676114115,-7.211226123584084,-22000000.0,1091800000.0,-1381400000.0,2379600000.0,169500000.0,125550000.0,11000000.0,77.83185840707965,148.70967741935485,10.53763440860215,1.1563388288800456,0.6052060737527115,8.540816326530612,0.0077853086645905,0.7841148413895255,1996-01-30,0.05,amc,,2025-04-25,1995-12-31,0.7999999999999998,11.532380952380953,830060.2698412698
1995-09-30,APA,USD,1841666,1995-11-14,1995-11-14 00:00:00,1995,Q3,178100000.0,70700000.0,107400000.0,0.6030320045,0,7700000.0,0.0,7700000.0,75700000.0,83400000.0,154100000.0,0.0,0.0,75700000.0,99700000.0,0.5597978664,24000000.0,0.1347557552,-15100000.0,8900000.0,0.0499719259,1900000.0,7000000.0,0.0393037619,0.0393,0.0393,177976660,177976660,https://www.sec.gov/Archives/edgar/data/6769/000000676995000002/0000006769-95-000002-index.html,https://www.sec.gov/Archives/edgar/data/6769/0000006769-95-000002.txt,1.0006930122185684,0.0393309999187533,0.3320660135997608,-1.9997004101549043,0.0927087855227758,6.130017273051421,6.130017273051421,6.130017273051421,6.039555973238289,2021814857.6,3080214857.6,72.20767348571428,11.352132833239752,34.21006527241963,-5.680850962629952,1.8531758548120991,1.8531758548120991,17.294861637282423,30.89483307522568,52.11869471404399,-8.65472002697387,0.0034622359083409,-0.17602996568265,0.985242896425298,0.4077924048712015,10.615847542627884,0.9734299516908212,0.0,8.32394366197183,0.0024235651358386,0.7,0.043234138124649,0.0,0.0,7.021996615905246,2.330151600224593,5.482166446499339,0.0,2.329107865586672,0.0077175700128304,0.0026556394400394,-7.866059515893825,-5500000.0,1091000000.0,-1343400000.0,2362000000.0,159950000.0,106100000.0,12600000.0,82.41998877035373,143.5926449787836,15.530410183875532,1.091968117719191,0.62677304964539,5.795081967213115,0.0064161319890009,2.331766423754665,1995-10-24,0.0275,amc,,2025-04-25,1995-09-30,0.8181818181818182,11.814285714285711,907702.0793650794
1995-06-30,APA,USD,1841666,1995-08-14,1995-08-14 00:00:00,1995,Q2,202900000.0,82200000.0,120700000.0,0.5948743223,0,10400000.0,0.0,10400000.0,80000000.0,90400000.0,172600000.0,0.0,0.0,87100000.0,117400000.0,0.5786101528,30300000.0,0.1493346476,-26000000.0,4300000.0,0.0211927058,3800000.0,500000.0,0.0024642681,0.0039,0.0039,127129418,127129418,https://www.sec.gov/Archives/edgar/data/6769/000095012995000992/0000950129-95-000992-index.html,https://www.sec.gov/Archives/edgar/data/6769/0000950129-95-000992.txt,1.5960113968271294,0.0039329999921811,0.6096149987880853,0.0731537998545702,0.1360817997294693,7.00467298607471,7.00467298607471,7.00467298607471,9.55640338100187,1506483603.3,2704083603.3,753.24180165,7.42475901084278,19.438498107096773,161.98748422580644,1.691727797080292,1.691727797080292,13.327173993592904,23.03308009625213,34.89140133290323,290.7616777741936,0.0003318987335174,0.0061733164434236,1.3642897248736665,0.4755734752994598,10.201022146507666,1.1221590909090908,0.0,-55.35714285714285,0.0028543291082496,8.6,0.051256776737309,0.0,0.0,0.88,0.3361261705273534,0.78300803673938,0.0,0.7873125319642337,0.0014768845631931,0.0001957253581774,-11.977558176188614,21500000.0,890500000.0,-1466600000.0,2340600000.0,132350000.0,89250000.0,12700000.0,69.55150320354855,108.83211678832116,14.233576642335766,1.2940051020408163,0.8269617706237424,6.323076923076923,0.0005614823133071,0.5364611989335152,1995-07-20,0.05,amc,,2025-04-25,1995-06-30,0.1999999999999999,12.123650793650793,737469.5079365079
1995-03-31,APA,USD,1841666,1995-05-15,1995-05-15 00:00:00,1995,Q1,157200000.0,63600000.0,93600000.0,0.5954198473,0,9100000.0,0.0,9100000.0,63900000.0,73000000.0,136600000.0,0.0,0.0,63900000.0,84500000.0,0.5375318066,20600000.0,0.131043257,-11600000.0,9000000.0,0.0572519084,3000000.0,6000000.0,0.0381679389,0.0393,0.0393,152551423,152551423,https://www.sec.gov/Archives/edgar/data/6769/000095012995000485/0000950129-95-000485-index.html,https://www.sec.gov/Archives/edgar/data/6769/0000950129-95-000485.txt,1.0304721969063506,0.0393309998819217,0.4175641154130696,-3.819040088534605,0.0340868665643322,5.36540390055883,5.36540390055883,5.36540390055883,7.9179857928955535,1800106791.4,3002806791.4,75.00444964166667,11.451061013994911,28.259133302982733,-3.089781653621696,2.1992752491142333,2.1992752491142333,19.10182437277354,35.53617504615385,47.13982404081633,-5.154148285959492,0.0033331355832137,-0.3236474651300512,1.4757483200977397,0.4986788869622657,14.233136094674556,1.0074294205052006,0.0,10.616666666666667,0.0023887471679698,0.7166666666666667,0.0578880407124681,0.0,0.0,10.145996860282574,4.111323155216285,10.114241001564944,0.0,2.179013711300412,0.0060033805443842,0.0024770869457517,-9.907314991089924,1000000.0,818500000.0,-1468100000.0,2249800000.0,104850000.0,83400000.0,10650000.0,61.77480916030534,111.93396226415096,17.547169811320757,1.4569045412418906,0.8040455120101138,5.129032258064516,0.0073304825901038,4.236604203947675,1995-04-20,0.04,amc,,2025-04-25,1995-03-31,0.25,10.65126984126984,895176.5555555555
1994-12-31,APA,USD,1841666,1995-03-07,1995-03-07 00:00:00,1994,Q4,143500000.0,48500000.0,95000000.0,0.6620209059,0,8800000.0,0.0,8800000.0,63300000.0,72100000.0,120600000.0,0.0,0.0,63300000.0,86200000.0,0.6006968641,22900000.0,0.1595818815,-3400000.0,19500000.0,0.1358885017,6900000.0,12600000.0,0.087804878,0.083,0.083,152551423,152551423,https://www.sec.gov/Archives/edgar/data/6769/000095012995000141/0000950129-95-000141-index.html,https://www.sec.gov/Archives/edgar/data/6769/0000950129-95-000141.txt,0.9406664138426292,0.0825950997520357,0.7787537976620513,0.0124548166292752,0.0989830163695031,5.35032701727076,5.35032701727076,5.35032701727076,4.310677587058628,1650606396.86,2293106396.86,32.7501269218254,11.502483601811848,13.89399323956229,868.7402088736843,2.0223062936290126,2.0223062936290126,15.979835518188157,26.602162376566127,19.302242397811447,1206.8981036105265,0.0076335582025911,0.0011510921099145,0.8056848811565793,0.3499733901011176,7.453596287703016,0.9127198917456022,0.0,9.428571428571429,0.0026051031961223,0.3412698412698413,0.0613240418118466,0.0,0.0,0.984006734006734,0.8146341463414634,1.8467614533965244,0.0,3.153251156852801,0.0085467123415485,0.0067056945183608,-6.338190630971695,-12900000.0,816200000.0,-927900000.0,1672500000.0,99300000.0,97150000.0,8800000.0,63.846689895470384,162.7422680412371,16.515463917525775,1.4096267190569745,0.5530216647662486,5.449438202247191,0.0154373927958833,0.766298981032776,1995-02-02,0.07,amc,,2025-04-25,1994-12-31,0.4285714285714285,11.223174603174604,998716.126984127
1994-09-30,APA,USD,1841666,1994-11-14,1994-11-14 00:00:00,1994,Q3,140100000.0,47200000.0,92900000.0,0.6630977873,0,8200000.0,0.0,8200000.0,62100000.0,70300000.0,117500000.0,0.0,0.0,62100000.0,84700000.0,0.6045681656,22600000.0,0.1613133476,-6300000.0,16300000.0,0.1163454675,5700000.0,10600000.0,0.0756602427,0.0669,0.0669,158533120,158533120,https://www.sec.gov/Archives/edgar/data/6769/000000676994000009/0000006769-94-000009-index.html,https://www.sec.gov/Archives/edgar/data/6769/0000006769-94-000009.txt,0.8837270092205338,0.0668629999838519,0.6169057923038416,-0.2195124905130234,0.0826325754517415,5.093572876128345,5.093572876128345,5.093572876128345,3.488230093497182,1732767001.6,2272667001.6,40.86714626415095,12.3680728165596,17.71745400408998,-49.7921552183908,2.145841488049536,2.145841488049536,16.221748762312632,26.83195987721369,23.23790390184049,-65.30652303448275,0.0061173833471044,-0.0200834849508713,0.6848297213622291,0.322373790369593,6.374262101534828,0.7858880778588808,0.0,9.226415094339623,0.0024815800370329,0.4056603773584906,0.0585296216987865,0.0,0.0,1.3558282208588956,0.9464668094218416,2.135265700483092,0.0,2.768187163203052,0.0094739460551391,0.006179316777428,-5.158858918565407,-35200000.0,807500000.0,-778700000.0,1517600000.0,99450000.0,105000000.0,8250000.0,62.18415417558886,203.26271186440675,16.588983050847457,1.447314049586777,0.4427767354596623,5.425287356321839,0.0131269349845201,0.836418282816865,1994-10-25,0.08,amc,,2025-04-25,1994-09-30,0.0,11.13875,691560.078125
1994-06-30,APA,USD,1841666,1994-08-12,1994-08-12 00:00:00,1994,Q2,133200000.0,45000000.0,88200000.0,0.6621621622,0,9300000.0,0.0,9300000.0,59100000.0,68400000.0,113400000.0,0.0,0.0,59000000.0,78900000.0,0.5923423423,19800000.0,0.1486486486,-4500000.0,15300000.0,0.1148648649,5100000.0,10200000.0,0.0765765766,0.0669,0.0669,152550738,152550738,https://www.sec.gov/Archives/edgar/data/6769/000095012994000652/0000950129-94-000652-index.html,https://www.sec.gov/Archives/edgar/data/6769/0000950129-94-000652.txt,0.8731521180841485,0.0668630000334708,0.4103552747152229,-0.2163214706965232,0.1094717745646042,5.244156865370261,5.244156865370261,5.244156865370261,3.457865933103516,1824506826.48,2335306826.48,44.71830457058824,13.697498697297297,29.145476461341858,-55.28808565090909,2.2806335331,2.2806335331,17.53233353213213,29.598312122686945,37.30522087028754,-70.76687352969697,0.0055905518422634,-0.0180870794896758,0.659375,0.3174459890473611,6.474017743979721,0.8845905867182463,0.0,6.137254901960785,0.0023019919350496,0.4117647058823529,0.0698198198198198,0.0,0.0,1.5271565495207668,0.7177177177177178,1.6203389830508474,0.0,2.8088078191570007,0.0087579617834394,0.0061382921104892,-5.011611284371499,-17900000.0,800000000.0,-724500000.0,1471600000.0,99800000.0,102950000.0,7550000.0,68.98648648648648,206.8,15.6,1.3046033300685602,0.4352030947775628,5.769230769230769,0.01275,0.6266767454117462,1994-07-19,0.08,amc,,2025-04-25,1994-06-30,0.0,11.570645161290322,653961.2419354839
1994-03-31,APA,USD,1841666,1994-05-13,1994-05-13 00:00:00,1994,Q1,121000000.0,42200000.0,78800000.0,0.6512396694,0,8600000.0,0.0,8600000.0,52100000.0,60700000.0,102900000.0,0.0,0.0,52100000.0,70200000.0,0.5801652893,18100000.0,0.1495867769,-4800000.0,13300000.0,0.1099173554,3900000.0,9400000.0,0.0776859504,0.059,0.059,159332836,159332836,https://www.sec.gov/Archives/edgar/data/6769/000000676994000007/0000006769-94-000007-index.html,https://www.sec.gov/Archives/edgar/data/6769/0000006769-94-000007.txt,0.7594165963379953,0.0589960000460921,0.3539760002765532,-0.0771968936773334,0.1085777447656803,4.9719820464376845,4.9719820464376845,4.9719820464376845,3.146244130117662,1594921688.36,2078921688.36,42.41813000957447,13.181170978181818,28.27875333971631,-129.66842994796747,2.0132816061095684,2.0132816061095684,17.181170978181818,29.614269064957263,36.86031362340425,-169.01802344390242,0.0058937062983109,-0.0077119773903429,0.6327947488008079,0.3097312326227989,6.894586894586895,0.8050156739811912,0.0,6.0,0.0026960571364613,0.4574468085106383,0.0710743801652892,0.0,0.0,1.2180851063829787,0.5677685950413223,1.3186180422264877,0.0,2.5690190138296294,0.0087148179051757,0.0058078467717021,-4.595568737632964,-31100000.0,792200000.0,-697900000.0,1425500000.0,94650000.0,110450000.0,7250000.0,72.52066115702479,218.60189573459715,15.56872037914692,1.241025641025641,0.4117073170731707,5.780821917808219,0.0118656904822014,0.4311728939538866,1994-04-19,0.08,amc,,2025-04-25,1994-03-31,-0.1249999999999999,10.838888888888889,797456.2222222222
1993-12-31,APA,USD,1841666,1993-12-31,1993-12-30 19:00:00,1993,Q4,124400000.0,61900000.0,62500000.0,0.5024115756,0,0.0,0.0,8000000.0,33800000.0,41800000.0,103700000.0,0.0,0.0,33800000.0,54500000.0,0.4381028939,20700000.0,0.1663987138,-4200000.0,16500000.0,0.1326366559,3400000.0,13100000.0,0.1053054662,0.082,0.082,159332836,159332836,,,0.7807555750780711,0.0822178298514689,0.519039277001258,-1.252723575446809,0.1073225107221464,4.932442174066368,4.932442174066368,4.932442174066368,2.8995906405632548,1612448300.32,2057348300.32,30.77191412824427,12.961803057234729,19.497561067956465,-8.078398298196392,2.0517219752131317,2.0517219752131317,16.538169616720257,37.749510097614674,24.87724667859733,-10.307356214028056,0.0081242914872993,-0.1237869145698427,0.5878610510243033,0.2901281085154484,8.163302752293578,0.662891046386192,0.0,6.312977099236641,0.0026047346753173,0.3206106870229007,0.0,0.0,0.0,3.4135429262394195,2.2692926045016075,8.35207100591716,0.0,3.020683789631241,0.0116063174114021,0.0082265762371263,-4.499700237558064,-62500000.0,785900000.0,-683600000.0,1374000000.0,94900000.0,106450000.0,8150000.0,66.41479099678456,172.1486268174475,10.468497576736672,1.355119825708061,0.5228040540540541,8.597222222222221,0.0166687873775289,1.7717628524480666,1994-02-09,0.09,amc,,2025-04-25,1993-12-31,0.1111111111111112,10.81875,874079.015625
1993-09-30,APA,USD,1841666,1993-09-30,1993-09-29 20:00:00,1993,Q3,119900000.0,41100000.0,78800000.0,0.6572143453,0,8300000.0,0.0,8300000.0,58300000.0,66600000.0,107700000.0,0.0,0.0,58400000.0,70600000.0,0.58882402,12200000.0,0.1017514595,-4900000.0,7300000.0,0.0608840701,6200000.0,1100000.0,0.0091743119,0.0079,0.0079,139842360,139842360,,,0.8573939970692714,0.0078659999731125,0.4462167257474774,0.2467063627930764,0.0779449088244792,5.675676526054051,5.675676526054051,5.494043435765815,2.991225262502721,1792779055.2,2200179055.2,407.4497852727273,14.952285698081734,28.73043357692308,51.96461029565218,2.333436229597813,2.333436229597813,18.350117224353628,31.164009280453257,35.25927973076923,63.77330594782608,0.0006135725408044,0.019243866052502,0.5444487830274632,0.274043501048218,5.770538243626063,0.7975,0.0,56.72727272727273,0.0020638349099784,3.363636363636364,0.0692243536280233,0.0,0.0,0.4471153846153846,0.2326939115929941,0.4777397260273973,0.0,0.9860848209739862,0.0013366946588988,0.0007206498951781,-4.603397711537477,-32400000.0,793700000.0,-605100000.0,1335900000.0,89450000.0,88150000.0,7200000.0,73.56130108423686,206.93430656934305,19.927007299270077,1.223469387755102,0.4349206349206349,4.516483516483516,0.0014317323961994,0.1995103629544009,1993-10-26,0.07,amc,,2025-04-25,1993-09-30,0.1428571428571427,12.52296875,610803.75
1993-06-30,APA,USD,1841666,1993-06-30,1993-06-29 20:00:00,1993,Q2,111100000.0,35600000.0,75500000.0,0.6795679568,0,8100000.0,0.0,8100000.0,44600000.0,52700000.0,88300000.0,0.0,0.0,44600000.0,67400000.0,0.6066606661,22800000.0,0.2052205221,-5000000.0,17800000.0,0.1602160216,6300000.0,11500000.0,0.103510351,0.0865,0.0865,132904956,132904956,,,0.8359357193572224,0.0865279997534478,0.4996051464025164,0.4996051464025164,0.1053384344824582,4.691322421415196,4.691322421415196,4.691322421415196,2.8117837832924755,1596188521.56,1955888521.56,34.699750468695655,14.367133407380738,24.038983758433737,24.038983758433737,2.5600457442822773,2.5600457442822773,17.604757169756976,29.0191175305638,29.45615243313253,29.45615243313253,0.0072046627604869,0.0415990962866375,0.5993584603047314,0.29453026481715,5.336795252225519,0.7922740524781341,0.0,5.773913043478261,0.0023180219316349,0.3217391304347826,0.0729072907290729,0.0,0.0,0.0,0.0,0.0,0.0,3.022158462056559,0.0129326927819593,0.0090636822194199,-4.273542666083874,-28500000.0,623500000.0,-536600000.0,1096200000.0,82800000.0,81950000.0,6000000.0,65.53555355535553,206.79775280898875,13.398876404494382,1.373300370828183,0.4352078239608802,6.716981132075472,0.0184442662389735,0.0,1993-07-20,0.12,amc,,2025-04-25,1993-06-30,-0.1666666666666666,11.55984126984127,641545.7936507936
1993-03-31,APA,USD,1841666,1993-03-31,1993-03-30 19:00:00,1993,Q1,107800000.0,33600000.0,74200000.0,0.6883116883,0,8800000.0,0.0,8800000.0,43400000.0,52200000.0,85800000.0,0.0,6600000.0,43400000.0,65400000.0,0.6066790353,22000000.0,0.2040816327,-5600000.0,16400000.0,0.1521335807,4800000.0,11600000.0,0.107606679,0.0944,0.0944,122887865,122887865,,,0.8772224987389926,0.0943949998643071,0.1106699998409118,0.1106699998409118,0.597292499141392,5.004562492805942,5.004562492805942,5.004562492805942,3.302197495253091,1389861753.15,1715661753.15,29.95391709375,12.892966170222635,102.19571714338235,102.19571714338235,2.25993781,2.25993781,15.915229621057517,26.233360139908257,126.15159949632354,126.15159949632354,0.0083461538341562,0.009785145874528,0.6491056910569105,0.3134176022611289,4.981651376146789,1.3737942122186495,3.333333333333333,1.1724137931034482,0.0023743368666134,0.2844827586206896,0.0816326530612244,0.0,0.0,0.0,0.0,0.0,0.0,3.260234302340862,0.013525402529123,0.0091073251158043,-4.218683431435642,46500000.0,615000000.0,-487800000.0,1116500000.0,80250000.0,82100000.0,6450000.0,70.71428571428572,219.9107142857143,17.946428571428573,1.2727272727272727,0.4092570036540804,5.014925373134329,0.0188617886178861,0.0,1993-04-20,0.1,amc,,2025-04-25,1993-03-31,0.0999999999999999,9.615806451612904,702389.3064516129
1992-12-31,APA,USD,1841666,1992-12-31,1992-12-30 19:00:00,1992,Q4,119500000.0,37300000.0,82200000.0,0.6878661088,0,0.0,0.0,9300000.0,49400000.0,58700000.0,96000000.0,0.0,0.0,49400000.0,72900000.0,0.610041841,23500000.0,0.1966527197,-6600000.0,16900000.0,0.1414225941,5700000.0,11200000.0,0.0937238494,0.091,0.091,118689926,122887865,,,1.0068251285285998,0.0943635266905466,0.6302135532547218,-0.2763503281651722,0.2199007184485059,4.003709632441763,4.003709632441763,4.003709632441763,3.8377309292449975,963762199.12,1393162199.12,21.5125490875,8.064955641171547,12.884521378609625,-29.382993875609756,2.028119105892256,2.028119105892256,11.658261080502092,19.11059258052126,18.62516308983957,-42.4744572902439,0.0116211239766683,-0.0340332916459571,0.9585437710437712,0.373758923443013,5.890260631001372,0.7227157360406091,0.0,6.678571428571429,0.0034240811716969,0.2946428571428571,0.0,0.0,0.0,1.4385026737967914,0.900418410041841,2.1781376518218623,0.0,2.915577750146209,0.0146619887940514,0.0091901206203331,-5.539223269883916,-43700000.0,475200000.0,-629600000.0,1028200000.0,76200000.0,85150000.0,6200000.0,57.08786610878661,198.09651474530835,14.959785522788204,1.5765171503957784,0.4543239951278928,6.016129032258065,0.0235690235690235,0.906563881419894,1992-12-30,,amc,,2025-04-25,1992-12-31,,8.25796875,523493.046875
1992-09-30,APA,USD,1841666,1992-09-30,1992-09-29 20:00:00,1992,Q3,111200000.0,40000000.0,71200000.0,0.6402877698,0,8600000.0,0.0,8600000.0,43400000.0,52000000.0,92000000.0,0.0,0.0,43400000.0,62600000.0,0.5629496403,19200000.0,0.1726618705,-6400000.0,12800000.0,0.1151079137,4300000.0,8500000.0,0.0764388489,0.0708,0.0708,120064976,120064976,,,0.9261651790943596,0.070795000200558,0.4156082952950409,0.1449215298223188,0.1299296474269065,3.896223658096596,3.896223658096596,3.896223658096596,3.531421186474897,1110601028.0,1519001028.0,32.66473611764706,9.987419316546765,22.25653362725451,63.82764528735632,2.374093689610945,2.374093689610945,13.66008118705036,24.26519214057508,30.44090236472946,87.29890965517241,0.0076535135351954,0.0156671924132236,0.9063702436938864,0.3657694962042788,6.523961661341853,0.7397849462365591,0.0,5.870588235294117,0.0028813227426618,0.3764705882352941,0.0773381294964028,0.0,0.0,0.6513026052104208,0.2922661870503597,0.7488479262672811,0.0,2.4912338267951224,0.0124840889062958,0.0073326432022084,-5.124308690987453,-36300000.0,467800000.0,-588200000.0,988100000.0,73900000.0,91400000.0,6100000.0,61.99640287769785,198.45,13.95,1.4516971279373367,0.4535147392290249,6.451612903225806,0.0181701581872595,0.270686765472722,1993-02-02,0.13,amc,,2025-04-25,1992-09-30,-0.1538461538461538,8.2740625,664493.28125
1992-06-30,APA,USD,1841666,1992-06-30,1992-06-29 20:00:00,1992,Q2,102100000.0,36000000.0,66100000.0,0.6474045054,0,8900000.0,0.0,8900000.0,42700000.0,51600000.0,87600000.0,0.0,0.0,42700000.0,57200000.0,0.5602350637,14500000.0,0.1420176298,21500000.0,36000000.0,0.3525954946,12000000.0,24000000.0,0.2350636631,0.2,0.2,119648234,119648234,,,0.8533347846989534,0.2005880003210076,0.4705460174196971,0.1930659503089698,0.0969508668218203,3.860483222844727,3.860483222844727,3.860483222844727,3.820365622780525,821983367.58,1267483367.58,8.562326745625,8.050767557100881,14.60005981492007,35.58369556623377,1.7795699666161509,1.7795699666161509,12.414136802938296,22.15880013251748,22.51302606714032,54.86940985194805,0.0291976710802049,0.0281027584146972,0.989608140290106,0.3857058476077968,7.788461538461538,0.6387575962187712,0.0,2.336099585062241,0.0040146797735281,0.1375,0.0871694417238002,0.0,0.0,0.5896980461811723,0.3251714005876591,0.7775175644028103,0.0,4.174116520142018,0.0092957656184889,0.0202514555733693,-5.476052408763509,-53500000.0,461900000.0,-628600000.0,1004100000.0,68900000.0,86400000.0,5450000.0,62.76199804113614,236.5,15.0,1.4339887640449438,0.3805496828752642,6.0,0.0519592985494695,0.2774800671107272,1992-06-29,,amc,,2025-04-25,1992-06-30,,7.022380952380953,447278.38095238095
1992-03-31,APA,USD,1841666,1992-03-31,1992-03-30 19:00:00,1992,Q1,90300000.0,33500000.0,56800000.0,0.6290143965,0,8100000.0,0.0,8100000.0,37900000.0,46000000.0,79500000.0,0.0,0.0,37900000.0,48700000.0,0.5393133998,10800000.0,0.1196013289,-6100000.0,4700000.0,0.0520487265,700000.0,4000000.0,0.0442967885,0.0354,0.0354,113000735,113000735,,,0.7991098464979011,0.0353979998448682,0.1185832994803086,-0.1805297992088281,0.0469023497944504,3.9043993828889696,3.9043993828889696,3.9043993828889696,4.584040979910441,702864571.6999999,1215564571.6999998,43.92903573125,7.783660816168327,52.45257997761194,-34.454145671568625,1.5930747318676337,1.5930747318676337,13.4614016799557,24.96025814579055,90.71377400746267,-59.58649861274509,0.0056909967596251,-0.0290240834740881,1.1740707162284678,0.4347826086956521,10.527720739219712,0.6264682850430697,0.0,3.35,0.0046950723266907,0.825,0.0897009966777408,0.0,0.0,2.5223880597014925,0.3743078626799557,0.8918205804749341,0.0,1.7634280242954825,0.0086046520892174,0.0033573946617424,-6.128278723142818,-47700000.0,441200000.0,-670200000.0,1018500000.0,72100000.0,79050000.0,4650000.0,66.37873754152824,210.089552238806,13.164179104477611,1.3558558558558558,0.428388746803069,6.836734693877551,0.0090661831368993,0.2991130986891368,1992-03-30,,amc,,2025-04-25,1992-03-31,,5.885714285714286,541497.0476190476
1991-12-31,APA,USD,1841666,1991-12-31,1991-12-30 19:00:00,1991,Q4,116400000.0,37500000.0,78900000.0,0.6778350515,0,0.0,0.0,11300000.0,42700000.0,54000000.0,91500000.0,0.0,0.0,42700000.0,67600000.0,0.5807560137,24900000.0,0.2139175258,-6500000.0,18400000.0,0.1580756014,3600000.0,14800000.0,0.1271477663,0.13,0.13,113000735,113000735,,,1.0300817954856665,0.1309725994260125,0.3628294984098997,0.33185624854564,0.0566367997517892,3.892895032939387,3.892895032939387,3.892895032939387,4.3866971307753,776315049.45,1265615049.45,13.113429889358107,6.669373277061856,18.934513401219515,20.701734652000003,1.7647534654466923,1.7647534654466923,10.872981524484535,18.722116116124266,30.86865974268293,33.749734652,0.0190644249528402,0.0483051307926695,1.1268470106842463,0.4099065575126106,7.238165680473373,0.6218256691832532,0.0,2.77027027027027,0.0042508515097549,0.2229729729729729,0.0,0.0,0.0,0.0853658536585365,0.0300687285223367,0.081967213114754,0.0,3.3870205327876888,0.0187477870163486,0.0122384850740097,-6.217658672751111,-55100000.0,439900000.0,-678800000.0,1016300000.0,65950000.0,86400000.0,5800000.0,60.00000000000001,191.76,10.56,1.5,0.4693366708385482,8.522727272727273,0.0336440100022732,0.0309732498642597,1991-12-30,,amc,,2025-04-25,1991-12-31,,7.73578125,362532.84375
1991-09-30,APA,USD,1841666,1991-09-30,1991-09-29 20:00:00,1991,Q3,111900000.0,41100000.0,70800000.0,0.6327077748,0,19300000.0,0.0,19300000.0,39600000.0,58900000.0,100000000.0,0.0,0.0,39200000.0,51500000.0,0.4602323503,11900000.0,0.1063449508,-11300000.0,600000.0,0.0053619303,-500000.0,1100000.0,0.0098302055,0.0079,0.0079,139842360,139842360,,,0.8001867245375436,0.0078659999731125,0.4469318166541239,-3.6069185331254414,0.2038009083942805,3.061304171354088,3.061304171354088,3.061304171354088,4.068152167912498,1104754644.0,1645154644.0,251.0806009090909,9.87269565683646,17.676074304,-2.1902352180808884,2.5805994954449893,2.5805994954449893,14.702007542448614,31.94475036893204,26.322474304,-3.2616071451229183,0.0009956961991281,-0.4565719662184104,1.3288951179630928,0.4509710661910424,10.493203883495145,0.4529667149059334,0.0,56.81818181818182,0.0028060529248157,2.8181818181818183,0.1724754244861483,0.0,0.0,9.0704,5.066130473637176,14.46173469387755,0.0,0.7360739887505301,0.019451378982406,0.0008719778042013,-5.438802663227365,-113400000.0,428100000.0,-739500000.0,1009500000.0,44600000.0,84150000.0,5750000.0,43.67292225201073,203.43065693430657,15.766423357664232,2.0607734806629834,0.4424111948331539,5.708333333333333,0.0025694931090866,4.053850349779566,1991-09-29,,amc,,2025-04-25,1991-09-30,,7.24921875,358746.625
1991-06-30,APA,USD,1841666,1991-06-30,1991-06-29 20:00:00,1991,Q2,60500000.0,17000000.0,43500000.0,0.7190082645,0,6700000.0,0.0,6700000.0,25900000.0,32600000.0,49600000.0,0.0,0.0,25900000.0,36800000.0,0.6082644628,10900000.0,0.1801652893,-2500000.0,8400000.0,0.1388429752,1800000.0,6600000.0,0.1090909091,0.059,0.059,111871991,111871991,,,0.5407966682205557,0.0589960001695151,0.2922983644762342,0.2878289705239982,0.9421482451313484,3.574621282998351,3.574621282998351,3.574621282998351,1.7359126110484615,726049221.59,814849221.59,27.501864454166668,12.00081358,22.203340109785938,22.54811247173913,1.8155769482120527,1.8155769482120527,13.468582175041323,22.14264189103261,24.918936440061163,25.305876446894413,0.0090902927842088,0.0443496102502308,0.4856214053513378,0.2407040158651462,2.4130434782608696,1.422521655437921,0.0,4.954545454545454,0.0044074146832527,0.4848484848484848,0.1107438016528925,0.0,0.0,0.0152905198776758,0.0082644628099173,0.0193050193050193,0.0,2.178299348321707,0.0121221312304114,0.0081804660386712,-2.4418533858041376,43900000.0,399900000.0,-259100000.0,664500000.0,37650000.0,78450000.0,4600000.0,51.917355371900825,399.1764705882353,22.764705882352946,1.7335243553008597,0.2254641909814323,3.953488372093023,0.0165041260315078,0.0044693939522359,1991-06-29,,amc,,2025-04-25,1991-06-30,,6.4353125,456203.5
1991-03-31,APA,USD,1841666,1991-03-31,1991-03-30 19:00:00,1991,Q1,68000000.0,14800000.0,53200000.0,0.7823529412,0,5900000.0,0.0,5900000.0,28000000.0,33900000.0,48700000.0,0.0,0.0,28000000.0,47300000.0,0.6955882353,19300000.0,0.2838235294,-2600000.0,16700000.0,0.2455882353,4600000.0,12100000.0,0.1779411765,0.11,0.11,113942407,113942407,,,0.5967927288037719,0.1061940002724358,0.1790378186411315,0.1685061822504767,0.6415521834640547,3.473684736184308,3.473684736184308,3.473684736184308,1.7456187317510328,634659206.99,760459206.99,13.11279353285124,9.333223632205884,31.110745440686276,33.055167030729166,1.603484605836281,1.603484605836281,11.183223632205882,16.07736166997886,37.277412107352944,39.6072503640625,0.0190653501386778,0.0302524564183979,0.5025265285497726,0.2449507389162561,2.6596194503171247,1.0798922800718134,0.0,1.6859504132231404,0.0048845111925538,0.256198347107438,0.0867647058823529,0.0,0.0,0.0588235294117647,0.0176470588235294,0.0428571428571428,0.0,2.880954833204789,0.0198183564843102,0.0149014778325123,-2.723744461533097,8900000.0,395800000.0,-295900000.0,672000000.0,42600000.0,83800000.0,4800000.0,53.47058823529412,495.6081081081081,29.7972972972973,1.683168316831683,0.1815950920245398,3.020408163265306,0.0305709954522486,0.0105316363906547,1991-03-30,,amc,,2025-04-25,1991-03-31,,6.04360655737705,510718.37704918033
1990-12-31,APA,USD,1841666,1990-12-31,1990-12-30 19:00:00,1990,Q4,80900000.0,29300000.0,51600000.0,0.6378244747,0,0.0,0.0,6500000.0,36400000.0,42900000.0,72200000.0,0.0,0.0,36400000.0,45100000.0,0.5574783684,8700000.0,0.1075401731,7800000.0,16500000.0,0.2039555006,4800000.0,11700000.0,0.1446229913,0.1,0.1,113942407,113942407,,,0.710007820003311,0.1026834548088842,0.6705141835383555,0.6617378198794764,0.7477461837364907,3.3946974632543965,3.3946974632543965,3.3946974632543965,1.7552727317757997,721255436.3100001,836055436.3100001,15.41144094679487,8.915394762793573,9.440516182068064,9.565721966976128,1.864672792942089,1.864672792942089,10.334430609517923,18.53781455232816,10.943133983115183,11.08826838607427,0.0162217148197289,0.1045399399493643,0.5170630816959669,0.2410800385728061,2.5454545454545454,1.1278501628664497,0.0,6.52991452991453,0.0044367083267634,0.2735042735042735,0.0,0.0,0.0,0.013089005235602,0.0123609394313967,0.0274725274725274,0.0,2.800541631551499,0.008664453524004,0.0141031822565091,-2.8229173708784296,15700000.0,386800000.0,-304300000.0,679100000.0,44950000.0,76250000.0,5550000.0,49.839307787391846,264.47098976109214,14.436860068259383,1.8058035714285712,0.3403019744483159,6.23404255319149,0.030248190279214,0.0087763636588789,1990-12-30,,amc,,2025-04-25,1990-12-31,,7.04078125,365626.078125
1990-09-30,APA,USD,1841666,1990-09-30,1990-09-29 20:00:00,1990,Q3,65000000.0,14700000.0,50300000.0,0.7738461538,0,5500000.0,0.0,5500000.0,28300000.0,33800000.0,48500000.0,0.0,0.0,28300000.0,44800000.0,0.6892307692,16500000.0,0.2538461538,-2800000.0,13700000.0,0.2107692308,4200000.0,9500000.0,0.1461538462,0.0826,0.0826,115017676,115017676,,,0.5651305282850612,0.0825960002878166,0.356466948610577,0.0478187370087359,0.5034008859646929,3.292537400946964,3.292537400946964,3.292537400946964,1.7492963429377586,846530095.36,989830095.36,22.277107772631577,13.023539928615383,20.64707549658537,153.91456279272728,2.2353580548191183,2.2353580548191183,15.22815531323077,22.09442177142857,24.14219744780488,179.96910824727274,0.0112222826478011,0.0064971110066217,0.5312912595722208,0.2518778167250876,3.1986607142857144,1.1388888888888888,0.0,4.361702127659575,0.003662008021914,0.3263157894736842,0.0846153846153846,0.0,0.0,0.8658536585365854,0.5461538461538461,1.254416961130742,0.0,2.473637898443486,0.0163615127118776,0.0118928392588883,-2.827174146693765,14000000.0,378700000.0,-305300000.0,674600000.0,44250000.0,66500000.0,7100000.0,62.44615384615384,406.5306122448979,39.18367346938776,1.441241685144124,0.2213855421686747,2.296875,0.0250858199102191,0.3086482116018411,1990-09-29,,amc,,2025-04-25,1990-09-30,,7.44,412104.0158730159
1990-06-30,APA,USD,1841666,1990-06-30,1990-06-29 20:00:00,1990,Q2,58500000.0,15600000.0,42900000.0,0.7333333333,0,5200000.0,0.0,5200000.0,24800000.0,30000000.0,45600000.0,0.0,3400000.0,24800000.0,37700000.0,0.6444444444,12900000.0,0.2205128205,-2400000.0,10500000.0,0.1794871795,2800000.0,7700000.0,0.1316239316,0.0669,0.0669,115160851,115160851,,,0.5079851311623252,0.0668630001700838,0.2882924163177641,-0.0069468052124762,0.4836713129186584,3.225054319892096,3.225054319892096,3.225054319892096,1.5578210688977976,741635880.44,861935880.44,24.079087027272728,12.67753641777778,22.338430133734946,-927.04485055,1.9968655908454496,1.9968655908454496,14.733946674188036,22.86302070132626,25.96192410963856,-1077.41985055,0.0103824534425596,-0.0010786964615646,0.4738826063543349,0.2320369149637442,3.1909814323607426,1.1365503080082136,3.794117647058824,4.311688311688312,0.0041799487885629,0.4025974025974026,0.0888888888888888,0.0,0.0,1.0240963855421688,0.5811965811965812,1.3709677419354838,0.0,2.2026865799832223,0.0142770902505282,0.0101516150296638,-2.561200246774835,13300000.0,371400000.0,-276400000.0,633600000.0,44950000.0,68200000.0,8100000.0,66.76923076923077,384.2307692307692,45.0,1.347926267281106,0.2342342342342342,2.0,0.0207323640280021,0.2952392215302403,1990-06-29,,amc,,2025-04-25,1990-06-30,,6.556031746031746,310618.0634920635
1990-03-31,APA,USD,1841666,1990-03-31,1990-03-30 19:00:00,1990,Q1,69000000.0,18000000.0,51000000.0,0.7391304348,0,4300000.0,0.0,4300000.0,27300000.0,31600000.0,49600000.0,0.0,0.0,27300000.0,46700000.0,0.6768115942,19400000.0,0.2811594203,-2500000.0,16900000.0,0.2449275362,5400000.0,11500000.0,0.1666666667,0.1,0.1,112457340,112457340,,,0.613565997559608,0.102260999593268,0.345019720366852,-0.006224582583938,0.5059696414658216,3.2625705000669587,3.2625705000669587,3.2625705000669587,1.5819332024036847,790575100.2,911575100.2,17.18641522173913,11.457610147826088,20.37564691237113,-1129.3930002857144,2.154742709730172,2.154742709730172,13.211233336231883,19.5198094261242,23.494203613402064,-1302.2501431428573,0.0145463726306213,-0.000885431377516,0.4848732624693377,0.2330364160335342,2.5910064239828694,1.1228571428571428,0.0,3.373913043478261,0.0039211961004283,0.2695652173913043,0.0623188405797101,0.0,0.0,1.018041237113402,0.572463768115942,1.4468864468864469,0.0,2.739846476184021,0.0199896781222784,0.0150641865339271,-2.6723466871971184,12900000.0,366900000.0,-278600000.0,631300000.0,45950000.0,70900000.0,8900000.0,60.65217391304349,349.0,42.0,1.4838709677419355,0.2578796561604584,2.142857142857143,0.0313436903788498,0.35124430295079,1990-03-30,,amc,,2025-04-25,1990-03-31,,6.923174603174604,330161.34920634923
1989-12-31,APA,USD,1841666,1989-12-31,1989-12-30 19:00:00,1989,Q4,65700000.0,0.0,65700000.0,1.0,0,0.0,0.0,0.0,-214900000.0,-214900000.0,-214900000.0,0.0,0.0,0.0,-149200000.0,-2.2709284627,-149200000.0,-2.2709284627,149200000.0,0.0,0.0,-7100000.0,0.0,0.0,0.0,0.0,111741444,112457340,,,0.5879644798576256,0.0,,,0.6729821748142077,3.134915636135864,3.134915636135864,3.134915636135864,1.772842670620938,888344479.8000001,1011244479.8,0.0,13.52122495890411,0.0,0.0,2.535953410790751,2.535953410790751,15.391849007610352,-6.777778014745309,0.0,0.0,0.0,,0.5655152726234656,0.2591575091575092,-0.8237265415549598,1.227777777777778,0.0,0.0,0.0038117018867924,0.0,0.0,0.0,0.0,0.0,,0.0,,0.0,,0.0,-2.686111699075591,24600000.0,350300000.0,-281500000.0,628200000.0,,,,62.19178082191781,0.0,0.0,1.447136563876652,0.0,0.0,0.0,,1989-12-30,,amc,,2025-04-25,1989-12-31,,,
1989-09-30,APA,USD,1841666,1989-09-30,1989-09-29 20:00:00,1989,Q3,60500000.0,0.0,60500000.0,1.0,0,0.0,0.0,0.0,0.0,0.0,0.0,0.0,0.0,0.0,60500000.0,1.0,60500000.0,1.0,-60500000.0,0.0,0.0,-5100000.0,0.0,0.0,0.059,0.059,99626311,99626311,,,0.60726929856913,0.0,,,,,,,,641593442.84,,0.0,10.604850294876034,0.0,0.0,0.0,0.0,,,0.0,0.0,0.0,,0.0,0.0,,0.0,0.0,0.0,0.0047054394409937,0.0,0.0,0.0,0.0,0.0,,0.0,,,0.0,0.0,,,,,,,,,,0.0,0.0,0.0,0.0,0.0,0.0,,1989-09-29,,amc,,2025-04-25,1989-09-30,,,
1989-06-30,APA,USD,1841666,1989-06-30,1989-06-29 20:00:00,1989,Q2,58800000.0,0.0,58800000.0,1.0,0,0.0,0.0,0.0,0.0,0.0,0.0,0.0,0.0,0.0,58800000.0,1.0,58800000.0,1.0,-58800000.0,0.0,0.0,-4500000.0,0.0,0.0,0.0551,0.0551,83842313,83842313,,,0.7013165297574746,0.0,,,,,,,,435141604.47,,0.0,7.400367422959184,0.0,0.0,0.0,0.0,,,0.0,0.0,0.0,,0.0,0.0,,0.0,0.0,0.0,0.0058387341040462,0.0,0.0,0.0,0.0,0.0,,0.0,,,0.0,0.0,,,,,,,,,,0.0,0.0,0.0,0.0,0.0,0.0,,1989-06-29,,amc,,2025-04-25,1989-06-30,,,
1989-03-31,APA,USD,1841666,1989-03-31,1989-03-30 19:00:00,1989,Q1,60400000.0,0.0,60400000.0,1.0,0,0.0,0.0,0.0,0.0,0.0,0.0,0.0,0.0,0.0,60400000.0,1.0,60400000.0,1.0,-60400000.0,0.0,0.0,-5400000.0,0.0,0.0,0.0629,0.0629,83844857,83844857,,,0.720378114545535,0.0,,,,,,,,321964250.88,,0.0,5.330533954966888,0.0,0.0,0.0,0.0,,,0.0,0.0,0.0,,0.0,0.0,,0.0,0.0,0.0,0.0078914140625,0.0,0.0,0.0,0.0,0.0,,0.0,,,0.0,0.0,,,,,,,,,,0.0,0.0,0.0,0.0,0.0,0.0,,1989-03-30,,amc,,2025-04-25,1989-03-31,,,
1988-12-31,APA,USD,1841666,1988-12-31,1988-12-30 19:00:00,1988,Q4,54000000.0,0.0,54000000.0,1.0,0,0.0,0.0,0.0,-120100000.0,-120100000.0,-120100000.0,0.0,0.0,0.0,-66100000.0,-1.2240740741,-66100000.0,-1.2240740741,66100000.0,0.0,0.0,-2100000.0,0.0,0.0,0.0,0.0,83799091,83844857,,,0.6443983980685423,0.0,,,0.4164722980109653,2.469000528895952,2.469000528895952,2.469000528895952,3.81865717373951,285754900.31,570854900.31,0.0,5.291757413148148,0.0,0.0,1.3811256660705655,1.3811256660705655,10.571387042777776,-8.636231472163388,0.0,0.0,0.0,,1.5466408893185113,0.4560353427390622,-4.3131618759455375,1.1120162932790223,0.0,0.0,0.0088865190615835,0.0,0.0,0.0,0.0,0.0,,0.0,,0.0,,0.0,-4.859539586175225,11000000.0,206900000.0,-385600000.0,581900000.0,,,,106.83333333333331,0.0,0.0,0.8424336973478939,0.0,0.0,0.0,,1988-12-30,,amc,,2025-04-25,1988-12-31,,,
1988-09-30,APA,USD,1841666,1988-09-30,1988-09-29 20:00:00,1988,Q3,28900000.0,0.0,28900000.0,1.0,0,0.0,0.0,0.0,0.0,0.0,0.0,0.0,0.0,0.0,28900000.0,1.0,28900000.0,1.0,-28900000.0,0.0,0.0,-1200000.0,0.0,0.0,0.0787,0.0787,53403201,53403201,,,0.5411660623115082,0.0,,,,,,,,153267186.87,,0.0,5.303362867474049,0.0,0.0,0.0,0.0,,,0.0,0.0,0.0,,0.0,0.0,,0.0,0.0,0.0,0.0105585470383275,0.0,0.0,0.0,0.0,0.0,,0.0,,,0.0,0.0,,,,,,,,,,0.0,0.0,0.0,0.0,0.0,0.0,,1988-09-29,,amc,,2025-04-25,1988-09-30,,,
1988-06-30,APA,USD,1841666,1988-06-30,1988-06-29 20:00:00,1988,Q2,28800000.0,0.0,28800000.0,1.0,0,0.0,0.0,0.0,0.0,0.0,0.0,0.0,0.0,0.0,28800000.0,1.0,28800000.0,1.0,-28800000.0,0.0,0.0,-600000.0,0.0,0.0,0.0079,0.0079,53497274,53497274,,,0.538345187457589,0.0,,,,,,,,173866140.5,,0.0,6.037018767361111,0.0,0.0,0.0,0.0,,,0.0,0.0,0.0,,0.0,0.0,,0.0,0.0,0.0,0.0093240092307692,0.0,0.0,0.0,0.0,0.0,,0.0,,,0.0,0.0,,,,,,,,,,0.0,0.0,0.0,0.0,0.0,0.0,,1988-06-29,,amc,,2025-04-25,1988-06-30,,,
1988-03-31,APA,USD,1841666,1988-03-31,1988-03-30 19:00:00,1988,Q1,29800000.0,0.0,29800000.0,1.0,0,0.0,0.0,0.0,0.0,0.0,0.0,0.0,0.0,0.0,29800000.0,1.0,29800000.0,1.0,-29800000.0,0.0,0.0,-1500000.0,0.0,0.0,0.0275,0.0275,53265904,53265904,,,0.5594573218920681,0.0,,,,,,,,184300027.84,,0.0,6.18456469261745,0.0,0.0,0.0,0.0,,,0.0,0.0,0.0,,0.0,0.0,,0.0,0.0,0.0,0.0087581011560693,0.0,0.0,0.0,0.0,0.0,,0.0,,,0.0,0.0,,,,,,,,,,0.0,0.0,0.0,0.0,0.0,0.0,,1988-03-30,,amc,,2025-04-25,1988-03-31,,,
1987-12-31,APA,USD,1841666,1987-12-31,1987-12-30 19:00:00,1987,Q4,22600000.0,0.0,22600000.0,1.0,0,0.0,0.0,0.0,-229000000.0,-229000000.0,-229000000.0,0.0,0.0,0.0,-206400000.0,-9.1327433628,-206400000.0,-9.1327433628,0.0,0.0,0.0,80500000.0,0.0,0.0,0.0,0.0,51005600,53265904,,,0.4430886020358549,0.0,,,1.044983295951817,2.466395846730555,2.466395846730555,2.466395846730555,4.681838856909829,165768200.0,351268200.0,0.0,7.33487610619469,0.0,0.0,1.3177122416534182,1.3177122416534182,15.542840707964602,-1.7018808139534884,0.0,0.0,0.0,,1.8982511923688392,0.4735276621058893,-0.8987403100775194,1.2617309697601669,0.0,0.0,0.0093240092307692,0.0,0.0,0.0,0.0,0.0,,0.0,,0.0,,0.0,-5.463615759838135,25100000.0,125800000.0,-257500000.0,388400000.0,,,,222.61061946902657,0.0,0.0,0.404293381037567,0.0,0.0,0.0,,1987-12-30,,amc,,2025-04-25,1987-12-31,,,
1987-09-30,APA,USD,1841666,1987-09-30,1987-09-29 20:00:00,1987,Q3,25300000.0,0.0,25300000.0,1.0,0,0.0,0.0,0.0,0.0,0.0,0.0,0.0,0.0,0.0,25300000.0,1.0,25300000.0,1.0,-25300000.0,0.0,0.0,600000.0,0.0,0.0,0.0,0.0,51725134,51725134,,,0.489123914111078,0.0,,,,,,,,237935616.4,,0.0,9.404569818181818,0.0,0.0,0.0,0.0,,,0.0,0.0,0.0,,0.0,0.0,,0.0,0.0,0.0,0.0092226152173913,0.0,0.0,0.0,0.0,0.0,,0.0,,,0.0,0.0,,,,,,,,,,0.0,0.0,0.0,0.0,0.0,0.0,,1987-12-30,,amc,,2025-04-25,1987-09-30,,,
1987-06-30,APA,USD,1841666,1987-06-30,1987-06-29 20:00:00,1987,Q2,27500000.0,0.0,27500000.0,1.0,0,0.0,0.0,0.0,0.0,0.0,0.0,0.0,0.0,0.0,27500000.0,1.0,27500000.0,1.0,-27500000.0,0.0,0.0,-500000.0,0.0,0.0,0.0157,0.0157,51692081,51692081,,,0.5319963806448419,0.0,,,,,,,,240368176.65,,0.0,8.740660969090909,0.0,0.0,0.0,0.0,,,0.0,0.0,0.0,,0.0,0.0,,0.0,0.0,0.0,0.0065167806451612,0.0,0.0,0.0,0.0,0.0,,0.0,,,0.0,0.0,,,,,,,,,,0.0,0.0,0.0,0.0,0.0,0.0,,1987-06-29,,amc,,2025-04-25,1987-06-30,,,
1987-03-31,APA,USD,1841666,1987-03-31,1987-03-30 19:00:00,1987,Q1,25000000.0,0.0,25000000.0,1.0,0,0.0,0.0,0.0,0.0,0.0,0.0,0.0,0.0,0.0,25000000.0,1.0,25000000.0,1.0,-25000000.0,0.0,0.0,900000.0,0.0,0.0,-0.0039,-0.0039,51692081,51692081,,,0.4836330733134926,0.0,,,,,,,,265697296.34,,0.0,10.6278918536,0.0,0.0,0.0,0.0,,,0.0,0.0,0.0,,0.0,0.0,,0.0,0.0,0.0,0.0058955252918287,0.0,0.0,0.0,0.0,0.0,,0.0,,,0.0,0.0,,,,,,,,,,0.0,0.0,0.0,0.0,0.0,0.0,,1987-03-30,,amc,,2025-04-25,1987-03-31,,,
1986-12-31,APA,USD,1841666,1986-12-31,1986-12-30 19:00:00,1986,Q4,73100000.0,0.0,73100000.0,1.0,0,0.0,0.0,0.0,-176800000.0,-176800000.0,-176800000.0,0.0,0.0,0.0,-103700000.0,-1.4186046512,-103700000.0,-1.4186046512,103700000.0,0.0,0.0,16000000.0,0.0,0.0,0.0,0.0,51659028,51692081,,,1.41504791766504,0.0,,,0.3426313015413298,4.014787115235695,4.014787115235695,4.014787115235695,5.743429783463986,201470209.2,480470209.2,0.0,2.756090413132694,0.0,0.0,0.9714089161041466,0.9714089161041466,6.572779879616963,-4.63327106268081,0.0,0.0,0.0,,1.4305689488910318,0.4070517217725339,-2.690453230472517,1.2323796231681787,0.0,0.0,0.0077700076923076,0.0,0.0,0.0,0.0,0.0,,0.0,,0.0,,0.0,-7.931333899662223,33300000.0,207400000.0,-344900000.0,564900000.0,,,,92.21614227086182,0.0,0.0,0.9759679572763684,0.0,0.0,0.0,,1986-12-30,,amc,,2025-04-25,1986-12-31,,,
1986-09-30,APA,USD,1841666,1986-09-30,1986-09-29 20:00:00,1986,Q3,44500000.0,0.0,44500000.0,1.0,0,0.0,0.0,0.0,0.0,0.0,0.0,0.0,0.0,0.0,44500000.0,1.0,44500000.0,1.0,-44500000.0,0.0,0.0,-1800000.0,0.0,0.0,0.0315,0.0315,51961589,51961589,,,0.8564018317453687,0.0,,,,,,,,196934422.31,,0.0,4.425492636179776,0.0,0.0,0.0,0.0,,,0.0,0.0,0.0,,0.0,0.0,,0.0,0.0,0.0,0.0079955145118733,0.0,0.0,0.0,0.0,0.0,,0.0,,,0.0,0.0,,,,,,,,,,0.0,0.0,0.0,0.0,0.0,0.0,,1986-09-29,,amc,,2025-04-25,1986-09-30,,,
1986-06-30,APA,USD,1841666,1986-06-30,1986-06-29 20:00:00,1986,Q2,21500000.0,0.0,21500000.0,1.0,0,0.0,0.0,0.0,0.0,0.0,0.0,0.0,0.0,0.0,21500000.0,1.0,21500000.0,1.0,-21500000.0,0.0,0.0,-1400000.0,0.0,0.0,0.0275,0.0275,51961589,51961589,,,0.4137671771354028,0.0,,,,,,,,191218647.52,,0.0,8.893890582325582,0.0,0.0,0.0,0.0,,,0.0,0.0,0.0,,0.0,0.0,,0.0,0.0,0.0,0.0082345108695652,0.0,0.0,0.0,0.0,0.0,,0.0,,,0.0,0.0,,,,,,,,,,0.0,0.0,0.0,0.0,0.0,0.0,,1986-06-29,,amc,,2025-04-25,1986-06-30,,,
1986-03-31,APA,USD,1841666,1986-03-31,1986-03-30 19:00:00,1986,Q1,32600000.0,0.0,32600000.0,1.0,0,0.0,0.0,0.0,0.0,0.0,0.0,0.0,0.0,0.0,32600000.0,1.0,32600000.0,1.0,-32600000.0,0.0,0.0,-2800000.0,0.0,0.0,0.0511,0.0511,52584507,52584507,,,0.6199544668166234,0.0,,,,,,,,199295281.53,,0.0,6.113352194171779,0.0,0.0,0.0,0.0,,,0.0,0.0,0.0,,0.0,0.0,,0.0,0.0,0.0,0.0079955145118733,0.0,0.0,0.0,0.0,0.0,,0.0,,,0.0,0.0,,,,,,,,,,0.0,0.0,0.0,0.0,0.0,0.0,,1986-03-30,,amc,,2025-04-25,1986-03-31,,,
1985-12-31,APA,USD,1841666,1985-12-31,1985-12-30 19:00:00,1985,Q4,34100000.0,0.0,34100000.0,1.0,0,0.0,0.0,0.0,-113400000.0,-113400000.0,-113400000.0,0.0,0.0,0.0,-79300000.0,-2.3255131965,-79300000.0,-2.3255131965,79300000.0,0.0,0.0,7000000.0,0.0,0.0,0.0,0.0,52149736,52584507,,,0.6538863399040026,0.0,,,0.5580085774547353,4.33367486270688,4.33367486270688,4.33367486270688,2.189848094341264,245625256.56,330725256.56,0.0,7.203086702639296,0.0,0.0,1.0868374184070797,1.0868374184070797,9.698687875659823,-4.170558090290037,0.0,0.0,0.0,,0.5053097345132743,0.2129008202833706,-1.073139974779319,1.06775956284153,0.0,0.0,0.0064337579617834,0.0,0.0,0.0,0.0,0.0,,0.0,,0.0,,0.0,-4.612679151434247,6200000.0,226000000.0,-212700000.0,415800000.0,,,,120.87976539589444,0.0,0.0,0.7445414847161572,0.0,0.0,0.0,,1985-12-30,,amc,,2025-04-25,1985-12-31,,,
1985-09-30,APA,USD,1841666,1985-09-30,1985-09-29 20:00:00,1985,Q3,28400000.0,0.0,28400000.0,1.0,0,0.0,0.0,0.0,0.0,0.0,0.0,0.0,0.0,0.0,28400000.0,1.0,28400000.0,1.0,-28400000.0,0.0,0.0,-4800000.0,0.0,0.0,0.0865,0.0865,52584507,52584507,,,0.5400830324414756,0.0,,,,,,,,250302253.32,,0.0,8.813459623943661,0.0,0.0,0.0,0.0,,,0.0,0.0,0.0,,0.0,0.0,,0.0,0.0,0.0,0.0063661764705882,0.0,0.0,0.0,0.0,0.0,,0.0,,,0.0,0.0,,,,,,,,,,0.0,0.0,0.0,0.0,0.0,0.0,,1985-09-29,,amc,,2025-04-25,1985-09-30,,,
