date,symbol,reportedCurrency,cik,fillingDate,acceptedDate,calendarYear,period,revenue,costOfRevenue,grossProfit,grossProfitRatio,researchAndDevelopmentExpenses,generalAndAdministrativeExpenses,sellingAndMarketingExpenses,sellingGeneralAndAdministrativeExpenses,otherExpenses,operatingExpenses,costAndExpenses,interestIncome,interestExpense,depreciationAndAmortization,ebitda,ebitdaratio,operatingIncome,operatingIncomeRatio,totalOtherIncomeExpensesNet,incomeBeforeTax,incomeBeforeTaxRatio,incomeTaxExpense,netIncome,netIncomeRatio,eps,epsdiluted,weightedAverageShsOut,weightedAverageShsOutDil,link,finalLink,revenuePerShare,netIncomePerShare,operatingCashFlowPerShare,freeCashFlowPerShare,cashPerShare,bookValuePerShare,tangibleBookValuePerShare,shareholdersEquityPerShare,interestDebtPerShare,marketCap,enterpriseValue,peRatio,priceToSalesRatio,pocfratio,pfcfRatio,pbRatio,ptbRatio,evToSales,enterpriseValueOverEBITDA,evToOperatingCashFlow,evToFreeCashFlow,earningsYield,freeCashFlowYield,debtToEquity,debtToAssets,netDebtToEBITDA,currentRatio,interestCoverage,incomeQuality,dividendYield,payoutRatio,salesGeneralAndAdministrativeToRevenue,researchAndDdevelopementToRevenue,intangiblesToTotalAssets,capexToOperatingCashFlow,capexToRevenue,capexToDepreciation,stockBasedCompensationToRevenue,grahamNumber,roic,returnOnTangibleAssets,grahamNetNet,workingCapital,tangibleAssetValue,netCurrentAssetValue,investedCapital,averageReceivables,averagePayables,averageInventory,daysSalesOutstanding,daysPayablesOutstanding,daysOfInventoryOnHand,receivablesTurnover,payablesTurnover,inventoryTurnover,roe,capexPerShare,report_date,epsEstimated,time,revenueEstimated,updatedFromDate,fiscalDateEnding,surprise(%),QuarterAvgPrice,QuarterAvgVolume
2025-03-31,APTV,USD,1521332,2025-05-01,2025-05-01 16:11:39,2025,Q1,4825000000.0,3905000000.0,920000000.0,0.1906735751,0,0.0,0.0,384000000.0,88000000.0,472000000.0,4377000000.0,0.0,0.0,242000000.0,690000000.0,0.1430051813,448000000.0,0.0928497409,-93000000.0,355000000.0,0.0735751295,356000000.0,-11000000.0,-0.0022797927,-0.05,-0.05,230160000,230160000,https://www.sec.gov/Archives/edgar/data/1521332/000152133225000027/0001521332-25-000027-index.htm,https://www.sec.gov/Archives/edgar/data/1521332/000152133225000027/aptv-20250331.htm,20.96367744177963,-0.0477928397636426,1.186131386861314,0.3302050747306221,4.779283976364268,40.20681265206812,8.954640250260688,38.93378519290928,36.10097323600973,13694520000.0,20903520000.0,-311.2390909090909,2.838242487046632,50.16307692307692,180.19105263157897,1.528235687981252,1.528235687981252,4.332335751295337,30.29495652173913,76.56967032967033,275.0463157894737,-0.0008032410044309,0.005549665121523,0.927240263363464,0.3596658297982859,10.44782608695652,1.6141009595327491,0.0,-24.818181818181817,0.0,0.0,0.0,0.0,0.311358323954636,0.7216117216117216,0.0408290155440414,0.8140495867768595,0.0,,-6.803449409595739e-05,-0.0006914325224715,-38.54601147028154,2944000000.0,2061000000.0,-6110000000.0,14319000000.0,3585500000.0,2880000000.0,2374500000.0,66.19896373056994,66.60691421254802,55.9820742637644,1.3595378979994364,1.3512110726643598,1.6076574722107864,-0.0012275415690213,0.8559263121306917,2025-05-01,1.55,bmo,5008113900.0,2025-05-02,2025-03-31,0.0903225806451612,63.386833333333335,3573686.95
2024-12-31,APTV,USD,1521332,2025-02-07,2025-02-07 16:56:51,2024,Q4,4907000000.0,3945000000.0,962000000.0,0.1960464642,0,0.0,0.0,363000000.0,120000000.0,483000000.0,4442000000.0,20000000.0,107000000.0,245000000.0,699000000.0,0.1424495619,479000000.0,0.0976156511,-132000000.0,347000000.0,0.0707153047,64000000.0,268000000.0,0.0546158549,1.14,1.14,256380000,256660000,https://www.sec.gov/Archives/edgar/data/1521332/000152133225000010/0001521332-25-000010-index.htm,https://www.sec.gov/Archives/edgar/data/1521332/000152133225000010/aptv-20241231.htm,19.139558467899217,1.0453233481550823,4.134487869568609,3.487011467353148,6.135423980029644,35.43568141040643,7.492784148529527,34.30844839691083,35.08463998751853,15505862400.0,22820862400.0,14.464423880597014,3.159947503566334,14.628172075471698,17.34436510067114,1.762831105047749,1.762831105047749,4.650675035663338,32.647871816881256,21.529115471698116,25.52669172259508,0.0172837855184372,0.05765561288613,1.0104592996816737,0.3788899309404041,10.464949928469242,1.525238744884038,4.476635514018692,3.955223880597015,0.0,0.0,0.0,0.0,0.3053968795293716,0.1566037735849056,0.0338292235581821,0.6775510204081633,0.0,28.406460503483284,0.0206041233478033,0.0164477721860807,-34.805757079335365,2695000000.0,1921000000.0,-6547000000.0,14052000000.0,3811000000.0,2929500000.0,2435000000.0,66.43162828612186,65.47528517110266,52.92775665399239,1.3547763666482606,1.3745644599303135,1.700431034482759,0.0304683947248749,0.6474764022154614,2025-02-06,1.66,bmo,4775178660.0,2025-05-02,2024-12-31,0.0542168674698795,61.2171875,3880638.921875
2024-09-30,APTV,USD,1521332,2024-10-31,2024-10-31 16:09:51,2024,Q3,4854000000.0,3951000000.0,903000000.0,0.1860321384,0,0.0,0.0,331000000.0,69000000.0,400000000.0,4351000000.0,31000000.0,101000000.0,241000000.0,749000000.0,0.1543057272,503000000.0,0.1036258756,-96000000.0,407000000.0,0.0838483725,32000000.0,363000000.0,0.0747836836,1.48,1.48,245480000,245780000,https://www.sec.gov/Archives/edgar/data/1521332/000152133224000073/0001521332-24-000073-index.htm,https://www.sec.gov/Archives/edgar/data/1521332/000152133224000073/aptv-20240930.htm,19.77350496985498,1.4787355385367444,2.032752159035359,1.3280104285481509,7.515887241323122,37.46944761284015,7.304057357014828,36.18217370050513,41.502362717940365,17677014800.0,26710014800.0,12.17425261707989,3.6417418211784094,35.42487935871743,54.2239717791411,1.9902065750956992,1.9902065750956992,5.502681252575195,35.66090093457944,53.52708376753507,81.93256073619632,0.0205351414878037,0.0184420278926281,1.1356676424228778,0.4072922555115885,12.060080106809078,1.4968986905582358,4.98019801980198,1.37465564738292,0.0,0.0,0.0,0.0,0.2989986271501251,0.3466933867735471,0.0356407086938607,0.7178423236514523,0.0070045323444581,34.69635409564016,0.0227695828069219,0.0209089338171764,-38.48786051816849,2884000000.0,1793000000.0,-6880000000.0,14585000000.0,3974500000.0,2952000000.0,2462500000.0,74.1656365883807,68.08656036446469,58.086560364464695,1.2135,1.3218467714954834,1.5494117647058825,0.0408691736095474,0.7047417304872088,2024-10-31,1.68,bmo,5095688274.0,2025-04-25,2024-09-30,0.0892857142857143,69.82625,3383142.140625
2024-06-30,APTV,USD,1521332,2024-08-01,2024-08-01 16:06:15,2024,Q2,5051000000.0,4186000000.0,865000000.0,0.1712532172,0,0.0,0.0,405000000.0,-9000000.0,405000000.0,4591000000.0,16000000.0,64000000.0,248000000.0,795000000.0,0.1573945753,460000000.0,0.091071075,587000000.0,1028000000.0,0.2035240546,51000000.0,938000000.0,0.1857058008,3.47,3.47,270190000,270430000,https://www.sec.gov/Archives/edgar/data/1521332/000152133224000059/0001521332-24-000059-index.htm,https://www.sec.gov/Archives/edgar/data/1521332/000152133224000059/aptv-20240630.htm,18.69425219290129,3.471631074429105,2.3798068026203785,1.543358377438099,7.983271031496354,43.561937895554976,16.39216847403679,42.44050482993449,28.14685961730634,18491803600.0,24623803600.0,4.92851908315565,3.6610183330033657,28.75863701399689,44.34485275779377,1.612610412488009,1.612610412488009,4.8750353593347855,30.97333786163522,38.29518444790047,59.04988872901679,0.0507251764235696,0.0225505315230581,0.6576262317955873,0.3046745586036928,7.713207547169811,1.4927217332430602,7.1875,0.685501066098081,0.0,0.0,0.0,0.0,0.2965940770069896,0.3514774494556765,0.0447436151257176,0.9112903225806452,0.0059394179370421,57.57690462413145,0.0213852657793302,0.053877082136703,-24.703912061882377,2911000000.0,4429000000.0,-4162000000.0,14498000000.0,3965500000.0,2904000000.0,2375500000.0,70.36428430013858,62.673196368848544,51.0630673674152,1.279057989364396,1.4360205831903945,1.7625263157894735,0.0817999476759396,0.8364484251822791,2024-08-01,1.42,bmo,5304786848.0,2025-04-25,2024-06-30,0.1126760563380282,76.89158730158731,2794090.571428572
2024-03-31,APTV,USD,1521332,2024-05-02,2024-05-02 16:12:43,2024,Q1,4901000000.0,4121000000.0,780000000.0,0.1591511936,0,0.0,0.0,366000000.0,-4000000.0,366000000.0,4487000000.0,20000000.0,65000000.0,230000000.0,714000000.0,0.1456845542,414000000.0,0.0844725566,-50000000.0,369000000.0,0.075290757,76000000.0,218000000.0,0.0444807182,0.79,0.79,275190000,275310000,https://www.sec.gov/Archives/edgar/data/1521332/000152133224000038/0001521332-24-000038-index.htm,https://www.sec.gov/Archives/edgar/data/1521332/000152133224000038/aptv-20240331.htm,17.80951342708674,0.7921799483992877,0.8866601257313129,-0.0763109124604818,3.4194556488244485,41.49496711363058,14.47363639667139,40.40844507431229,24.837385079399688,21682220100.0,27511220100.0,24.864931307339457,4.4240400122424,88.86155778688526,-1032.4866714285715,1.94983993705036,1.94983993705036,5.613389124668435,38.5311205882353,112.75090204918033,-1310.0581,0.0100543209595035,-0.0009685355052732,0.6088129496402878,0.2863305701234985,8.163865546218487,1.2896239086635326,6.369230769230769,1.1192660550458715,0.0,0.0,0.0,0.0,0.3144983928269328,1.0860655737704918,0.054070597837176,1.1521739130434785,0.0055090797796368,26.8373265902538,0.0170371447171325,0.0134501480750246,-25.834877720847416,1725000000.0,3983000000.0,-4544000000.0,13455000000.0,3791500000.0,3022000000.0,2370500000.0,73.12385227504592,63.18126668284397,51.89031788400874,1.2307885484681065,1.4244728655375043,1.7344276094276094,0.0196043165467625,0.9629710381917947,2024-05-02,1.04,bmo,4983967661.0,2025-04-25,2024-03-31,0.1153846153846152,80.63885245901639,2822108.049180328
2023-12-31,APTV,USD,1521332,2024-03-28,2024-03-28 16:07:45,2023,Q4,4919000000.0,3997000000.0,922000000.0,0.1874364708,1781000000,0.0,0.0,381000000.0,-7000000.0,437000000.0,4434000000.0,35000000.0,71000000.0,246000000.0,628000000.0,0.1276682252,355000000.0,0.0721691401,-44000000.0,311000000.0,0.0632242326,-680000000.0,905000000.0,0.1839804838,3.22,3.22,280950000,281210000,https://www.sec.gov/Archives/edgar/data/1521332/000152133224000026/0001521332-24-000026-index.htm,https://www.sec.gov/Archives/edgar/data/1521332/000152133224000026/aptv-20231231.htm,17.508453461470012,3.221213739099484,2.2210357714895888,1.4984872753158924,5.605979711692472,42.15696743192739,15.283858337782524,41.103399181349,24.41003737319808,25206834000.0,30353834000.0,6.963213812154696,5.1243817849156335,40.39556730769231,59.87371496437055,2.1827878420505717,2.1827878420505717,6.170732669241716,48.33413057324841,48.64396474358974,72.09936817102138,0.0359029618713718,0.0167018198318757,0.5877208174575684,0.2778482826380644,8.195859872611464,1.7152662229617304,5.0,0.6789989118607181,0.0011901534322001,0.0331491712707182,0.0,0.362065460459443,0.3090842100953863,0.3253205128205128,0.041268550518398,0.8252032520325203,0.0067086806261435,54.580800367433845,0.0572791426290622,0.053623274278604,-25.3594945719879,3439000000.0,4294000000.0,-4336000000.0,15314000000.0,3650000000.0,3103500000.0,2398500000.0,65.88534254929864,70.95071303477609,53.25243932949712,1.366009441821716,1.268486194858775,1.6900634249471458,0.0783685486664357,0.7225484961736964,2024-01-31,1.29,bmo,5050990000.0,2025-04-25,2023-12-31,0.0852713178294572,86.10301587301586,2481981.095238095
2023-09-30,APTV,USD,1521332,2023-11-02,2023-11-02 16:05:52,2023,Q3,5114000000.0,4221000000.0,893000000.0,0.1746186938,0,0.0,0.0,360000000.0,-4000000.0,419000000.0,4640000000.0,30000000.0,75000000.0,226000000.0,720000000.0,0.1407899883,446000000.0,0.0872115761,-49000000.0,397000000.0,0.0776300352,-1312000000.0,1629000000.0,0.3185373485,5.76,5.76,282840000,283010000,https://www.sec.gov/Archives/edgar/data/1521332/000152133223000060/0001521332-23-000060-index.htm,https://www.sec.gov/Archives/edgar/data/1521332/000152133223000060/aptv-20230930.htm,18.080893791542923,5.759439966058549,2.637533587894216,1.8879932117098008,6.180172535709235,39.14934238438693,12.646726064205913,38.10634987979069,24.992928864375617,27885195600.0,33071195600.0,4.279495948434622,5.452717168556903,37.37961876675603,52.219467415730335,2.5872328446836157,2.5872328446836157,6.466796167383653,45.93221611111111,44.33136139410187,61.93107790262172,0.0584180947972263,0.019149946360785,0.6489144553720542,0.2949685799839737,7.2027777777777775,1.8079216354344123,5.946666666666666,0.4557116676847892,0.0,0.0,0.0,0.0,0.316140188098351,0.2841823056300268,0.0414548298787641,0.9380530973451328,0.0060617911615174,70.27163563850802,0.1001478539886349,0.1004625346901017,-24.394534012162357,3794000000.0,3577000000.0,-4148000000.0,15380000000.0,3737000000.0,3042000000.0,2406000000.0,65.09777082518576,65.15991471215352,51.85501066098081,1.3825358204920248,1.381217277486911,1.735608552631579,0.151141213583225,0.7495403761844153,2023-11-02,1.2,bmo,4983540000.0,2025-04-25,2023-09-30,0.0833333333333334,103.3620634920635,1749361.1904761903
2023-06-30,APTV,USD,1521332,2023-08-03,2023-08-03 16:03:24,2023,Q2,5200000000.0,4336000000.0,864000000.0,0.1661538462,0,0.0,0.0,353000000.0,-6000000.0,412000000.0,4748000000.0,24000000.0,72000000.0,224000000.0,689000000.0,0.1325,410000000.0,0.0788461538,-61000000.0,349000000.0,0.0671153846,30000000.0,242000000.0,0.0465384615,0.84,0.84,272690000,272770000,https://www.sec.gov/Archives/edgar/data/1521332/000152133223000052/0001521332-23-000052-index.htm,https://www.sec.gov/Archives/edgar/data/1521332/000152133223000052/aptv-20230630.htm,19.069272800616083,0.8874546187979023,1.961934797755693,1.1478235358832374,4.554622465070226,34.918772232205065,6.949283068686054,33.855293556786094,25.94154534453041,27838922100.0,33538922100.0,28.759217045454548,5.353638865384616,52.03536841121496,88.94224313099042,3.0154811633448872,3.0154811633448872,6.4497927115384615,48.67768084179971,62.68957401869159,107.15310575079872,0.0086928653031433,0.0112432514044787,0.7584488734835355,0.316861254412164,8.272859216255442,1.75898888646764,5.694444444444445,2.17479674796748,0.0005747348960755,0.0661157024793388,0.0,0.0,0.3451443569553806,0.4149532710280373,0.0426923076923076,0.9910714285714286,0.0061538461538461,26.00025623621612,0.0212254444376644,0.0167231013751641,-26.81708166782793,3483000000.0,1895000000.0,-4504000000.0,15172000000.0,3801500000.0,3012000000.0,2432500000.0,65.33653846153847,62.85055350553506,49.40036900369004,1.3774834437086092,1.4319682959048876,1.8218487394957985,0.026213171577123,0.8141112618724559,2023-08-03,1.03,bmo,5045360000.0,2025-04-25,2023-06-30,0.2135922330097087,98.89,2084472.483870968
2023-03-31,APTV,USD,1521332,2023-05-04,2023-05-04 09:09:12,2023,Q1,4818000000.0,4058000000.0,760000000.0,0.1577418016,0,0.0,0.0,342000000.0,59000000.0,401000000.0,4459000000.0,22000000.0,67000000.0,216000000.0,587000000.0,0.1218347862,348000000.0,0.0722291407,-68000000.0,280000000.0,0.0581154006,34000000.0,246000000.0,0.0510585305,0.91,0.91,271010000,271170000,https://www.sec.gov/Archives/edgar/data/1521332/000152133223000040/0001521332-23-000040-index.htm,https://www.sec.gov/Archives/edgar/data/1521332/000152133223000040/aptv-20230331.htm,17.777941773366297,0.907715582450832,-0.0332091066750304,-1.0257924061842736,4.058890815837054,34.2127596767647,6.047747315597211,33.14637836242205,25.60791114719014,30404611900.0,36177611900.0,30.898995833333338,6.310629286010792,-3378.2902111111107,-109.36910755395684,3.384683502170767,3.384683502170767,7.508844312992943,61.6313660988075,-4019.734655555555,-130.13529460431656,0.0080908778184404,-0.0091433497297822,0.7651118779917622,0.316494750414441,9.834752981260648,1.713620230700976,5.1940298507462686,-0.0548780487804878,0.0005262359556709,0.065040650406504,0.0,0.0,0.351491987474673,-29.88888888888889,0.0558322955583229,1.2453703703703705,0.0039435450394354,26.01861628106087,0.0176129303037535,0.0174678690619896,-26.67982731264529,3217000000.0,1639000000.0,-4719000000.0,14838000000.0,3750000000.0,3073000000.0,2412500000.0,71.5068493150685,66.44652538196156,55.11335633316905,1.2586206896551724,1.3544726301735648,1.6329979879275651,0.0273850606701547,0.9925832995092432,2023-05-04,0.9,bmo,4762730000.0,2025-04-25,2023-03-31,0.0111111111111111,110.37983870967744,1818345.483870968
2022-12-31,APTV,USD,1521332,2023-02-08,2023-02-08 08:33:34,2022,Q4,4640000000.0,3827000000.0,813000000.0,0.1752155172,1499000000,0.0,0.0,303000000.0,37000000.0,340000000.0,4167000000.0,51000000.0,62000000.0,188000000.0,670000000.0,0.1443965517,440000000.0,0.0948275862,-72000000.0,368000000.0,0.0793103448,25000000.0,343000000.0,0.0739224138,1.27,1.26,270950000,271400000,https://www.sec.gov/Archives/edgar/data/1521332/000152133223000013/0001521332-23-000013-index.htm,https://www.sec.gov/Archives/edgar/data/1521332/000152133223000013/aptv-20221231.htm,17.124930799040413,1.265916220704927,3.4434397490311865,2.786491972688688,5.650489020114413,33.626130282339915,5.178077136002953,32.57427569662299,25.517623177708064,25233573500.0,30554573500.0,18.39181741982507,5.438270150862069,27.045630760986064,33.42195165562914,2.859004475413551,2.859004475413551,6.58503739224138,45.60384104477612,32.748739013933545,40.46963377483444,0.0135930014034674,0.0299204549843089,0.7763426240652618,0.312862426373225,7.941791044776119,1.6,7.096774193548387,3.507518796992481,0.0006340758672171,0.0466472303206997,0.0,0.3230603448275862,0.3519473996621159,0.1907824222936763,0.0383620689655172,0.946808510638298,0.0045258620689655,30.46008600770129,0.0238768453453757,0.0241668428098358,-27.071415390293417,2919000000.0,1403000000.0,-5006000000.0,14573000000.0,3519000000.0,2962500000.0,2323000000.0,71.22413793103449,74.07891298667363,55.03004964724327,1.263616557734205,1.214920634920635,1.6354700854700854,0.0388624518468162,0.6569477763424986,2023-02-02,1.22,bmo,4539920000.0,2025-04-25,2022-12-31,0.040983606557377,95.04936507936507,1930541.8095238092
2022-09-30,APTV,USD,1521332,2022-11-03,2022-11-03 16:04:30,2022,Q3,4614000000.0,3821000000.0,793000000.0,0.1718682271,0,0.0,0.0,275000000.0,37000000.0,312000000.0,4133000000.0,26000000.0,58000000.0,190000000.0,680000000.0,0.1473775466,470000000.0,0.1018638925,-38000000.0,432000000.0,0.0936280884,59000000.0,301000000.0,0.0652362375,1.11,1.11,270930000,271100000,https://www.sec.gov/Archives/edgar/data/1521332/000152133222000056/0001521332-22-000056-index.htm,https://www.sec.gov/Archives/edgar/data/1521332/000152133222000056/aptv-20220930.htm,17.030229210497176,1.1109880781013546,1.6129627579079466,0.8304728158564944,18.19658214298896,30.93418964308124,19.56593954157901,30.24766544863987,24.858819621304395,21189435300.0,23016435300.0,17.599198754152823,4.592422041612484,48.48841029748284,94.175268,2.585654093959731,2.585654093959731,4.988390832249675,33.84769897058823,52.66918832951945,102.295268,0.0142051921506374,0.010618499115925,0.8147651006711409,0.3343347854388864,2.6867647058823527,2.6599660934851053,8.10344827586207,1.4281045751633987,0.0007078999410616,0.0498338870431893,0.0,0.0,0.15422362425517,0.4851258581235698,0.0459471174685739,1.1157894736842104,0.0041179020372778,27.497416302924464,0.0254362658383593,0.0178201409034397,-11.00837854796442,6854000000.0,5301000000.0,-607000000.0,13497000000.0,3197000000.0,2762000000.0,2334000000.0,65.65669700910273,65.3624705574457,54.31562418215128,1.370766488413547,1.3769369369369369,1.6569817866435386,0.0367297132397803,0.7824899420514524,2022-11-03,0.99,bmo,4331199491.0,2025-04-25,2022-09-30,0.292929292929293,95.9309375,1853798.296875
2022-06-30,APTV,USD,1521332,2022-08-04,2022-08-04 16:06:37,2022,Q2,4057000000.0,3617000000.0,440000000.0,0.108454523,0,0.0,0.0,286000000.0,38000000.0,324000000.0,3941000000.0,7000000.0,56000000.0,193000000.0,265000000.0,0.0653192014,97000000.0,0.0239092926,-81000000.0,16000000.0,0.0039438008,16000000.0,-45000000.0,-0.0110919399,-0.17,-0.17,265217391,270930000,https://www.sec.gov/Archives/edgar/data/1521332/000152133222000043/0001521332-22-000043-index.htm,https://www.sec.gov/Archives/edgar/data/1521332/000152133222000043/aptv-20220630.htm,15.296885263455442,-0.1696721313422467,0.3581967217225208,-0.422295082451814,17.608196741517602,31.227213150588604,18.90524592333389,30.5372131497968,26.152131177551627,23622913016.37,25832913016.37,-131.23840564649998,5.822754009457727,248.66224227757897,-210.91886621758928,2.9167691093184342,2.9167691093184342,6.367491500214444,97.48269062781132,271.9254001723158,-230.65100907473217,-0.0019049301823537,-0.0047411595649692,0.8494875910606248,0.3455897126783203,8.339622641509434,2.6270216471759142,1.7321428571428572,-1.3194444444444444,0.0006773085092813,-0.3555555555555555,0.0,0.0,0.1641551135222021,2.1789473684210527,0.0510229233423712,1.072538860103627,0.0101059896475228,,0.0,-0.0027043269230769,-13.211803293849613,6539000000.0,5014000000.0,-1068000000.0,13432000000.0,3041000000.0,2829500000.0,2337000000.0,67.17278777421741,68.40199059994471,58.77246336743158,1.3398282694848085,1.3157511822480903,1.5313293818797629,-0.0055562415112976,0.7804918041743348,2022-08-04,0.62,bmo,4079601923.0,2025-04-25,2022-06-30,-0.6451612903225807,102.04645161290324,2002781.2903225808
2022-03-31,APTV,USD,1521332,2022-05-05,2022-05-05 16:04:38,2022,Q1,4178000000.0,3589000000.0,589000000.0,0.1409765438,0,0.0,0.0,274000000.0,37000000.0,311000000.0,3900000000.0,2000000.0,43000000.0,191000000.0,474000000.0,0.1134514122,256000000.0,0.0612733365,-82000000.0,174000000.0,0.0416467209,21000000.0,153000000.0,0.0366203925,0.57,0.56,270790000,271160000,https://www.sec.gov/Archives/edgar/data/1521332/000152133222000027/0001521332-22-000027-index.htm,https://www.sec.gov/Archives/edgar/data/1521332/000152133222000027/aptv-20220331.htm,15.428930167288303,0.5650134790797297,-0.7459655083274862,-1.6581114516784223,18.010266257985894,31.75892758225931,19.191993795930426,31.00557627681967,25.77643192141512,32416270900.0,34476270900.0,52.96776290849673,7.758801077070369,-160.4765886138614,-72.19659443207127,3.860918401619819,3.860918401619819,8.251859956917185,72.73474873417722,-170.6746084158416,-76.78456770601336,0.0047198519679202,-0.0138510688470338,0.8262267746545974,0.3399823564007057,4.345991561181434,2.598649300530632,5.953488372093023,-2.2444444444444445,0.0004935792907628,0.1045751633986928,0.0,0.0,0.166781023328759,-1.2227722772277227,0.0591191957874581,1.293193717277487,0.0011967448539971,19.85365940496489,0.0137350325386455,0.0089994706193753,-12.853133424424833,6628000000.0,5197000000.0,-1030000000.0,13703000000.0,2919000000.0,2931500000.0,2163000000.0,65.78745811393011,72.97297297297298,57.9771524101421,1.3680419122462344,1.2333333333333334,1.5523356401384083,0.0182229633158646,0.912145943350936,2022-05-05,0.61,bmo,4057099711.0,2025-04-25,2022-03-31,0.0327868852459016,133.06516129032258,2380643.2580645164
2021-12-31,APTV,USD,1521332,2022-02-07,2022-02-07 08:19:00,2021,Q4,4134000000.0,3543000000.0,591000000.0,0.1429608128,1350000000,0.0,0.0,291000000.0,-131000000.0,328000000.0,3871000000.0,0.0,35000000.0,190000000.0,320000000.0,0.0774068699,260000000.0,0.0628930818,-167000000.0,93000000.0,0.0224963716,62000000.0,31000000.0,0.0074987905,0.06,0.06,270520000,271470000,https://www.sec.gov/Archives/edgar/data/1521332/000152133222000010/0001521332-22-000010-index.htm,https://www.sec.gov/Archives/edgar/data/1521332/000152133222000010/aptv-20211231.htm,15.281679727931392,0.1145941150377051,2.4730149342007985,1.8039331657548423,11.958450391837944,31.6464586721869,18.800828034895755,30.85538961999113,16.287150672778353,44622274000.0,45854274000.0,359.8570483870968,10.793970488630864,66.69996113602392,91.43908606557378,5.345905594824488,5.345905594824488,11.091986937590711,143.29460625,68.54151569506726,93.9636762295082,0.0006947203094131,0.0109362422901172,0.5236611956391518,0.242738934858666,3.85,2.0052293796054195,7.428571428571429,17.153846153846153,0.0003585653209874,0.5161290322580645,0.0,0.3265602322206096,0.1929805075803854,0.2705530642750374,0.0437832607643928,0.9526315789473684,0.0026608611514271,8.919447097328721,0.0062350119904076,0.0021332232314891,-11.518556853467397,4229000000.0,5086000000.0,-1010000000.0,11381000000.0,2749500000.0,2748500000.0,2066500000.0,60.60957910014513,75.01270110076207,51.16003386960204,1.4849137931034482,1.199796816796478,1.759185700099305,0.0037139091889301,0.6690817684459559,2022-02-03,0.55,bmo,3913716724.0,2025-04-25,2021-12-31,0.0181818181818181,166.87421875,1410397.484375
2021-09-30,APTV,USD,1521332,2021-11-04,2021-11-04 16:06:39,2021,Q3,3654000000.0,3138000000.0,516000000.0,0.1412151067,0,0.0,0.0,263000000.0,-1000000.0,300000000.0,3438000000.0,3000000.0,36000000.0,193000000.0,404000000.0,0.1105637657,215000000.0,0.0588396278,-35000000.0,180000000.0,0.0492610837,25000000.0,101000000.0,0.0276409414,0.32,0.32,270510000,271200000,https://www.sec.gov/Archives/edgar/data/1521332/000152133221000055/0001521332-21-000055-index.htm,https://www.sec.gov/Archives/edgar/data/1521332/000152133221000055/aptv-20210930.htm,13.507818564932904,0.3733688218550146,0.0147868840338619,-0.609958966396806,10.132712284203912,31.41843185094821,18.564932904513697,30.660604044212786,16.41344127758678,40297874700.0,41960874700.0,99.7472146039604,11.028427668308703,10074.468675,-244.22954363636364,4.858677923800338,4.858677923800338,11.483545347564313,103.86355123762377,10490.218675,-254.3083315151515,0.0025063356505001,-0.0040945087359656,0.5309862551241862,0.2495042773780522,4.116336633663367,2.113719353155973,5.972222222222222,0.0384615384615384,0.0003722280669059,0.1485148514851485,0.0,0.0,0.1969860064585576,42.25,0.0462506841817186,0.8756476683937824,0.00519978106185,16.049098298982205,0.0133002075351213,0.0071257231550726,-12.25555432331522,4270000000.0,5022000000.0,-1048000000.0,11321000000.0,2684500000.0,2559000000.0,1960000000.0,66.87192118226601,72.96367112810708,60.77437858508605,1.3458563535911603,1.2334905660377358,1.480887210948561,0.012177477694719,0.624745850430668,2021-11-04,0.37,bmo,3946420000.0,2025-04-25,2021-09-30,0.027027027027027,155.71796875,1251889.96875
2021-06-30,APTV,USD,1521332,2021-08-05,2021-08-05 16:01:52,2021,Q2,3807000000.0,3205000000.0,602000000.0,0.158129761,0,0.0,0.0,266000000.0,37000000.0,303000000.0,3508000000.0,2000000.0,38000000.0,197000000.0,482000000.0,0.1266088784,285000000.0,0.0748620961,-38000000.0,247000000.0,0.0648804833,28000000.0,163000000.0,0.0428158655,0.54,0.54,270490000,271060000,https://www.sec.gov/Archives/edgar/data/1521332/000152133221000043/0001521332-21-000043-index.htm,https://www.sec.gov/Archives/edgar/data/1521332/000152133221000043/aptv-20210630.htm,14.074457466080077,0.6026100780065806,1.0980073200488003,0.6284890384117713,10.817405449369662,31.516876779178528,18.32600096121853,30.766386927428,16.558837664978373,42556191700.0,44071191700.0,65.27023266871167,11.178406015235094,143.28684074074076,250.3305394117647,5.113697632780582,5.113697632780582,11.576357157867086,91.43400767634854,148.38785084175083,259.24230411764705,0.0038302299498288,0.0039947183525822,0.5336457582311944,0.2497750281214848,3.1431535269709543,2.062740076824584,7.5,1.789156626506024,0.0003759734920077,0.0981595092024539,0.0,0.0,0.2006749156355455,0.4276094276094276,0.0333596007354872,0.6446700507614214,0.0073548726030995,20.42432455657116,0.0180623522296145,0.0114691809738249,-12.710266553292174,4150000000.0,4957000000.0,-1200000000.0,11289000000.0,2726000000.0,2599000000.0,1663000000.0,62.74231678486998,72.2808112324493,50.574102964118566,1.434438583270535,1.245143745143745,1.7795669072737368,0.0195866378274453,0.4695182816370291,2021-08-05,0.67,bmo,3807000000.0,2025-04-25,2021-06-30,-0.1044776119402986,146.54047619047617,1373304.619047619
2021-03-31,APTV,USD,1521332,2021-05-06,2021-05-06 16:04:56,2021,Q1,4023000000.0,3296000000.0,727000000.0,0.1807109123,0,0.0,0.0,255000000.0,-2000000.0,292000000.0,3588000000.0,3000000.0,40000000.0,193000000.0,625000000.0,0.155356699,429000000.0,0.1066368382,-39000000.0,390000000.0,0.0969425802,48000000.0,295000000.0,0.0733283619,1.03,1.03,270310000,271140000,https://www.sec.gov/Archives/edgar/data/1521332/000152133221000028/0001521332-21-000028-index.htm,https://www.sec.gov/Archives/edgar/data/1521332/000152133221000028/aptv-20210331.htm,14.88291221190485,1.0913395730827569,0.9322629573452702,0.4365358292331027,10.469460989234582,30.616699345196256,17.53542229292294,29.880507565387887,16.41818652658059,37275749000.0,38843749000.0,31.58961779661017,9.265659706686552,147.9196388888889,315.8961779661017,4.615048780487805,4.615048780487805,9.655418593089736,62.1499984,154.1418611111111,329.18431355932205,0.0079139925531744,0.0031655970212697,0.5445090999133342,0.2516594186312657,2.5088,1.968955073195356,10.725,0.84,0.0004292334944094,0.0542372881355932,0.0,0.0,0.2023346303501945,0.5317460317460317,0.0333084762614964,0.694300518134715,0.0072085508327119,27.08726745766166,0.0274799123447772,0.0211621233859397,-12.981391735414894,3839000000.0,4740000000.0,-1399000000.0,10898000000.0,2805000000.0,2597500000.0,1411000000.0,62.59507829977628,71.6504854368932,41.64138349514563,1.4378127233738385,1.2560975609756098,2.161311475409836,0.0365234616813173,0.4957271281121675,2021-05-06,0.78,bmo,3643400000.0,2025-04-25,2021-03-31,0.358974358974359,145.41622950819672,2032967.8196721312
2020-12-31,APTV,USD,1521332,2021-02-08,2021-02-08 16:02:27,2020,Q4,4212000000.0,3433000000.0,779000000.0,0.1849477683,1327000000,0.0,0.0,278000000.0,6000000.0,315000000.0,3748000000.0,2000000.0,39000000.0,208000000.0,660000000.0,0.1566951567,446000000.0,0.1058879392,-33000000.0,413000000.0,0.0980531814,55000000.0,299000000.0,0.0709876543,1.05,1.04,270030000,270910000,https://www.sec.gov/Archives/edgar/data/1521332/000152133221000009/0001521332-21-000009-index.htm,https://www.sec.gov/Archives/edgar/data/1521332/000152133221000009/aptv-20201231.htm,15.598266859237862,1.1072843758100952,2.9589304892049038,2.60711772765989,10.446987371773506,29.996667036995888,16.40188127245121,29.274525052771917,16.442617486945895,35182208700.0,36762208700.0,29.416562458193976,8.352851068376069,44.03280187734668,49.97472826704546,4.4506272865275145,4.4506272865275145,8.727969776828111,55.700316212121216,46.01027371714643,52.21904644886364,0.0084986136757241,0.0200101138050494,0.5567362428842505,0.2511699577673781,2.393939393939394,1.8450321304992583,11.435897435897436,2.5365079365079364,0.0004547753137511,0.0535117056856187,0.0,0.3150522317188984,0.2095080470265951,0.1188986232790988,0.0225546058879392,0.4567307692307692,0.0085470085470085,27.00634267175768,0.0282895746287511,0.0215868890332827,-14.23360367366589,3419000000.0,4429000000.0,-1957000000.0,10771000000.0,2716000000.0,2378500000.0,1263000000.0,60.085470085470085,67.40168948441595,34.00233032333236,1.4978662873399715,1.3352781019058733,2.646877409406322,0.0378241619228336,0.3518127615450135,2021-02-03,1.01,bmo,3711564356.0,2025-04-25,2020-12-31,0.1188118811881187,111.09609375,1630501.5625
2020-09-30,APTV,USD,1521332,2020-10-29,2020-10-29 16:04:54,2020,Q3,3668000000.0,3021000000.0,647000000.0,0.1763904035,0,0.0,0.0,229000000.0,1000000.0,265000000.0,3286000000.0,2000000.0,38000000.0,36000000.0,557000000.0,0.1518538713,364000000.0,0.0992366412,-37000000.0,327000000.0,0.0891494002,-2000000.0,299000000.0,0.0815158124,1.05,1.05,270030000,270380000,https://www.sec.gov/Archives/edgar/data/1521332/000152133220000060/0001521332-20-000060-index.htm,https://www.sec.gov/Archives/edgar/data/1521332/000152133220000060/aptv-20200930.htm,13.583675887864311,1.1072843758100952,2.070140354775395,1.6368551642410103,7.858386105247565,27.97466948116876,14.739103062622672,27.267340665851943,16.168573862163463,24756350400.0,26962350400.0,20.699289632107025,6.749277644492912,44.28685223613597,56.00984253393665,3.362264077142469,3.362264077142469,7.350695310796074,48.40637414721724,48.23318497316637,61.00079276018099,0.0120777091602322,0.0178540048455607,0.5878038842862964,0.263196302602773,3.960502692998205,1.841017043867002,9.578947368421051,1.8327868852459013,0.0006462988179388,0.0535117056856187,0.0,0.0,0.217343711992216,0.2093023255813953,0.0318974918211559,0.609375,0.0032715376226826,26.06407022141313,0.0280418299918981,0.0232323232323232,-15.511239491908306,3010000000.0,3980000000.0,-2301000000.0,10182000000.0,2227000000.0,1809000000.0,1220500000.0,64.28571428571429,65.12413108242305,36.61370407149951,1.4,1.3819762122598354,2.4580960130187144,0.0406084476436235,0.4332851905343851,2020-10-29,0.76,bmo,3105734209.0,2025-04-25,2020-09-30,0.4868421052631577,83.90609375,1579342.75
2020-06-30,APTV,USD,1521332,2020-07-30,2020-07-30 19:01:06,2020,Q2,1960000000.0,1947000000.0,13000000.0,0.0066326531,0,0.0,0.0,217000000.0,-3000000.0,252000000.0,2199000000.0,1000000.0,44000000.0,184000000.0,-133000000.0,-0.0678571429,-311000000.0,-0.1586734694,-50000000.0,-361000000.0,-0.1841836735,-14000000.0,-366000000.0,-0.1867346939,-1.42,-1.42,258030000,258210000,https://www.sec.gov/Archives/edgar/data/1521332/000152133220000050/0001521332-20-000050-index.htm,https://www.sec.gov/Archives/edgar/data/1521332/000152133220000050/aptv-20200630.htm,7.596015967135604,-1.4184397163120568,-0.4108049451614153,-1.0580165097081735,7.30535209084215,27.616943766228733,14.03325194744797,26.903848389722125,17.742123008952447,20105697600.0,22754697600.0,-13.7334,10.258008979591835,-189.6763924528302,-73.64724395604395,2.896239930855661,2.896239930855661,11.609539591836734,-171.08795187969926,-214.66695849056603,-83.35054065934067,-0.0182037951272081,-0.0135782406276716,0.6531259003169115,0.2967277486910994,-19.917293233082702,1.8929695697796431,-7.068181818181818,0.2904109589041095,0.0,0.0,0.0,0.0,0.2293848167539267,-1.5754716981132075,0.085204081632653,0.907608695652174,0.0066326530612244,,-0.0235088910169664,-0.0310828025477707,-16.616284928109135,2553000000.0,3621000000.0,-2742000000.0,9631000000.0,2071000000.0,1837500000.0,1287500000.0,84.21428571428572,66.19414483821264,56.02465331278891,1.068702290076336,1.35963687150838,1.6064356435643563,-0.0527225583405358,0.6472115645467581,2020-07-30,-1.43,bmo,2346277372.0,2025-04-25,2020-06-30,-0.2307692307692306,68.8352380952381,2732827.4603174604
2020-03-31,APTV,USD,1521332,2020-05-05,2020-05-05 16:06:19,2020,Q1,3226000000.0,2725000000.0,501000000.0,0.155300682,0,0.0,0.0,252000000.0,-4000000.0,288000000.0,3013000000.0,3000000.0,43000000.0,180000000.0,388000000.0,0.1202727836,1619000000.0,0.5018598884,-44000000.0,1575000000.0,0.4882207068,10000000.0,1572000000.0,0.4872907626,6.15,6.14,255510000,255830000,https://www.sec.gov/Archives/edgar/data/1521332/000152133220000031/0001521332-20-000031-index.htm,https://www.sec.gov/Archives/edgar/data/1521332/000152133220000031/aptv-20200331.htm,12.625728934288286,6.152401080192556,0.6301123243708661,-0.172204610387069,8.042738053305154,20.16750812101288,6.387225548902196,19.45520723259364,26.09682595593128,12581312400.0,17151312400.0,2.0008448473282443,3.899972845629262,78.14479751552796,-285.93891818181817,2.530941943270972,2.530941943270972,5.3165878487290765,44.20441340206185,106.5298906832298,-389.80255454545454,0.1249472193377854,-0.0034972504140347,1.332729833031583,0.409785365250201,11.778350515463918,1.6935704514363883,37.65116279069768,0.1027440970006381,0.0044510459814987,0.0356234096692111,0.0,0.0,0.2177893239314653,1.2732919254658386,0.0635461872287662,1.1388888888888888,-0.0003099814011159,51.89571615120588,0.1250462988667419,0.1243080816068322,-25.621306406794258,2535000000.0,1632000000.0,-4824000000.0,9698000000.0,2438500000.0,2353000000.0,1324500000.0,64.38933663980161,74.08073394495413,45.01651376146789,1.3977469670710572,1.214890771288453,1.9992663242846664,0.316234158117079,0.8023169347579351,2020-05-05,0.32,bmo,2309758383.0,2025-04-25,2020-03-31,1.125,78.44822580645162,2219475.2580645164
2019-12-31,APTV,USD,1521332,2020-02-03,2020-02-03 16:12:39,2019,Q4,3596000000.0,2909000000.0,687000000.0,0.1910456062,1546000000,0.0,0.0,298000000.0,-15000000.0,333000000.0,3242000000.0,2000000.0,41000000.0,35000000.0,520000000.0,0.1446051168,324000000.0,0.0901001112,-56000000.0,268000000.0,0.0745272525,30000000.0,230000000.0,0.0639599555,0.9,0.9,255310000,256360000,https://www.sec.gov/Archives/edgar/data/1521332/000152133220000012/0001521332-20-000012-index.htm,https://www.sec.gov/Archives/edgar/data/1521332/000152133220000012/aptv1231201910-k.htm,14.084838040029767,0.900865614351181,2.753515334299479,2.118992597234734,1.6137244917942892,15.71031295288081,1.6372253339077985,14.95828600524852,18.542164427558653,24246790700.0,28527790700.0,26.355207282608696,6.742711540600667,34.49045618776672,44.81846709796673,6.348989447499346,6.348989447499346,7.933200973303671,54.86113596153846,40.58007211948791,52.73159094269871,0.0094857914536293,0.0223122312017977,1.228855721393035,0.3486886098521435,8.232692307692307,1.312037493833251,7.902439024390244,2.91701244813278,0.002309584006101,0.2434782608695652,0.0,0.4299221357063403,0.2669589122520246,0.2304409672830725,0.0450500556173526,0.9101123595505618,0.0063959955506117,17.412542146814026,0.0290872769190843,0.0233123859720251,-25.32705338607967,1265000000.0,418000000.0,-4129000000.0,8580000000.0,2615000000.0,2347500000.0,1315500000.0,64.29644048943271,76.20144379511859,39.78686833963561,1.399766446087972,1.1810799837596426,2.2620528771384136,0.0602251898402723,0.6345227370647448,2020-01-30,1.02,bmo,3189495652.0,2025-04-25,2019-12-31,0.1274509803921567,91.57953125,1219173.25
2019-09-30,APTV,USD,1521332,2019-10-30,2019-10-30 16:13:49,2019,Q3,3559000000.0,2882000000.0,677000000.0,0.1902219725,0,0.0,0.0,262000000.0,4000000.0,296000000.0,3178000000.0,3000000.0,42000000.0,178000000.0,505000000.0,0.1418937904,320000000.0,0.0899128969,-35000000.0,285000000.0,0.0800786738,38000000.0,246000000.0,0.0691205395,0.96,0.96,255890000,256440000,https://www.sec.gov/Archives/edgar/data/1521332/000152133219000045/0001521332-19-000045-index.htm,https://www.sec.gov/Archives/edgar/data/1521332/000152133219000045/aptv930201910-q.htm,13.90831998124194,0.9613505803274844,1.27007698620501,0.6135448825667279,1.3326038532181796,14.77588026104967,2.0203993903630466,13.93176755637188,18.93782484661378,22369903800.0,26832903800.0,22.73364207317073,6.285446417533015,68.83047323076924,142.48346369426753,6.274867826086957,6.274867826086957,7.539450351222253,53.13446297029703,82.56278092307693,170.9102152866242,0.0109969181002915,0.0070183582997795,1.3475455820476858,0.3712806244686606,8.837623762376237,1.389677419354839,7.619047619047619,1.2896825396825398,0.002503363469985,0.2276422764227642,0.0,0.0,0.2522606074658011,0.5169230769230769,0.0472042708626018,0.9438202247191012,0.001966844619275,17.359422184202412,0.0288888888888888,0.0254263565891472,-24.028879596701707,1510000000.0,517000000.0,-3773000000.0,8330000000.0,2670000000.0,2258000000.0,1324500000.0,67.29137398145546,69.70159611380986,42.00208188757807,1.337467117624953,1.2912186379928314,2.1427509293680296,0.0690042075736325,0.6565321036382821,2019-10-30,1.27,bmo,3530976377.0,2025-04-25,2019-09-30,0.0,83.5425,1160021.078125
2019-06-30,APTV,USD,1521332,2019-07-31,2019-07-31 16:06:47,2019,Q2,3627000000.0,2958000000.0,669000000.0,0.1844499586,0,0.0,0.0,260000000.0,1000000.0,303000000.0,3261000000.0,5000000.0,43000000.0,188000000.0,529000000.0,0.1458505652,335000000.0,0.0923628343,-37000000.0,298000000.0,0.082161566,31000000.0,274000000.0,0.0755445272,1.07,1.07,257020000,257260000,https://www.sec.gov/Archives/edgar/data/1521332/000152133219000035/0001521332-19-000035-index.htm,https://www.sec.gov/Archives/edgar/data/1521332/000152133219000035/aptv630201910-q.htm,14.111742276865614,1.066064897673333,1.992062874484476,1.1516613493113377,1.4201229476305346,14.520270796047,-0.3501673021554742,13.691541514279043,19.449848260835733,20744084200.0,25335084200.0,18.92708412408759,5.719350482492418,40.515789453125,70.08136554054055,5.894880420574026,5.894880420574026,6.985134877309071,47.89240869565217,49.482586328125,85.59150067567568,0.0132085850287861,0.0142691283522653,1.4083546462063086,0.3780897162038449,8.678638941398866,1.2162365321974442,7.790697674418604,1.8892988929889296,0.0027477713381051,0.2080291970802919,0.0,0.0,0.2915776624961855,0.421875,0.0595533498759305,1.148936170212766,0.0057899090157154,18.122130547392235,0.0308606833961967,0.0295067844066336,-24.705275854019145,863000000.0,-90000000.0,-4522000000.0,8366000000.0,2707500000.0,2312000000.0,1315000000.0,66.47642679900744,69.49290060851926,39.67545638945233,1.3538633818589023,1.2950963222416814,2.26840490797546,0.0778630292696788,0.8404015251731383,2019-07-31,1.14,bmo,3108857142.0,2025-04-25,2019-06-30,0.1666666666666668,79.16333333333333,1616269.619047619
2019-03-31,APTV,USD,1521332,2019-05-02,2019-05-02 16:05:23,2019,Q1,3575000000.0,2962000000.0,613000000.0,0.1714685315,0,0.0,0.0,256000000.0,34000000.0,290000000.0,3252000000.0,3000000.0,38000000.0,173000000.0,491000000.0,0.1373426573,297000000.0,0.0830769231,-22000000.0,275000000.0,0.0769230769,33000000.0,240000000.0,0.0671328671,0.93,0.92,259080000,259550000,https://www.sec.gov/Archives/edgar/data/1521332/000152133219000025/0001521332-19-000025-index.htm,https://www.sec.gov/Archives/edgar/data/1521332/000152133219000025/aptv331201910-q.htm,13.798826617261078,0.9263547938860583,0.3242241778601204,-0.5828315578199784,1.238999536822603,14.030415315732592,-0.7796819515207658,13.192836189593947,19.368534815501004,21394826400.0,26053826400.0,22.2862775,5.984566825174825,254.70031428571428,-141.68759205298014,6.259457694558221,6.259457694558221,7.287783608391608,53.06278289205703,310.1646,-172.54189668874173,0.0112176652202235,-0.0070577810343906,1.456992393212405,0.3825178585144788,9.488798370672098,1.200548081714001,7.815789473684211,0.3428571428571428,0.002664195489803,0.2375,0.0,0.0,0.2947230970120593,2.797619047619047,0.0657342657342657,1.3583815028901731,0.0041958041958041,16.58246238067906,0.0271120331950207,0.0261380962753212,-24.50208429828624,805000000.0,-202000000.0,-4565000000.0,8294000000.0,2611500000.0,2337000000.0,1301500000.0,68.87832167832167,71.10060769750169,40.29034436191762,1.3066520467836258,1.2658119658119658,2.233785822021116,0.0702165008777062,0.9070557356800988,2019-05-02,1.01,bmo,3438809523.0,2025-04-25,2019-03-31,0.0396039603960396,76.82131147540984,1865551.1147540985
2018-12-31,APTV,USD,1521332,2019-02-04,2019-02-04 16:12:42,2018,Q4,3636000000.0,2967000000.0,669000000.0,0.1839933993,1443000000,0.0,0.0,242000000.0,-25000000.0,305000000.0,3272000000.0,4000000.0,37000000.0,63000000.0,555000000.0,0.152640264,355000000.0,0.0976347635,-62000000.0,293000000.0,0.0805830583,42000000.0,247000000.0,0.0679317932,0.94,0.94,262610000,263650000,https://www.sec.gov/Archives/edgar/data/1521332/000152133219000007/0001521332-19-000007-index.htm,https://www.sec.gov/Archives/edgar/data/1521332/000152133219000007/aptv1231201810k.htm,13.845626594569897,0.940558242260386,2.882601576482236,2.178134876813526,2.159095236281939,13.975096150184685,-0.8910551768782605,13.171623319751722,16.682533033776323,16168897700.0,19945897700.0,16.365281072874495,4.4468915566556655,21.359177939233817,28.267303671328676,4.674442815842729,4.674442815842729,5.485670434543454,35.93855441441441,26.348609907529724,34.87045052447552,0.0152762423625204,0.0353765612605737,1.2558542931483088,0.348076923076923,6.805405405405406,1.2931781266919329,9.594594594594597,2.945525291828794,0.0035871338341141,0.2348178137651821,0.0,0.3968646864686468,0.3128205128205128,0.2443857331571994,0.0508800880088008,0.915841584158416,0.0068756875687568,16.695666346096697,0.0334483752734654,0.0288013059701492,-21.854651384181867,1083000000.0,-234000000.0,-4033000000.0,8166000000.0,2561000000.0,2294000000.0,1317500000.0,61.55940594059406,70.79878665318503,38.7360970677452,1.462002412545235,1.2712082262210798,2.323414252153485,0.0714079213645562,0.7044666996687102,2019-01-31,1.21,bmo,3283253731.0,2025-04-25,2018-12-31,0.1074380165289257,72.48269841269841,2562332.984126984
2018-09-30,APTV,USD,1521332,2018-10-31,2018-10-31 16:07:38,2018,Q3,3485000000.0,2834000000.0,651000000.0,0.1868005739,0,0.0,0.0,232000000.0,-1000000.0,263000000.0,3097000000.0,5000000.0,34000000.0,163000000.0,491000000.0,0.1408895265,323000000.0,0.0926829268,-30000000.0,293000000.0,0.0840746055,66000000.0,222000000.0,0.0637015782,0.84,0.84,264560000,265330000,https://www.sec.gov/Archives/edgar/data/1521332/000152133218000044/0001521332-18-000044-index.htm,https://www.sec.gov/Archives/edgar/data/1521332/000152133218000044/aptv930201810-q.htm,13.172815240399151,0.8391291200483822,0.6463562140913215,-0.1549742969458724,2.914272754762625,14.397490172361657,1.6291200483822197,13.637738131236771,15.65618385243423,22246850400.0,25583850400.0,25.05275945945946,6.383601262553802,130.0985403508772,-542.6061073170732,6.165978492239468,6.165978492239468,7.341133543758967,52.1056016293279,149.61316023391814,-623.9963512195122,0.0099789406593932,-0.0018429575091672,1.1385809312638582,0.3332522105946296,6.796334012219959,1.536462946560378,9.5,0.7402597402597403,0.0026071106227243,0.2612612612612612,0.0,0.0,0.2740326113409588,1.239766081871345,0.060832137733142,1.3006134969325154,0.0017216642754662,16.046370989855838,0.0279163677843722,0.0248072410325176,-19.24610674327185,1817000000.0,431000000.0,-3314000000.0,8251000000.0,2789500000.0,2280500000.0,1311500000.0,68.04878048780488,71.58080451658434,43.12632321806634,1.3225806451612905,1.2573203194321207,2.0868924889543448,0.0615299334811529,0.8013305110371939,2018-10-31,1.2,bmo,3372580645.0,2025-04-25,2018-09-30,0.0333333333333333,91.37984126984128,1751648.174603175
2018-06-30,APTV,USD,1521332,2018-07-31,2018-07-31 16:11:12,2018,Q2,3684000000.0,2958000000.0,726000000.0,0.1970684039,0,0.0,0.0,260000000.0,2000000.0,290000000.0,3248000000.0,7000000.0,36000000.0,156000000.0,571000000.0,0.1549945711,421000000.0,0.1142779587,-43000000.0,378000000.0,0.1026058632,83000000.0,291000000.0,0.078990228,1.1,1.1,264810000,265480000,https://www.sec.gov/Archives/edgar/data/1521332/000152133218000035/0001521332-18-000035-index.htm,https://www.sec.gov/Archives/edgar/data/1521332/000152133218000035/aptv630201810-q.htm,13.911861334541747,1.098901098901099,2.0580793776670063,1.2801631358332388,3.663003663003663,14.191306974812129,1.3443601072467053,13.30387825233186,15.577206298855783,24264540300.0,27383540300.0,20.845825,6.586465879478827,44.522092293577984,71.5768150442478,6.887465313653136,6.887465313653136,7.433099972855592,47.957163397548165,50.245028073394494,80.77740501474926,0.0119928091116566,0.0139710044290433,1.1606585296622196,0.3320071451770055,5.462346760070052,1.5532286212914486,11.694444444444445,1.7986798679867986,0.0023903193418422,0.1993127147766323,0.0,0.0,0.2762260474179928,0.3779816513761468,0.0559174809989142,1.3205128205128205,0.003800217155266,18.13675948730955,0.0369166518042922,0.0326452770922144,-17.927948340319475,1902000000.0,356000000.0,-3218000000.0,8276000000.0,3059000000.0,2294500000.0,1233500000.0,71.92182410423452,70.19269776876267,38.48884381338743,1.2513586956521738,1.282184655396619,2.3383399209486164,0.0826000567697984,0.7779162418337676,2018-07-31,1.35,bmo,3552428571.0,2025-04-25,2018-06-30,0.0370370370370369,93.23890625,1386838.578125
2018-03-31,APTV,USD,1521332,2018-05-02,2018-05-02 16:21:00,2018,Q1,3630000000.0,2947000000.0,683000000.0,0.18815427,0,0.0,0.0,259000000.0,14000000.0,289000000.0,3236000000.0,5000000.0,34000000.0,155000000.0,543000000.0,0.1495867769,374000000.0,0.103030303,-4000000.0,370000000.0,0.1019283747,59000000.0,307000000.0,0.0845730028,1.16,1.15,265690000,266440000,https://www.sec.gov/Archives/edgar/data/1521332/000152133218000025/0001521332-18-000025-index.htm,https://www.sec.gov/Archives/edgar/data/1521332/000152133218000025/aptv331201810-q.htm,13.662539049267943,1.1554819526515865,0.5833866536188791,-0.331213067861041,5.062290639467048,13.918476419887838,1.9345854190974443,13.049042116752606,16.02243215777786,22575679300.0,25453679300.0,18.384103664495115,6.219195399449036,145.64954387096776,-256.5418102272727,6.511589068358812,6.511589068358812,7.012032865013774,46.87602081031307,164.2172858064516,-289.24635568181816,0.0135987048682074,-0.0038980000925154,1.2180559561580615,0.3362261146496815,5.300184162062615,1.5981661272923409,11.0,0.490506329113924,0.0026134318802092,0.1921824104234527,0.0,0.0,0.2535031847133758,1.5677419354838709,0.0669421487603305,1.5677419354838709,0.0035812672176308,18.418835060046742,0.0352740307632587,0.0327431740614334,-17.070646241860814,2218000000.0,514000000.0,-2936000000.0,8292000000.0,2807000000.0,2254500000.0,1142500000.0,78.69421487603306,69.69121140142518,36.70851713607058,1.1436672967863897,1.2914110429447854,2.451747088186356,0.0885491779636573,0.9145997214799202,2018-05-02,1.2,bmo,3376744186.0,2025-04-25,2018-03-31,0.075,90.76163934426228,1793423.9180327868
2017-12-31,APTV,USD,1521332,2017-12-31,2017-12-31 00:00:00,2017,Q4,3440000000.0,2730000000.0,710000000.0,0.2063953488,1086000000,0.0,0.0,266000000.0,1000000.0,296000000.0,3026000000.0,2000000.0,37000000.0,30000000.0,445000000.0,0.1293604651,386000000.0,0.1122093023,-36000000.0,350000000.0,0.101744186,135000000.0,256000000.0,0.0744186047,0.96,0.95,265839794,267440000,,,12.940124381829758,0.962986000508261,1.609992219599749,1.2074941646998116,6.00361584691869,13.229772514795131,1.3316290788278298,12.409729748737316,15.746325773935862,22891464661.34,25444464661.34,22.354945958339844,6.6544955410872095,53.48473051714953,71.31297402286604,6.938910173185814,6.938910173185814,7.396646703877907,57.17857227267416,59.44968378817757,79.26624505090342,0.0111832075311608,0.0140226938183696,1.2576538344953017,0.3409483112827677,5.737078651685393,1.593502824858757,10.432432432432432,-4.863636363636363,0.0033636991402319,0.30078125,0.0,0.3156976744186046,0.2599227545402252,0.25,0.0311046511627906,15.285714285714286,0.0034883720930232,16.397680031266955,0.027424738111761,0.0284254941150344,-17.62151531008183,2101000000.0,354000000.0,-3011000000.0,8068000000.0,2987000000.0,2486000000.0,1362500000.0,63.837209302325576,73.41758241758242,35.70329670329671,1.4098360655737705,1.22586439155815,2.520775623268698,0.0775992725068202,0.4024980548999372,2018-02-01,1.33,bmo,60382812.0,2025-04-25,2017-12-31,-0.037593984962406,80.38100541458095,2053065.253968254
2017-09-30,APTV,USD,1521332,2017-11-02,2017-11-02 16:07:05,2017,Q3,4333000000.0,3450000000.0,883000000.0,0.2037849065,0,0.0,0.0,317000000.0,-11000000.0,351000000.0,3801000000.0,2000000.0,36000000.0,183000000.0,685000000.0,0.1580890838,511000000.0,0.1179321486,-45000000.0,466000000.0,0.1075467344,60000000.0,395000000.0,0.0911608585,1.48,1.48,266240000,267160000,https://www.sec.gov/Archives/edgar/data/1521332/000152133217000052/0001521332-17-000052-index.htm,https://www.sec.gov/Archives/edgar/data/1521332/000152133217000052/dlph930201710q.htm,16.27478966346154,1.4836237980769231,0.5671574519230769,-0.1765324519230769,2.092097355769231,13.57421875,2.7456430288461537,12.030498798076923,18.53590745192308,21162002551.30624,25504002551.30624,13.393672500826732,4.883914736050367,140.14571226030623,-450.2553734320476,6.606931798721898,6.606931798721898,5.885991818902894,37.23212051285582,168.90067914772345,-542.6383521554519,0.0186655303080293,-0.0022209618341199,1.529503590384015,0.3458280389665396,6.338686131386861,1.619599324161236,14.194444444444445,0.3656174334140435,0.0036385970473879,0.1949367088607595,0.0,0.0,0.2035154595510377,1.3112582781456954,0.0456958227555965,1.0819672131147542,0.0036925917378259,20.03987330773729,0.0443520630188972,0.0350084197465213,-24.50232872596154,2567000000.0,731000000.0,-3842000000.0,9269000000.0,3476000000.0,2674000000.0,1563500000.0,73.40410800830833,71.6086956521739,42.83478260869565,1.226089417091115,1.2568306010928962,2.1010962241169304,0.1233218857321261,0.7436899038461539,2017-11-02,1.57,bmo,4098078313.0,2025-04-25,2017-09-30,0.0573248407643311,76.1223825596254,1943129.031746032
2017-06-30,APTV,USD,1521332,2017-08-02,2017-08-02 16:20:01,2017,Q2,4318000000.0,3419000000.0,899000000.0,0.2081982399,0,0.0,0.0,301000000.0,-10000000.0,334000000.0,3753000000.0,1000000.0,35000000.0,181000000.0,657000000.0,0.1521537749,468000000.0,0.1083835109,-27000000.0,441000000.0,0.102130616,62000000.0,369000000.0,0.0854562297,1.38,1.38,267410000,268030000,https://www.sec.gov/Archives/edgar/data/1521332/000152133217000045/0001521332-17-000045-index.htm,https://www.sec.gov/Archives/edgar/data/1521332/000152133217000045/dlph630201710q.htm,16.147488874761603,1.379903518940952,2.240005983321492,1.5743614674095958,2.9617441382147263,12.284506936913354,1.589319771137953,10.826072323398527,15.35843835309076,18874374494.29346,22154374494.29346,12.787516595049771,4.371091823597374,31.50980716910428,44.83224345437877,6.519645766595324,6.519645766595324,5.130702754583941,33.72050912373434,36.98560015741813,52.62321732611273,0.0195503167594541,0.0223053749477783,1.4065630397236617,0.3118872549019608,4.992389649923896,1.4026378896882494,13.371428571428572,1.5518134715025906,0.0041325872824862,0.2113821138211382,0.0,0.0,0.2190563725490196,0.2971619365609348,0.0412227883279295,0.9834254143646408,0.0039370078740157,18.33374059339105,0.0451965481101981,0.0361906630051,-21.214614262742604,1679000000.0,425000000.0,-3922000000.0,8210000000.0,3414000000.0,2576000000.0,1430000000.0,71.24131542380732,68.52003509798186,39.09037730330506,1.2633118782913986,1.3134844410295812,2.302356902356902,0.127461139896373,0.6656445159118956,2017-08-02,1.65,bmo,4166491228.0,2025-04-25,2017-06-30,0.0363636363636364,67.13488610156348,2489270.0
2017-03-31,APTV,USD,1521332,2017-05-03,2017-05-03 16:03:10,2017,Q1,4292000000.0,3445000000.0,847000000.0,0.1973438956,0,0.0,0.0,288000000.0,-3000000.0,321000000.0,3766000000.0,2000000.0,34000000.0,175000000.0,611000000.0,0.1423578751,464000000.0,0.1081081081,-62000000.0,402000000.0,0.0936626281,61000000.0,335000000.0,0.0780521901,1.24,1.24,269200000,269540000,https://www.sec.gov/Archives/edgar/data/1521332/000152133217000033/0001521332-17-000033-index.htm,https://www.sec.gov/Archives/edgar/data/1521332/000152133217000033/dlph331201710q.htm,15.943536404160476,1.2444279346210996,1.077265973254086,0.2786032689450223,2.0319465081723624,10.954680534918277,0.549777117384844,9.580237741456166,14.981426448737,17390878190.07648,20842878190.07648,12.978267306027224,4.051928748852862,59.96854548302235,231.8783758676864,6.743264129537216,6.743264129537216,4.856215794519217,34.11273026199097,71.87199375888441,277.9050425343531,0.0192629720212264,0.0043126056763939,1.5506010081426909,0.3199967992318156,5.6497545008183305,1.3409090909090908,13.647058823529411,0.8238636363636364,0.0044851099034497,0.2328358208955223,0.0,0.0,0.2241337921101064,0.7413793103448276,0.0500931966449207,1.2285714285714286,0.0039608574091332,16.37812864707188,0.0467837917272073,0.0345503300330033,-21.38187221396731,1395000000.0,148000000.0,-4061000000.0,7765000000.0,2770000000.0,2110000000.0,1303500000.0,71.50512581547065,66.59216255442671,35.92162554426706,1.2586510263929618,1.351510396233817,2.5054545454545454,0.1298953082590151,0.7986627043090639,2017-05-03,1.46,bmo,3941081761.0,2025-04-25,2017-03-31,0.089041095890411,60.19316377586291,2414882.983870968
2016-12-31,APTV,USD,1521332,2017-02-06,2017-02-06 08:49:19,2016,Q4,4313000000.0,3238000000.0,1075000000.0,0.2492464642,969000000,0.0,0.0,311000000.0,-302000000.0,344000000.0,3582000000.0,0.0,33000000.0,33000000.0,531000000.0,0.1231161604,655000000.0,0.1518664503,-335000000.0,320000000.0,0.0741942963,26000000.0,281000000.0,0.0651518665,1.04,1.03,269789959,271640000,https://www.sec.gov/Archives/edgar/data/1521332/000152133217000013/0001521332-17-000013-index.htm,https://www.sec.gov/Archives/edgar/data/1521332/000152133217000013/dlph1231201610k.htm,15.986510454230803,1.0415509941198366,2.5315990355297098,1.738389381644852,3.106120046521079,10.241300344317114,0.0555988075152937,8.899515789614691,14.841175019415752,14526399151.031008,17659399151.031006,12.923842661059618,3.3680498843104587,21.26851998686824,30.973132518189782,6.050145419005001,6.050145419005001,4.094458416654534,33.25687222416385,25.85563565304686,37.65330309388274,0.0193440918894243,0.0322860466054805,1.6538942107455228,0.3230556459485844,5.9001883239171375,1.3064127290260366,19.848484848484848,2.2320261437908497,0.0054383745881299,0.2811387900355871,0.0,0.224669603524229,0.2235600390497884,0.3133235724743777,0.0496174356596336,1.202247191011236,0.0048690006955715,14.44158021657648,0.0737838707699852,0.0294425817267393,-24.00941837868769,1271000000.0,15000000.0,-4110000000.0,7534000000.0,2556500000.0,2107500000.0,1303500000.0,44.44702063528866,46.445336627547874,34.24336009882644,2.024882629107981,1.9377618192698984,2.6282467532467533,0.1170345689296126,0.7932096538848579,2017-02-02,1.6,bmo,3770928961.0,2025-04-25,2016-12-31,0.14375,53.59765930647619,2863314.3174603176
2016-09-30,APTV,USD,1521332,2016-11-02,2016-11-02 16:34:14,2016,Q3,4091000000.0,3256000000.0,835000000.0,0.2041065754,0,0.0,0.0,278000000.0,6000000.0,312000000.0,3568000000.0,1000000.0,41000000.0,174000000.0,568000000.0,0.1388413591,460000000.0,0.1124419457,-110000000.0,353000000.0,0.0862869714,57000000.0,293000000.0,0.0716206307,1.08,1.07,272190000,272770000,https://www.sec.gov/Archives/edgar/data/1521332/000152133216000129/0001521332-16-000129-index.htm,https://www.sec.gov/Archives/edgar/data/1521332/000152133216000129/dlph930201610q.htm,15.02994231970315,1.0764539476101254,1.5246702670928396,0.7825416069657225,1.4511921819317388,10.731474337778758,0.0587824681288805,9.37580366655645,15.11811602189647,15454699445.368467,19133699445.36847,13.186603622328043,3.777731470390728,37.2402396273939,72.55727439140125,6.055916710567581,6.055916710567581,4.677022597254576,33.68609057283181,46.10529986835776,89.82957486088483,0.0189586346234515,0.0137822156136354,1.5963949843260188,0.3360831545949513,6.477112676056338,1.3400156209320488,11.21951219512195,1.3562091503267977,0.0051117137721934,0.2696245733788396,0.0,0.0,0.2396469229500082,0.4867469879518072,0.0493766805182107,1.160919540229885,0.0046443412368614,15.06930554305171,0.0463775856202235,0.0317890853857003,-21.607149417686173,1306000000.0,16000000.0,-4054000000.0,7733000000.0,2941500000.0,2535500000.0,1346500000.0,65.62454167685163,70.31941031941032,38.00675675675676,1.371438149513912,1.279874213836478,2.368,0.1148119122257053,0.7421286601271171,2016-11-02,1.43,bmo,3900086666.0,2025-04-25,2016-09-30,0.0489510489510489,53.61090090844219,2790435.140625
2016-06-30,APTV,USD,1521332,2016-08-03,2016-08-03 16:05:51,2016,Q2,4206000000.0,3348000000.0,858000000.0,0.2039942939,0,0.0,0.0,279000000.0,-2000000.0,313000000.0,3661000000.0,0.0,41000000.0,190000000.0,579000000.0,0.137660485,391000000.0,0.0929624346,-46000000.0,348000000.0,0.0827389444,84000000.0,258000000.0,0.0613409415,0.95,0.94,272920000,273370000,https://www.sec.gov/Archives/edgar/data/1521332/000152133216000115/0001521332-16-000115-index.htm,https://www.sec.gov/Archives/edgar/data/1521332/000152133216000115/dlph630201610q.htm,15.411109482632272,0.9453319654111096,2.1068444965557678,1.4766231862816943,1.6012018173823832,10.149494357320826,-0.5349552982558992,8.724168254433534,15.04836582148615,13541707203.037905,17170707203.037905,13.121809305269286,3.219616548511152,23.550795135718097,33.60225112416354,5.687403277210375,5.687403277210375,4.082431574664266,29.655798278131098,29.86209948354418,42.60721390331986,0.0190522506602506,0.0297599109150426,1.7076858462830744,0.3400518524713556,6.267702936096718,1.2954603744549884,9.53658536585366,2.121771217712177,0.0058338286905418,0.3062015503875969,0.0,0.0,0.24387388140838,0.2991304347826087,0.0408939610080836,0.9052631578947368,0.0026153114598193,13.62214337970238,0.0363728620055392,0.0285366662979758,-21.67668181151986,1152000000.0,-146000000.0,-4136000000.0,7498000000.0,2917000000.0,2520500000.0,1302500000.0,62.05420827389443,67.93010752688173,35.43010752688172,1.450344827586207,1.324891175306688,2.5402124430955992,0.1083578328433431,0.630221310274073,2016-08-03,1.55,bmo,4100188679.0,2025-04-25,2016-06-30,0.0258064516129032,55.28928503625937,2736949.421875
2016-03-31,APTV,USD,1521332,2016-05-04,2016-05-04 16:09:47,2016,Q1,4051000000.0,3265000000.0,786000000.0,0.1940261664,0,0.0,0.0,277000000.0,3000000.0,310000000.0,3575000000.0,1000000.0,41000000.0,162000000.0,638000000.0,0.1574919773,441000000.0,0.1088620094,-40000000.0,404000000.0,0.0997284621,75000000.0,425000000.0,0.1049123673,1.54,1.53,276620000,277040000,https://www.sec.gov/Archives/edgar/data/1521332/000152133216000102/0001521332-16-000102-index.htm,https://www.sec.gov/Archives/edgar/data/1521332/000152133216000102/dlph331201610q.htm,14.644638854746583,1.536403730749765,0.968838117272793,0.1012218928493962,1.6737762996168029,9.55823873906442,-1.1532065649627647,8.188128117995806,15.884607042151687,16380583533.486938,20270583533.48694,9.635637372639374,4.043590109475916,61.121580348831856,585.0208404816764,7.232045710148759,7.232045710148759,5.003846836210056,31.772074503898025,75.63650572196619,723.9494119102478,0.0259453516494799,0.0017093408145539,1.9218543046357617,0.3606163532433104,6.09717868338558,1.2514159074119675,10.75609756097561,0.8,0.0048838308987256,0.188235294117647,0.0,0.0,0.2454643360119294,0.8955223880597015,0.0592446309553196,1.4814814814814814,0.0041964946926684,16.82427080850105,0.0428659809165447,0.0466622749231444,-22.12421372279661,1021000000.0,-319000000.0,-4345000000.0,7430000000.0,2842000000.0,2527500000.0,1234000000.0,65.18390520859047,69.29862174578867,35.47626339969372,1.3807089297886843,1.2987271280827366,2.536907536907537,0.1876379690949227,0.8676162244233967,2016-05-04,1.34,bmo,3991426470.0,2025-04-25,2016-03-31,0.0149253731343283,53.91940049211967,3743531.344262295
2015-12-31,APTV,USD,1521332,2016-02-08,2016-02-08 08:38:48,2015,Q4,3879000000.0,3161000000.0,718000000.0,0.1850992524,1500000000,0.0,0.0,252000000.0,-21000000.0,275000000.0,3436000000.0,1000000.0,35000000.0,23000000.0,460000000.0,0.1185872648,335000000.0,0.0863624646,-56000000.0,279000000.0,0.0719257541,61000000.0,192000000.0,0.0494972931,0.69,0.68,278208470,281640000,https://www.sec.gov/Archives/edgar/data/1521332/000152133216000084/0001521332-16-000084-index.htm,https://www.sec.gov/Archives/edgar/data/1521332/000152133216000084/dlph1231201510k.htm,13.942781828317449,0.6901299590195799,2.498126674576083,1.9050462410436315,1.9230183753931,9.823568635419331,-0.6793466784098989,8.0874604572607,14.532267834980006,18737867797.18038,22210867797.18038,24.398265360911957,4.830592368440418,26.96096085925235,35.35446754184978,8.327941243191281,8.327941243191281,5.725926217370555,48.2844952112617,31.95808316141062,41.907297730529024,0.0102466300903719,0.0282849684786308,1.7813333333333334,0.3347531946880481,7.55,1.3040488922841864,9.571428571428571,3.102678571428572,0.0037357505537814,0.3645833333333333,0.0,0.3866976024748647,0.2440491104986219,0.237410071942446,0.0425367362722351,1.13013698630137,0.005671564836298,11.206313932943807,0.0323235703138347,0.0212131256214782,-21.753471416596337,1194000000.0,-189000000.0,-4119000000.0,7493000000.0,2682500000.0,2434000000.0,1184000000.0,63.80510440835267,72.3473584308763,33.62543498892755,1.4105454545454543,1.2439984258166077,2.6765453005927182,0.0853333333333333,0.5930804335324514,2016-02-04,1.38,bmo,3851093525.0,2025-04-25,2015-12-31,0.0072463768115942,65.62337852918282,2307286.65625
2015-09-30,APTV,USD,1521332,2015-10-29,2015-10-29 16:17:00,2015,Q3,3631000000.0,2862000000.0,769000000.0,0.2117873864,0,0.0,0.0,249000000.0,-2000000.0,272000000.0,3134000000.0,2000000.0,30000000.0,131000000.0,628000000.0,0.1729551088,461000000.0,0.1269622693,-41000000.0,420000000.0,0.1156706142,61000000.0,404000000.0,0.1112641146,1.43,1.42,282970000,284400000,https://www.sec.gov/Archives/edgar/data/1521332/000152133215000070/0001521332-15-000070-index.htm,https://www.sec.gov/Archives/edgar/data/1521332/000152133215000070/dlph930201510q.htm,12.8317489486518,1.4277131851433014,1.1980068558504435,0.5654309644131886,1.5337314909707742,9.80315934551366,5.194896985546171,8.184613209880906,11.138989998939817,16853201732.752026,19541201732.752026,10.428961468287143,4.641476654572301,49.71445938864904,105.33251082970015,7.276857397561323,7.276857397561323,5.381768585169933,31.116563268713417,57.64366292847205,122.13251082970017,0.0239717061722982,0.0094937450187319,1.348013816925734,0.289288361749444,4.280254777070064,1.2547169811320755,15.366666666666667,0.9313186813186812,0.0042128493520623,0.1757425742574257,0.0,0.0,0.1208302446256486,0.528023598820059,0.0492977141283393,1.366412213740458,0.0046819058110713,16.2147711790365,0.0548198717439118,0.0425801011804384,-17.773085486093933,1026000000.0,1470000000.0,-2964000000.0,5340000000.0,2657500000.0,2356500000.0,1168500000.0,64.81685486091985,73.17610062893081,37.32704402515724,1.388527724665392,1.2299097550494198,2.4111204717775907,0.1744386873920552,0.6325758914372548,2015-10-29,1.27,bmo,3602632812.0,2025-04-25,2015-09-30,0.0078740157480315,60.11704212291094,3043808.65625
2015-06-30,APTV,USD,1521332,2015-07-30,2015-07-30 16:14:43,2015,Q2,3858000000.0,3076000000.0,782000000.0,0.2026956973,0,0.0,0.0,261000000.0,-2000000.0,284000000.0,3360000000.0,1000000.0,30000000.0,23000000.0,614000000.0,0.1591498186,481000000.0,0.1246759979,-32000000.0,449000000.0,0.1163815448,80000000.0,645000000.0,0.16718507,2.26,2.23,285906302,288850000,https://www.sec.gov/Archives/edgar/data/1521332/000152133215000057/0001521332-15-000057-index.htm,https://www.sec.gov/Archives/edgar/data/1521332/000152133215000057/dlph630201510q.htm,13.493931309006264,2.255983850261545,1.867744769053744,1.3535903101569269,4.095747424273285,10.56639877773663,6.089407571016046,8.709146956823638,9.674498185772764,18996187686.86937,20561187686.86937,7.3628634445230094,4.92384336103405,35.5733851814033,49.08575629682007,7.62899103890336,7.62899103890336,5.329493957197865,33.48727636297942,38.5040967918902,53.12968394539888,0.0339541812616349,0.0203725087569809,1.0987951807228915,0.2531223980016653,2.54885993485342,1.5731707317073171,16.033333333333335,1.4471544715447155,0.0037902341873452,0.1116279069767441,0.0,0.0,0.1184198353224165,0.2752808988764045,0.0381026438569206,1.0888888888888888,0.0057024364955935,21.025535305750093,0.055833113132762,0.0676881099800608,-14.050057560466088,2162000000.0,1741000000.0,-1854000000.0,6430000000.0,2688500000.0,2336500000.0,1115500000.0,62.98600311041991,69.81144343302991,33.647594278283485,1.4288888888888889,1.28918692372171,2.674782608695652,0.2590361445783132,0.5141544588968172,2015-07-30,1.34,bmo,3858000000.0,2025-04-25,2015-06-30,0.0,66.77209225026508,2475676.047619048
2015-03-31,APTV,USD,1521332,2015-04-30,2015-04-30 16:10:40,2015,Q1,3797000000.0,3056000000.0,741000000.0,0.195154069,0,0.0,0.0,255000000.0,-3000000.0,279000000.0,3335000000.0,1000000.0,32000000.0,128000000.0,520000000.0,0.1369502239,446000000.0,0.1174611535,-86000000.0,360000000.0,0.0948116934,61000000.0,209000000.0,0.0550434554,0.72,0.72,290900000,291810000,https://www.sec.gov/Archives/edgar/data/1521332/000152133215000034/0001521332-15-000034-index.htm,https://www.sec.gov/Archives/edgar/data/1521332/000152133215000034/dlph331201510q.htm,13.052595393606053,0.7184599518734961,0.4640770024063252,-0.268133379168099,1.9181849432794773,9.154348573392918,4.712959779993125,7.408044001375043,9.449982811962874,18059523559.21197,20218523559.21197,21.602300908148287,4.756261142800097,133.77424858675533,-231.5323533232304,8.380289354622724,8.380289354622724,5.324867937638127,38.88177607540763,149.76684117934795,-259.2118405027176,0.0115728412942207,-0.0043190508179388,1.2607888631090487,0.2596521406727828,4.151923076923077,1.4895233106338397,13.9375,0.4440789473684211,0.0040421885860196,0.3492822966507177,0.0,0.0,0.1234709480122324,1.5777777777777775,0.0560969186199631,1.6640625,0.0034237555965235,10.94319953559537,0.0553703703703703,0.0227867422590492,-16.138707459608113,1869000000.0,1371000000.0,-2114000000.0,6066000000.0,2538500000.0,2282500000.0,1092500000.0,63.45272583618647,67.35274869109948,31.8357329842932,1.4183787822189018,1.3362483602973327,2.8270120259019427,0.096983758700696,0.7322103815744242,2015-04-30,1.17,bmo,3671479338.0,2025-04-25,2015-03-31,0.0341880341880342,58.42356890892786,2462604.0327868853
2014-12-31,APTV,USD,1521332,2015-02-09,2015-02-09 08:42:23,2014,Q4,4152000000.0,3343000000.0,809000000.0,0.1948458574,1600000000,0.0,0.0,278000000.0,1000000.0,303000000.0,3646000000.0,4000000.0,34000000.0,25000000.0,633000000.0,0.1524566474,486000000.0,0.1170520231,-33000000.0,453000000.0,0.1091040462,82000000.0,344000000.0,0.0828516378,1.18,1.16,291619411,296930000,https://www.sec.gov/Archives/edgar/data/1521332/000152133215000014/0001521332-15-000014-index.htm,https://www.sec.gov/Archives/edgar/data/1521332/000152133215000014/dlph1231201410k.htm,14.23773536117594,1.1796196927371203,2.99362788302182,2.3455228774191577,3.099930820448712,10.331959692491116,5.524323619184595,8.607108804564453,8.521380629220186,16458082417.466808,18005082417.46681,11.96081571036832,3.9638926824342025,18.852328084154426,24.061524002144456,6.557004947197933,6.557004947197933,4.336484204592199,28.444048052870155,20.6243784850708,26.323219908577205,0.0209015844783299,0.0415601272766794,0.9764940239043824,0.2280848687883863,2.4439178515007898,1.3432759064026742,14.294117647058824,2.3722826086956523,0.0044355106596456,0.2122093023255813,0.0,0.3853564547206166,0.130467150567653,0.2164948453608247,0.0455202312138728,1.2945205479452055,0.005057803468208,15.114400036931464,0.0577603381317987,0.0368150684931506,-15.352201640651415,1335000000.0,1611000000.0,-2509000000.0,6080000000.0,2619500000.0,2399500000.0,1165500000.0,52.02312138728323,61.328148369727785,29.72180676039485,1.73,1.4675153643546972,3.028079710144928,0.1370517928286852,0.648105005602662,2015-02-04,1.24,bmo,3994727272.0,2025-04-25,2014-12-31,0.0645161290322581,53.42250497418594,2264817.421875
2014-09-30,APTV,USD,1521332,2014-10-24,2014-10-24 16:09:36,2014,Q3,4144000000.0,3388000000.0,756000000.0,0.1824324324,0,0.0,0.0,270000000.0,3000000.0,295000000.0,3683000000.0,2000000.0,33000000.0,150000000.0,534000000.0,0.1288610039,414000000.0,0.0999034749,-50000000.0,386000000.0,0.0931467181,63000000.0,305000000.0,0.0736003861,1.02,1.02,298590000,300140000,https://www.sec.gov/Archives/edgar/data/1521332/000152133214000049/0001521332-14-000049-index.htm,https://www.sec.gov/Archives/edgar/data/1521332/000152133214000049/dlph930201410q.htm,13.878562577447337,1.0214675642184936,1.6711879165410763,1.0147694162564052,3.4361499045513915,11.316520981948493,7.689473860477578,9.692220101142034,8.329146990857028,14163499461.576508,15591499461.576508,11.609425788177465,3.4178328816545624,28.383766456065143,46.74422264546702,4.894091037172256,4.894091037172256,3.762427476249157,29.197564534787467,31.245489902958933,51.45709393259573,0.02153422611604,0.0213930180759348,0.8479612992398065,0.2246635539686899,2.6741573033707864,1.4781477627471384,12.545454545454543,1.5353846153846151,0.0052953015039442,0.2459016393442623,0.0,0.0,0.0991485855534193,0.3927855711422846,0.0472972972972973,1.3066666666666666,0.0053088803088803,14.925028988853564,0.0486832562975648,0.0309959349593495,-12.643591546937271,1838000000.0,2296000000.0,-1862000000.0,6194000000.0,2944000000.0,2608500000.0,1244500000.0,61.65781853281853,66.96871310507673,32.59445100354191,1.4596688974991194,1.3439111463704878,2.76120619396903,0.1053904630269523,0.6564185002846713,2014-10-24,1.13,bmo,4036827586.0,2025-04-25,2014-09-30,0.0265486725663717,52.86012184302031,2230880.9375
2014-06-30,APTV,USD,1521332,2014-07-31,2014-07-31 16:09:00,2014,Q2,4451000000.0,3611000000.0,840000000.0,0.1887216356,0,0.0,0.0,272000000.0,1000000.0,297000000.0,3908000000.0,2000000.0,33000000.0,146000000.0,654000000.0,0.1469332734,488000000.0,0.1096382835,-56000000.0,458000000.0,0.1028982251,62000000.0,382000000.0,0.0858234105,1.26,1.26,302680000,303740000,https://www.sec.gov/Archives/edgar/data/1521332/000152133214000038/0001521332-14-000038-index.htm,https://www.sec.gov/Archives/edgar/data/1521332/000152133214000038/dlph630201410q.htm,14.70529932602088,1.262058940134796,2.071494647812872,1.5032377428307122,3.8522532047046383,12.171269988106252,8.345447337121712,10.324435046914234,8.209990749306199,16030664233.060568,17316664233.06057,10.491272403835447,3.60158711144924,25.567247580638863,35.2322290836496,5.129812554579382,5.129812554579382,3.890510948789164,26.47807986706509,27.6182842632545,38.05860271002323,0.0238293307405309,0.028383103368957,0.78464,0.2141110723017813,1.966360856269113,1.5212606303151577,14.787878787878787,1.5443349753694582,0.0047409139693202,0.1989528795811518,0.0,0.0,0.1011177086971708,0.2743221690590112,0.0386430015726802,1.178082191780822,0.0042687036620984,17.122383739946383,0.0563637275753167,0.0371089955313775,-12.172095942910005,2084000000.0,2526000000.0,-1686000000.0,6553000000.0,3057500000.0,2688500000.0,1248500000.0,61.65131431139071,67.1946829133204,31.45389088895043,1.4598228927517218,1.3393916913946589,2.861331220285261,0.12224,0.5682569049821594,2014-07-31,1.33,bmo,4168894366.0,2025-04-25,2014-06-30,0.0676691729323307,52.196929001,2531826.047619048
2014-03-31,APTV,USD,1521332,2014-04-24,2014-04-24 16:10:21,2014,Q1,4276000000.0,3508000000.0,768000000.0,0.1796071094,0,0.0,0.0,261000000.0,2000000.0,287000000.0,3795000000.0,2000000.0,35000000.0,145000000.0,595000000.0,0.1391487371,459000000.0,0.1073433115,-32000000.0,408000000.0,0.0954162769,75000000.0,320000000.0,0.0748362956,1.05,1.04,305850000,306890000,https://www.sec.gov/Archives/edgar/data/1521332/000152133214000022/0001521332-14-000022-index.htm,https://www.sec.gov/Archives/edgar/data/1521332/000152133214000022/dlph331201410q.htm,13.980709498119994,1.046264508746117,0.4446624162170999,-0.5296714075527219,3.1976459048553214,11.423900604871667,7.533104462972045,9.681216282491418,8.121628249141736,15932079405.909466,17403079405.909466,12.446937035866773,3.72593063749052,117.14764269051076,-98.34616917228064,5.380641474471282,5.380641474471282,4.069943733842251,29.248872951108343,127.963819161099,-107.4264160858609,0.0200852626858805,-0.010168164234727,0.8270854441067207,0.2190126989805043,2.4722689075630253,1.4961832061068705,13.114285714285714,0.3988269794721407,0.00483301633379,0.240625,0.0,0.0,0.1064210338043283,2.1911764705882355,0.0696913002806361,2.055172413793104,0.0032740879326473,15.096524184459826,0.0514382809281889,0.0320256204963971,-12.401504005231322,1950000000.0,2304000000.0,-1808000000.0,6391000000.0,2864000000.0,2638000000.0,1164000000.0,64.53227315247895,68.78278221208666,31.68472063854048,1.3946510110893673,1.308466989929131,2.840485829959514,0.1080715974332995,0.9743338237698218,2014-04-24,1.08,bmo,3848400000.0,2025-04-25,2014-03-31,0.111111111111111,48.92632667910984,2484375.6393442624
2013-12-31,APTV,USD,1521332,2014-02-10,2014-02-10 08:23:55,2013,Q4,4182000000.0,3426000000.0,756000000.0,0.1807747489,1300000000,0.0,0.0,264000000.0,7000000.0,289000000.0,3715000000.0,3000000.0,37000000.0,25000000.0,617000000.0,0.1475370636,417000000.0,0.099713056,-30000000.0,387000000.0,0.0925394548,74000000.0,298000000.0,0.0712577714,0.97,0.97,306389149,308640000,https://www.sec.gov/Archives/edgar/data/1521332/000152133214000011/0001521332-14-000011-index.htm,https://www.sec.gov/Archives/edgar/data/1521332/000152133214000011/dlph1231201310k.htm,13.64930844858347,0.9726193012142216,2.2193997477371497,1.6645498108028622,4.533450367068972,11.207968726072606,7.229368295937922,9.500989214210064,7.993102915012177,14087243618.37624,15110243618.37624,11.818157397966642,3.368542232992884,20.71653473290624,27.622046310541645,4.8393141938771,4.8393141938771,3.613162032132052,24.4898599973683,22.22094649761212,29.627928663482823,0.0211538898646766,0.0362029658757889,0.8285812435589145,0.2183398207658188,1.6580226904376012,1.4771443246019518,11.27027027027027,2.118380062305296,0.0036912827951784,0.174496644295302,0.0,0.3108560497369679,0.1103467004616638,0.25,0.040650406504065,1.223021582733813,0.0026303204208512,14.41939747469703,0.0467512567079945,0.0303215303215303,-12.014133046206542,1858000000.0,2215000000.0,-1861000000.0,6293000000.0,2759000000.0,2549500000.0,1163000000.0,57.2883787661406,68.16987740805605,28.712784588441338,1.5709992486851991,1.3202312138728325,3.134492223238792,0.1023703194778426,0.5548499369342874,2014-02-04,1.04,bmo,3883285714.0,2025-04-25,2013-12-31,0.0769230769230769,44.167968218457816,2258520.90625
2013-09-30,APTV,USD,1521332,2013-11-05,2013-11-05 16:09:17,2013,Q3,4017000000.0,3338000000.0,679000000.0,0.1690316156,0,0.0,0.0,228000000.0,27000000.0,255000000.0,3593000000.0,4000000.0,34000000.0,138000000.0,551000000.0,0.1371670401,387000000.0,0.0963405527,-30000000.0,357000000.0,0.0888722928,72000000.0,271000000.0,0.0674632811,0.88,0.87,309680000,310620000,https://www.sec.gov/Archives/edgar/data/1521332/000152133213000043/0001521332-13-000043-index.htm,https://www.sec.gov/Archives/edgar/data/1521332/000152133213000043/dlph930201310q.htm,12.971454404546629,0.8750968741927151,1.2851976233531388,0.7168690260914492,3.400284164298631,10.407517437354688,6.445362955308706,8.867217773185223,7.917850684577629,13791664906.522495,15156664906.522495,12.722938105648058,3.4333245970929798,34.652424388247475,62.12461669604728,5.0224562660315,5.0224562660315,3.7731304223356976,27.50755881401542,38.08207262945351,68.27326534469593,0.0196495493355436,0.0160966787914785,0.8805535324107793,0.2236610859309962,2.4773139745916515,1.5003889032927145,11.382352941176473,1.3583617747440273,0.0038429007925602,0.1955719557195571,0.0,0.0,0.113495513828508,0.4422110552763819,0.0438137913866069,1.2753623188405796,0.0029873039581777,13.213352243555027,0.0440538399874422,0.0282762938230384,-12.19484629294756,1930000000.0,1996000000.0,-1801000000.0,6139000000.0,2990500000.0,2502500000.0,1197500000.0,63.988050784167285,67.513481126423,33.244457759137205,1.406512605042017,1.3330670926517572,2.707218167072181,0.0986890021849963,0.5683285972616895,2013-11-05,0.94,bmo,3892762886.0,2025-04-25,2013-09-30,0.0319148936170213,42.29576302464844,2015034.515625
2013-06-30,APTV,USD,1521332,2013-07-31,2013-07-31 16:11:11,2013,Q2,4240000000.0,3464000000.0,776000000.0,0.1830188679,0,0.0,0.0,241000000.0,1000000.0,267000000.0,3731000000.0,4000000.0,36000000.0,132000000.0,620000000.0,0.1462264151,483000000.0,0.1139150943,-31000000.0,452000000.0,0.1066037736,73000000.0,367000000.0,0.0865566038,1.18,1.17,311930000,312690000,https://www.sec.gov/Archives/edgar/data/1521332/000152133213000027/0001521332-13-000027-index.htm,https://www.sec.gov/Archives/edgar/data/1521332/000152133213000027/dlph630201310q.htm,13.592793254896932,1.1765460199403712,1.6766582246016737,1.2823389863110313,3.209053313243356,9.752187990895392,5.828230692783637,8.081941461225275,7.892796460744398,12318029188.148466,13743029188.148466,8.391028057321844,2.905195563242563,23.55263707102957,30.79507297037117,4.886167865191776,4.886167865191776,3.24128046890294,22.16617610991688,26.27730246299898,34.357572970371166,0.0297937270966285,0.032472727080794,0.9623165410551368,0.2299308122452848,2.298387096774193,1.4788658440535574,13.416666666666666,1.3444730077120823,0.0043026363382052,0.1444141689373297,0.0,0.0,0.1160079613306795,0.2351816443594646,0.0290094339622641,0.9318181818181818,0.0033018867924528,14.626942993698393,0.0595490902561179,0.0393481290875951,-11.487352931747507,1824000000.0,1818000000.0,-1876000000.0,5923000000.0,3086500000.0,2443500000.0,1155000000.0,66.33254716981132,64.97979214780601,30.1905311778291,1.3568,1.385045981607357,2.981067125645439,0.1455771519238397,0.3943192382906421,2013-07-31,1.14,bmo,3898064516.0,2025-04-25,2013-06-30,0.0877192982456141,35.55596085605937,2532343.0625
2013-03-31,APTV,USD,1521332,2013-05-01,2013-05-01 16:22:57,2013,Q1,4024000000.0,3339000000.0,685000000.0,0.1702286282,0,0.0,0.0,230000000.0,2000000.0,256000000.0,3595000000.0,3000000.0,36000000.0,131000000.0,565000000.0,0.1404075547,397000000.0,0.0986580517,-70000000.0,327000000.0,0.0812624254,37000000.0,276000000.0,0.0685884692,0.88,0.88,314680000,315360000,https://www.sec.gov/Archives/edgar/data/1521332/000152133213000021/0001521332-13-000021-index.htm,https://www.sec.gov/Archives/edgar/data/1521332/000152133213000021/dlph331201310q.htm,12.78759374602771,0.8770814795983221,0.4734968857251811,-0.2033812126604804,2.6376001016906065,9.206177704334564,5.291089360620313,7.620439811872378,7.989068259819499,10483813178.623629,12131813178.623629,9.496207589332998,2.605321366457164,70.3611622726418,-163.8095809159942,4.371898740043215,4.371898740043215,3.014864109995932,21.472235714378105,81.42156495720556,-189.5595809159942,0.02632629896179,-0.0061046490346179,1.0333611342785656,0.2412148350043804,2.916814159292036,1.4662493195427326,11.02777777777778,0.5,0.005055412481793,0.1920289855072463,0.0,0.0,0.1199260196631947,1.429530201342282,0.0529324055666004,1.6259541984732824,0.0024850894632206,12.26312762190817,0.052533499060484,0.0305275965048114,-11.713486716664548,1713000000.0,1665000000.0,-1989000000.0,5788000000.0,2736500000.0,2332000000.0,1107000000.0,68.17097415506959,64.31266846361186,30.943396226415093,1.3202099737532809,1.3994132439228837,2.908536585365854,0.1150959132610508,0.6768780983856616,2013-05-01,0.96,bmo,3610317757.0,2025-04-25,2013-03-31,0.1145833333333334,30.48693742546,3198724.8
2012-12-31,APTV,USD,1521332,2013-02-11,2013-02-11 07:23:10,2012,Q4,3767000000.0,3158000000.0,609000000.0,0.1616671091,1200000000,0.0,0.0,254000000.0,-10000000.0,278000000.0,3436000000.0,3000000.0,36000000.0,24000000.0,313000000.0,0.083089992,177000000.0,0.0469869923,-46000000.0,131000000.0,0.0347756836,-15000000.0,136000000.0,0.0361029997,0.43,0.43,315299183,317380000,https://www.sec.gov/Archives/edgar/data/1521332/000152133213000010/0001521332-13-000010-index.htm,https://www.sec.gov/Archives/edgar/data/1521332/000152133213000010/dlph1231201210k.htm,11.947382686367442,0.4313363539543329,0.9831931597488472,0.5328272607671172,3.504607875878955,8.975602071255604,4.928652162095834,7.437380514874344,7.928977094748768,9095908120.420065,10454908120.420065,16.72041933900747,2.4146291798301207,29.34163909812924,54.14231024059563,3.878852076938194,3.878852076938194,2.775393713942146,33.40226236555931,33.72551006587118,62.231595954881335,0.014951778118194,0.018469843557769,1.0507462686567164,0.2421383647798742,4.34185303514377,1.4285323858977863,4.916666666666667,2.0,0.0051671586143758,0.3455882352941176,0.0,0.3185558800106185,0.1253930817610063,0.4580645161290322,0.0376957791345898,0.9726027397260274,0.0002654632333421,8.495898032037593,0.0296330442500404,0.0152808988764044,-12.335109666300658,1568000000.0,1554000000.0,-2119000000.0,5704000000.0,2482500000.0,2261000000.0,1093500000.0,57.93735067693125,64.92083597213427,30.379987333755544,1.55340206185567,1.3863037752414398,2.9624765478424013,0.0579957356076759,0.45036589898173,2013-02-05,0.87,bmo,3641433333.0,2025-04-25,2012-12-31,0.0344827586206896,25.104945393740323,4415711.903225807
2012-09-30,APTV,USD,1521332,2012-11-01,2012-11-01 12:34:58,2012,Q3,3663000000.0,3058000000.0,605000000.0,0.1651651652,0,0.0,0.0,215000000.0,20000000.0,235000000.0,3293000000.0,5000000.0,32000000.0,113000000.0,483000000.0,0.1318591319,367000000.0,0.1001911002,-29000000.0,338000000.0,0.0922740923,52000000.0,269000000.0,0.0734370734,0.84,0.84,320930000,321280000,https://www.sec.gov/Archives/edgar/data/1521332/000152133212000042/0001521332-12-000042-index.htm,https://www.sec.gov/Archives/edgar/data/1521332/000152133212000042/dlph0930201210q.htm,11.413703922973855,0.8381890131804444,1.290000934783286,0.7821020160159536,5.091452964820989,8.94276010344935,7.2352226342193,7.496961954320256,6.61203377683607,7576112823.6871,8032112823.6871,7.040997048036338,2.0682808691474475,18.299789429195897,30.183716429032277,3.14884157260478,3.14884157260478,2.192768993635572,16.629633175335613,19.401238704558217,32.000449496761355,0.0355063350111363,0.0331304464230305,0.8686616791354946,0.2168274717294325,0.9440993788819876,1.6068119891008177,11.46875,1.417808219178082,0.0,0.0,0.0,0.0,0.0568523705778607,0.393719806763285,0.0444990444990445,1.4424778761061947,0.0021840021840021,11.890630794988052,0.0512355158453162,0.0295897041029589,-8.318013273922663,2227000000.0,2322000000.0,-872000000.0,5241000000.0,2700000000.0,2300000000.0,1113500000.0,62.40786240786241,66.0431654676259,32.99215173315893,1.4421259842519685,1.3627450980392155,2.727921498661909,0.1118038237738985,0.5078989187673324,2012-11-01,0.73,bmo,3004483146.0,2025-04-25,2012-09-30,0.2191780821917808,21.86368439159841,2759115.9206349207
2012-06-30,APTV,USD,1521332,2012-07-31,2012-07-31 16:29:20,2012,Q2,3997000000.0,3272000000.0,725000000.0,0.1813860395,0,0.0,0.0,230000000.0,19000000.0,249000000.0,3521000000.0,4000000.0,33000000.0,19000000.0,495000000.0,0.1238428822,468000000.0,0.1170878159,-28000000.0,440000000.0,0.1100825619,98000000.0,330000000.0,0.0825619214,1.02,1.01,322997253,326140000,https://www.sec.gov/Archives/edgar/data/1521332/000152133212000021/0001521332-12-000021-index.htm,https://www.sec.gov/Archives/edgar/data/1521332/000152133212000021/dlph0630201210q.htm,12.374718245668795,1.0216805156544164,1.4272567203535935,0.993816501591114,4.715210379823262,8.244652161174882,6.535659298625676,6.764763414257272,6.492315276749428,6211990589.344626,6752990589.344626,4.7060534767762325,1.554163269788498,13.475033816365784,19.35199560543497,2.843016288029577,2.843016288029577,1.6895147834237243,13.642405230999245,14.648569608122834,21.03735386088669,0.0531230682425768,0.0516742572905066,0.9446224256292908,0.2187135742290982,1.0929292929292929,1.582792207792208,14.181818181818182,1.3171428571428572,0.0,0.0,0.0,0.0,0.0584931652008053,0.3036876355748373,0.0350262697022767,1.238938053097345,0.0020015011258443,12.470248870835189,0.0626099202002816,0.0371412492965672,-7.904091989290076,2154000000.0,2111000000.0,-924000000.0,5073000000.0,2857000000.0,2412500000.0,1121500000.0,64.39829872404303,64.80440097799512,30.421760391198045,1.3975524475524477,1.3887945670628183,2.958408679927667,0.1510297482837528,0.4334402187624797,2012-07-31,0.91,bmo,3601257425.0,2025-04-25,2012-06-30,0.1098901098901098,22.06935602159048,3758434.253968254
2012-03-31,APTV,USD,1521332,2012-04-26,2012-04-26 16:46:48,2012,Q1,4092000000.0,3373000000.0,719000000.0,0.1757086999,0,0.0,0.0,228000000.0,21000000.0,249000000.0,3622000000.0,5000000.0,35000000.0,114000000.0,585000000.0,0.1429618768,464000000.0,0.1133919844,-28000000.0,436000000.0,0.1065493646,77000000.0,342000000.0,0.0835777126,1.04,1.04,328240000,328470000,https://www.sec.gov/Archives/edgar/data/1521332/000119312512186265/0001193125-12-186265-index.htm,https://www.sec.gov/Archives/edgar/data/1521332/000119312512186265/d324504d10q.htm,12.466487935656836,1.0419205459419936,0.8926395320497197,0.1005361930294906,4.301730441140629,8.058128198878869,6.291128442602973,6.586643919083597,6.458688764318791,7822946613.570264,8495946613.570264,5.718528226294053,1.9117660345968384,26.69947649682684,237.058988290008,3.618384187590317,3.618384187590317,2.076233287773769,14.522985664222674,28.99640482447189,257.4529276839474,0.0437175423652695,0.0042183593510347,0.9643848288621648,0.2152146985962015,1.1504273504273503,1.5473251028806585,13.257142857142858,0.8071625344352618,0.0006391453562173,0.0146198830409356,0.0,0.0,0.0598678777869529,0.8873720136518771,0.0635386119257087,2.280701754385965,0.0009775171065493,12.426266198347136,0.0648760478640787,0.0375494071146245,-8.902022910065806,2128000000.0,2065000000.0,-1027000000.0,5111000000.0,2799500000.0,2433000000.0,1095500000.0,62.77126099706745,65.8790394307738,30.33797806107323,1.4337771548703573,1.366140137707574,2.966578715919085,0.1581868640148011,0.7921033390202291,2012-04-24,0.96,bmo,3777230769.0,2025-04-25,2012-03-31,0.0833333333333334,21.827298532241933,2084534.8870967743
2011-12-31,APTV,USD,1521332,2012-02-17,2012-02-17 14:56:08,2011,Q4,3900000000.0,3221000000.0,679000000.0,0.1741025641,0,0.0,0.0,234000000.0,23000000.0,257000000.0,3478000000.0,5000000.0,39000000.0,119000000.0,502000000.0,0.1287179487,411000000.0,0.1053846154,-67000000.0,344000000.0,0.0882051282,29000000.0,290000000.0,0.0743589744,0.69,0.69,421000000,421000000,https://www.sec.gov/Archives/edgar/data/1521332/000119312512067225/0001193125-12-067225-index.htm,https://www.sec.gov/Archives/edgar/data/1521332/000119312512067225/d299912d10k.htm,9.263657957244655,0.6888361045130641,1.1116389548693586,0.6935866983372921,3.2375296912114013,5.156769596199525,3.741092636579572,4.009501187648456,5.087885985748218,6839424735.3024,7579424735.3024,5.8960558062951725,1.7536986500775384,14.61415541731282,23.42268744966575,4.0517919048,4.0517919048,1.943442239821128,15.098455648012749,16.195351998509402,25.956934025008216,0.0424012268901995,0.0426936491446147,1.2458530805687205,0.2303900087642419,1.4741035856573703,1.4819504310344829,10.538461538461538,1.5,0.0062870784699261,0.1482758620689655,0.0,0.0,0.065293602103418,0.376068376068376,0.0451282051282051,1.4789915966386555,0.0035897435897435,7.88305185386066,0.0681426297639048,0.03398968588842,-7.145486935866983,1789000000.0,1575000000.0,-1456000000.0,4700000000.0,2694500000.0,2391000000.0,1100000000.0,63.34615384615384,66.97609438062713,29.45048121701335,1.4207650273224044,1.3437630371297455,3.055977229601518,0.1718009478672985,0.4180522565320665,2012-02-17,,bmo,,2025-04-25,2011-12-31,,15.91406384446,1572007.4
2011-09-30,APTV,USD,1521332,2011-09-30,2011-09-30 00:00:00,2011,Q3,3931000000.0,3294000000.0,637000000.0,0.1620452811,0,0.0,0.0,222000000.0,19000000.0,241000000.0,3535000000.0,10000000.0,37000000.0,123000000.0,530000000.0,0.1348257441,393000000.0,0.0999745612,-23000000.0,370000000.0,0.0941236327,87000000.0,266000000.0,0.0676672602,0.79,0.79,336830000,336830000,,,11.670575661312828,0.7897158804144524,1.21723124424784,0.7362764599352789,3.717008579995844,5.830834545616483,3.981236825698424,4.459222753317698,6.561173292165187,5418678703.985053,6339678703.985053,5.092743142843095,1.3784479023111302,13.216289521914764,21.849510903165537,3.607642279617212,3.607642279617212,1.6127394311841905,11.96165793204727,15.462630985329398,25.56322058058489,0.0490894578791645,0.0457676148647849,1.4467376830892145,0.2366071428571428,1.7377358490566035,1.4617366658077815,10.62162162162162,1.4385964912280702,0.0,0.0,0.0,0.0,0.0678353658536585,0.3951219512195122,0.0412108878148053,1.3170731707317074,0.0,8.901358211447846,0.0554086436667081,0.0310711365494685,-10.12973903749666,1792000000.0,1341000000.0,-1547000000.0,4600000000.0,2754500000.0,2472500000.0,1142500000.0,60.53421521241415,65.1639344262295,31.311475409836067,1.4867624810892588,1.381132075471698,2.87434554973822,0.1770972037283621,0.4809547843125612,2012-01-26,0.56,amc,2757857142.0,2025-04-25,2011-09-30,0.5714285714285713,,
2011-06-30,APTV,USD,1521332,2011-06-30,2011-06-30 00:00:00,2011,Q2,4213000000.0,3518000000.0,695000000.0,0.1649655827,0,0.0,0.0,240000000.0,19000000.0,259000000.0,3777000000.0,7000000.0,41000000.0,116000000.0,540000000.0,0.1281746974,428000000.0,0.1015903157,-45000000.0,383000000.0,0.0909090909,73000000.0,298000000.0,0.0707334441,0.88,0.88,337780000,337780000,,,12.47261531174137,0.8822310379536977,1.0154538456983837,0.6868375865948251,3.913790040854994,6.6374563325241285,4.704245366806798,5.243057611463082,6.741074071881106,5433961620.497198,6347961620.497198,4.5586926346453,1.2898081225960594,15.842453704073463,23.42224836421206,3.068301310275098,3.068301310275098,1.50675566591436,11.75548448240222,18.507176736143435,27.361903536625853,0.0548402842736186,0.0426944495016091,1.2625635234330888,0.2322634257816557,1.6925925925925926,1.48,10.439024390243905,1.0854430379746836,0.0,0.0,0.0,0.0,0.0678300612859665,0.3236151603498542,0.026347021125089,0.956896551724138,0.0,10.201751495148883,0.0599140395194233,0.0332070425674169,-9.902155248978625,1932000000.0,1589000000.0,-1428000000.0,4816000000.0,2829500000.0,2494500000.0,1113500000.0,61.20341799192974,65.49175667993178,29.13871517907902,1.470506108202443,1.37421875,3.0886742756804213,0.168266516092603,0.3286162591035585,2011-06-30,,bmo,,2025-04-25,2011-06-30,,,
2011-03-31,APTV,USD,1521332,2011-03-31,2011-03-31 00:00:00,2011,Q1,3997000000.0,3353000000.0,644000000.0,0.1611208406,0,0.0,0.0,205000000.0,18000000.0,223000000.0,3576000000.0,9000000.0,6000000.0,117000000.0,532000000.0,0.1330998249,412000000.0,0.103077308,-3000000.0,409000000.0,0.1023267451,116000000.0,291000000.0,0.0728046035,0.42,0.42,686990000,686990000,,,5.81813417953682,0.423586951775135,0.2270775411578043,-0.0363906315958019,2.377036055837785,2.775877378127775,1.8224428303177629,2.0888222535990333,4.013158852385042,11051800857.556309,12169800857.556309,9.494674276251123,2.765023982375859,70.84487729202762,-442.0720343022524,7.701603385056662,7.701603385056662,3.044733764712612,22.875565521722383,78.01154395869429,-486.7920343022524,0.0263305504460875,-0.0022620747805917,1.9170731707317072,0.2829082682023858,2.101503759398496,1.5282830799900324,68.66666666666667,0.5032258064516129,0.0,0.0,0.0,0.0,0.0673591114767585,1.1602564102564104,0.0452839629722291,1.547008547008547,0.0,4.461832768274363,0.0493312960478486,0.032087330466424,-5.159463747652804,2120000000.0,1252000000.0,-1684000000.0,4937000000.0,2550500000.0,2332500000.0,1038000000.0,62.91218413810358,65.19832985386222,29.20369818073367,1.4305654974946314,1.3804034582132565,3.0818014705882355,0.202787456445993,0.2634681727536063,2011-03-31,,bmo,,2025-04-25,2011-03-31,,,
2010-12-31,APTV,USD,1521332,2010-12-31,2010-12-31 00:00:00,2010,Q4,3652000000.0,3210000000.0,442000000.0,0.1210295728,0,0.0,0.0,211000000.0,18000000.0,229000000.0,3439000000.0,9000000.0,8000000.0,110000000.0,250000000.0,0.0684556407,113000000.0,0.0309419496,19000000.0,132000000.0,0.0361445783,49000000.0,75000000.0,0.0205366922,0.17,0.17,452580000,452580000,,,8.069291616951698,0.1657165583985151,0.634142030138318,0.1502496796146537,8.327809448053383,13.476070528967254,12.00671704450042,12.464094745680322,0.4993592293075257,7280781426.385878,3729781426.3858776,24.26927142128626,1.99364223066426,25.368576398557067,107.07031509390995,1.2906898469040733,1.2906898469040733,1.0212983095251582,14.919125705543513,12.995754098905495,54.849726858615846,0.0103010920954441,0.0093396568332026,0.03864563020741,0.0196715394333152,-14.204,2.0613068029040065,14.125,3.1538461538461537,0.0,0.0,0.0,0.0,0.0600072189135535,0.7630662020905923,0.0599671412924424,1.990909090909091,0.0,6.817177195009756,0.0093725142201596,0.0071997696073725,2.2322020416279997,3947000000.0,5434000000.0,2683000000.0,6679000000.0,,,,56.85377875136911,62.69158878504673,27.700934579439256,1.5830082358040745,1.4355992844364938,3.248987854251012,0.0132955149796135,0.4838923505236643,2010-12-31,,bmo,,2025-04-25,2010-12-31,,,
2010-09-30,APTV,USD,1521332,2010-09-30,2010-09-30 00:00:00,2010,Q3,3309000000.0,2807000000.0,502000000.0,0.1517074645,0,0.0,0.0,207000000.0,21000000.0,228000000.0,3035000000.0,9000000.0,6000000.0,105000000.0,316000000.0,0.095497129,206000000.0,0.0622544575,-1000000.0,205000000.0,0.0619522514,62000000.0,127000000.0,0.0383801753,0.38,0.38,336830000,336830000,,,9.823946798088055,0.3770448000475017,0.679868182762818,0.3770448000475017,,,,,,5418678703.985053,,10.666690362175302,1.6375577830114998,23.662352419148704,42.6667614487012,0.0,0.0,,,,,0.023437447934789,0.023437447934789,0.0,0.0,,0.0,34.333333333333336,1.5902777777777777,0.0,0.0,0.0,0.0,0.0,0.445414847161572,0.0308250226654578,0.9714285714285714,0.0,,0.0,0.0,,,,,,,,,,,,0.0,0.0,0.0,0.0,0.3028233827153163,2010-09-30,,bmo,,2025-04-25,2010-09-30,,,
2010-06-30,APTV,USD,1521332,2010-06-30,2010-06-30 00:00:00,2010,Q2,3446000000.0,2903000000.0,543000000.0,0.1575739988,0,0.0,0.0,199000000.0,17000000.0,216000000.0,3119000000.0,6000000.0,8000000.0,107000000.0,404000000.0,0.1172373767,297000000.0,0.0861868833,-8000000.0,289000000.0,0.0838653511,62000000.0,214000000.0,0.0621009867,0.64,0.64,336830000,336830000,,,10.230680165068431,0.6353353323635068,1.1281655434492175,0.8728438678265,,,,,,5418678703.985053,,6.33023213082366,1.5724546442208511,14.259680799960666,18.43087994552739,0.0,0.0,,,,,0.0394930225042902,0.054256769234866,0.0,0.0,,0.0,37.125,1.6309012875536482,0.0,0.0,0.0,0.0,0.0,0.2263157894736842,0.0249564712710388,0.8037383177570093,0.0,,0.0,0.0,,,,,,,,,,,,0.0,0.0,0.0,0.0,0.2553216756227177,2010-06-30,,bmo,,2025-04-25,2010-06-30,,,
2010-03-31,APTV,USD,1521332,2010-03-31,2010-03-31 00:00:00,2010,Q1,3410000000.0,2848000000.0,562000000.0,0.1648093842,0,0.0,0.0,198000000.0,14000000.0,212000000.0,3060000000.0,5000000.0,8000000.0,99000000.0,425000000.0,0.1246334311,324000000.0,0.0950146628,-6000000.0,318000000.0,0.093255132,85000000.0,215000000.0,0.0630498534,0.64,0.64,336830000,336830000,,,10.123801324110085,0.6383041890567942,0.7303387465487041,0.4542350740729745,,,,,,5418678703.985053,,6.300789190680295,1.589055338412039,22.02714920319127,35.416200679640866,0.0,0.0,,,,,0.0396775693384224,0.0282356656222262,0.0,0.0,,0.0,40.5,1.0468085106382978,0.0,0.0,0.0,0.0,0.0,0.3780487804878049,0.0272727272727272,0.9393939393939394,0.0,,0.0,0.0,,,,,,,,,,,,0.0,0.0,0.0,0.0,0.2761036724757296,2010-03-31,,bmo,,2025-04-25,2010-03-31,,,
