date,symbol,reportedCurrency,cik,fillingDate,acceptedDate,calendarYear,period,revenue,costOfRevenue,grossProfit,grossProfitRatio,researchAndDevelopmentExpenses,generalAndAdministrativeExpenses,sellingAndMarketingExpenses,sellingGeneralAndAdministrativeExpenses,otherExpenses,operatingExpenses,costAndExpenses,interestIncome,interestExpense,depreciationAndAmortization,ebitda,ebitdaratio,operatingIncome,operatingIncomeRatio,totalOtherIncomeExpensesNet,incomeBeforeTax,incomeBeforeTaxRatio,incomeTaxExpense,netIncome,netIncomeRatio,eps,epsdiluted,weightedAverageShsOut,weightedAverageShsOutDil,link,finalLink,revenuePerShare,netIncomePerShare,operatingCashFlowPerShare,freeCashFlowPerShare,cashPerShare,bookValuePerShare,tangibleBookValuePerShare,shareholdersEquityPerShare,interestDebtPerShare,marketCap,enterpriseValue,peRatio,priceToSalesRatio,pocfratio,pfcfRatio,pbRatio,ptbRatio,evToSales,enterpriseValueOverEBITDA,evToOperatingCashFlow,evToFreeCashFlow,earningsYield,freeCashFlowYield,debtToEquity,debtToAssets,netDebtToEBITDA,currentRatio,interestCoverage,incomeQuality,dividendYield,payoutRatio,salesGeneralAndAdministrativeToRevenue,researchAndDdevelopementToRevenue,intangiblesToTotalAssets,capexToOperatingCashFlow,capexToRevenue,capexToDepreciation,stockBasedCompensationToRevenue,grahamNumber,roic,returnOnTangibleAssets,grahamNetNet,workingCapital,tangibleAssetValue,netCurrentAssetValue,investedCapital,averageReceivables,averagePayables,averageInventory,daysSalesOutstanding,daysPayablesOutstanding,daysOfInventoryOnHand,receivablesTurnover,payablesTurnover,inventoryTurnover,roe,capexPerShare,report_date,epsEstimated,time,revenueEstimated,updatedFromDate,fiscalDateEnding,surprise(%),QuarterAvgPrice,QuarterAvgVolume
2025-03-31,ARE,USD,1035443,2025-04-28,2025-04-28 16:07:00,2025,Q1,758158000.0,226395000.0,531763000.0,0.7013881012,0,30675000.0,0.0,30675000.0,0.0,30675000.0,257070000.0,0.0,0.0,342062000.0,432943000.0,0.571045877,501088000.0,0.660928197,-512687000.0,-11599000.0,-0.0152989219,-50261000.0,-11599000.0,-0.0152989219,-0.067,-0.067,170522000,170522000,https://www.sec.gov/Archives/edgar/data/1035443/000103544325000136/0001035443-25-000136-index.htm,https://www.sec.gov/Archives/edgar/data/1035443/000103544325000136/are-20250331.htm,4.44610079637818,-0.068020548668207,1.2194848758517962,1.2194848758517962,2.7939503407185,129.01301884800787,129.01301884800787,128.95665075474133,0.0,15774990220.0,15298560220.0,-340.00754849556,20.806995665811083,75.85989939841019,75.85989939841019,0.7173728493921722,0.7173728493921722,20.17859103247608,35.33619949970319,73.56880879446403,73.56880879446403,-0.0007352777934083,0.0131821951772975,0.0,0.0,-1.1004450932339822,0.0,0.0,5.378640525580674,0.0142687277051129,-19.40590050866454,0.0404599041360771,0.0,0.0,0.0,0.0,0.0,0.013274277920961,,-3.5057316542742187,-0.0003084805311258,-88.6949484523991,476430000.0,21999558000.0,-15124440000.0,476430000.0,0.0,267401500.0,0.0,0.0,0.0,0.0,0.0,0.0,0.0,-0.0005274683257521,0.0,2025-04-28,2.28,amc,758229330.0,2025-05-11,2025-03-31,0.0087719298245614,97.93341666666667,1283426.6666666667
2024-12-31,ARE,USD,1035443,2025-01-27,2025-01-27 16:06:28,2024,Q4,112690000.0,240432000.0,-127742000.0,-1.1335699707,0,32730000.0,0.0,32730000.0,330108000.0,362838000.0,36420000.0,0.0,55659000.0,314596000.0,369672000.0,3.2804330464,76270000.0,0.6768124945,-92365000.0,-16095000.0,-0.1428254504,0.0,-62245000.0,-0.5523560209,-0.38,-0.38,172058000,172058000,https://www.sec.gov/Archives/edgar/data/1035443/000103544325000067/0001035443-25-000067-index.htm,https://www.sec.gov/Archives/edgar/data/1035443/000103544325000067/are-20241231.htm,0.6549535621708958,-0.3617675435027723,1.593520789501215,1.593520789501215,3.2090690348603377,130.17971265503493,130.17971265503493,103.97099815178602,74.43513233909496,16784257900.0,28983612900.0,-67.4120728572576,148.94185730765818,61.216647214583226,61.216647214583226,0.938242411192282,0.938242411192282,257.19773626763686,78.40359264429007,105.71093559658324,105.71093559658324,-0.0037085345310381,0.016335425827793,0.7128107251355327,0.3397913084899536,33.000484213032095,0.2859529611625939,1.370308485599813,-17.0349798073936,0.0135359574044676,-3.649947786970841,0.2904428077025468,0.0,0.0,0.0,0.0,0.0,0.1107196734404117,,0.0021578219120463,-0.0016586525772108,-84.72051285031792,-1397982000.0,22398461000.0,-14569141000.0,-147533000.0,32395000.0,502386500.0,0.0,0.0,200.1907815931324,0.0,0.0,0.4495711504984078,0.0,-0.003479504380391,0.0,2025-01-27,0.91,amc,776982680.0,2025-04-27,2024-12-31,1.6263736263736264,109.63390625,1304186.40625
2024-09-30,ARE,USD,1035443,2024-10-21,2024-10-21 16:06:27,2024,Q3,775744000.0,527263000.0,248481000.0,0.3203131445,0,43945000.0,0.0,43945000.0,0.0,43945000.0,568598000.0,0.0,43550000.0,293998000.0,517007000.0,0.6664659991,204536000.0,0.2636643016,9067000.0,213603000.0,0.2753524359,0.0,164674000.0,0.212278793,0.96,0.96,172058000,172058000,https://www.sec.gov/Archives/edgar/data/1035443/000103544324000298/0001035443-24-000298-index.htm,https://www.sec.gov/Archives/edgar/data/1035443/000103544324000298/are-20240930.htm,4.508619186553371,0.957084239035674,2.774599263039208,2.774599263039208,3.269862488230713,131.95230678027175,131.95230678027175,105.88075532669215,77.78475281591092,20431887500.0,33209220500.0,31.01869071620292,26.338440903184555,42.79897338036666,42.79897338036666,1.1215447002961032,1.1215447002961032,42.80950996720568,64.23359935165288,69.56383956999699,69.56383956999699,0.008059656749774,0.0233650464255933,0.7322543200046153,0.3465988005444172,24.71404255648376,0.2995198435913724,4.696578645235362,2.2349498836626824,0.0111300534519877,1.3809587427280567,0.056648842917251,0.0,0.0,0.0,0.0,0.0,0.0200130455407969,47.75016280766292,0.00559558881483,0.00427856610745,-88.18816619976984,-1673894000.0,22703450000.0,-15068934000.0,-345171000.0,64524500.0,452319000.0,0.0,7.516783887468031,80.22049717124092,0.0,11.973205741626794,1.1219077813477456,0.0,0.0090392653139148,0.0,2024-10-21,2.38,amc,772220000.0,2025-04-24,2024-09-30,-0.0042016806722688,119.1334375,982311.328125
2024-06-30,ARE,USD,1035443,2024-07-22,2024-07-22 16:06:42,2024,Q2,766734000.0,507974000.0,258760000.0,0.3374834036,0,44629000.0,0.0,44629000.0,290720000.0,335349000.0,616841000.0,0.0,45789000.0,290720000.0,764678000.0,0.9973184964,149893000.0,0.1954954391,-410932000.0,94049000.0,0.1226618358,51132000.0,46702000.0,0.0609103027,0.25,0.25,172013000,172013000,https://www.sec.gov/Archives/edgar/data/1035443/000103544324000225/0001035443-24-000225-index.htm,https://www.sec.gov/Archives/edgar/data/1035443/000103544324000225/are-20240630.htm,4.457418916012162,0.2715027352583816,2.393987663723091,2.393987663723091,3.289594391121601,131.7741507909286,129.4601803352072,106.14675053629668,76.25123682512368,19920825530.0,32425387530.0,106.63796802064152,25.98140362889868,48.37535370583078,48.37535370583078,1.091036696035259,1.091036696035259,42.29026954589206,42.40397596112351,78.74119415634402,78.74119415634402,0.0023443807551885,0.0206716834791735,0.7158489680025671,0.3453408798620477,16.352715783637034,0.330127663131051,3.27355915176134,9.595195377123284,0.0111508431046431,4.756413001584515,0.0582066270701442,0.0,0.0105166566198648,0.0,0.0,0.0,0.0189205121984938,25.464298438428592,0.0019105736962396,0.0012470549934643,-84.68517350432816,-1378541000.0,22268834000.0,-14501623000.0,-294589000.0,64248500.0,433482000.0,0.0,7.542785372762914,77.01205179792666,0.0,11.93193171384553,1.1686482556801974,0.0,0.0025578054333895,0.0,2024-07-22,2.34,amc,780100000.0,2025-04-24,2024-06-30,0.0085470085470085,119.18984126984128,780844.6349206349
2024-03-31,ARE,USD,1035443,2024-04-22,2024-04-22 16:06:38,2024,Q1,769108000.0,505868000.0,263240000.0,0.3422666258,0,47055000.0,0.0,47055000.0,-17897000.0,17897000.0,523765000.0,0.0,40840000.0,287554000.0,532897000.0,0.6928766831,245343000.0,0.3189968119,17117000.0,262460000.0,0.3412524626,95574000.0,170545000.0,0.2217438903,0.97,0.97,171949000,171949000,https://www.sec.gov/Archives/edgar/data/1035443/000103544324000158/0001035443-24-000158-index.htm,https://www.sec.gov/Archives/edgar/data/1035443/000103544324000158/are-20240331.htm,4.472884401770292,0.9918347882220891,1.9840592268637791,1.9840592268637791,4.255302444329423,132.34108950909862,129.85971421758777,107.08172190591397,75.19784936231092,21579599500.0,33737259500.0,31.633292532762617,28.05795740000104,63.25416010810272,63.25416010810272,1.1720020724943985,1.1720020724943985,43.86543827394852,63.30915636605198,98.89071453905386,98.89071453905386,0.0079030660416102,0.0158092368674404,0.7000292462849479,0.3419013573977442,22.81427743072301,0.4717529511781859,6.0074191968658175,2.0442517646776843,0.010279338131368,1.3006772406109823,0.0611812645298189,0.0,0.0113177930285026,0.0,0.0,0.0,0.0222660536621644,48.88420994352572,0.0043507186184005,0.004575640683599,-82.36892625138849,-982371000.0,22329248000.0,-14065818000.0,129911000.0,64193500.0,478367500.0,392118000.0,7.517045720496991,76.91065653490634,0.0,11.972788692051434,1.170188944612025,0.0,0.0092624097798273,0.0,2024-04-22,2.31,amc,770970000.0,2025-04-24,2024-03-31,0.0173160173160173,123.22245901639344,1071706.737704918
2023-12-31,ARE,USD,1035443,2024-01-29,2024-01-29 16:07:08,2023,Q4,757216000.0,979942000.0,-222726000.0,-0.2941380003,0,59289000.0,0.0,59289000.0,-39810000.0,-757216000.0,222726000.0,0.0,31967000.0,285246000.0,274555000.0,0.3625847843,534490000.0,0.7058619997,-433827000.0,391190000.0,0.5166161307,-261562000.0,391190000.0,0.5166161307,2.29,2.29,171096000,171096000,https://www.sec.gov/Archives/edgar/data/1035443/000103544324000072/0001035443-24-000072-index.htm,https://www.sec.gov/Archives/edgar/data/1035443/000103544324000072/are-20231231.htm,4.425679150886053,2.286377238509375,2.505125777341376,0.2181523822883059,3.613117781830084,132.22397367559734,129.5259971010427,107.95795927432552,68.56087810352084,21689839920.0,32770174920.0,13.861448349906697,28.644191247939823,50.60424556188858,581.1075665103817,1.1742533931923658,1.1742533931923658,43.27718236276043,119.35741443426636,76.45561169995591,877.9685176155392,0.0180356333399808,0.0017208517968628,0.6333395141348614,0.3181419354094794,40.35743293693431,0.3906656265600974,16.7200550567773,-10.047751887102068,0.0098871637960894,0.548201641146246,0.0782986624688332,0.0,0.0125535871599347,0.912917593095934,0.5167508346363521,1.4959818322233351,0.045683134006677,74.52337866748024,0.0256502085926335,0.0107736786903388,-76.50669361060457,-1219325000.0,22161380000.0,-13366657000.0,391697000.0,63307000.0,520426500.0,740233000.0,7.62452193297553,48.16561592420776,72.02593622887885,11.804018768803878,1.8685528726887208,1.2495498803931469,0.0211784036478459,2.286973395053069,2024-01-29,2.29,amc,719910000.0,2025-04-24,2023-12-31,-0.0043668122270743,107.6326984126984,1318614.873015873
2023-09-30,ARE,USD,1035443,2023-10-23,2023-10-23 16:06:35,2023,Q3,713788000.0,238578000.0,475210000.0,0.6657579001,0,45987000.0,0.0,45987000.0,6257000.0,45987000.0,284565000.0,11411000.0,11411000.0,269370000.0,698593000.0,0.9787121666,429223000.0,0.6013312076,-428501000.0,21855000.0,0.0306183349,-2414000.0,24269000.0,0.0340002914,0.13,0.13,170890000,170890000,https://www.sec.gov/Archives/edgar/data/1035443/000103544323000303/0001035443-23-000303-index.htm,https://www.sec.gov/Archives/edgar/data/1035443/000103544323000303/are-20230930.htm,4.176885715957633,0.1420153314997952,2.445374217332787,-1.3236175317455674,3.11539586868746,132.909368599684,130.02631517350343,109.00527239744864,67.87526479021592,17106088999.999998,28161492000.0,176.21336890683585,23.96522356778203,40.93443011318768,-75.62607596167874,0.9183042049105774,0.9183042049105774,39.453580054582034,40.31172943330379,67.3897245686664,-124.5020491350307,0.0014187345804175,-0.0132229523650905,0.622066156532528,0.3150287006658158,15.825241592744272,0.361080226081849,37.61484532468671,6.122571570896944,0.0125426098274129,8.84070213028967,0.0644266925193474,0.0,0.0133942602691934,1.5412740194788102,0.902344953963922,2.6166493329216567,0.0228191003491232,18.6630503303146,0.0136775709914432,0.0006687405182079,-76.90945783837556,-1240073000.0,22220197000.0,-13369594000.0,447880000.0,62328500.0,441385500.0,871118000.0,7.876078051186067,194.80949626537236,262.6424062570732,11.427007123989434,0.4619897988822921,0.3426712436982032,0.0013028299308494,3.768991749078354,2023-10-23,2.24,amc,721980000.0,2025-04-24,2023-09-30,0.0089285714285712,116.18333333333334,963575.5396825396
2023-06-30,ARE,USD,1035443,2023-07-24,2023-07-24 16:06:33,2023,Q2,713900000.0,595400000.0,118500000.0,0.1659896344,0,45882000.0,0.0,45882000.0,273555000.0,319437000.0,531271000.0,17072000.0,17072000.0,273555000.0,346173000.0,0.4849040482,229235000.0,0.3211023953,-48924000.0,133705000.0,0.1872881356,117007000.0,16698000.0,0.0233898305,0.0977,0.0977,170864000,170864000,https://www.sec.gov/Archives/edgar/data/1035443/000103544323000244/0001035443-23-000244-index.htm,https://www.sec.gov/Archives/edgar/data/1035443/000103544323000244/are-20230630.htm,4.178176795580111,0.0977268470830602,2.8003148703062086,0.4474552860754752,5.40997518494241,133.24779941942128,130.17836407903363,110.01403455379716,67.81405094109935,19391355360.0,30036893360.0,290.32452030183254,27.1625652892562,40.52758538099328,253.6342815287624,1.031595654684431,1.031595654684431,42.074370864266704,86.76844629708268,62.77656912720258,392.8753676720642,0.000861105358032,0.0039426846953517,0.6155045171581361,0.3156067238351284,30.75207482963721,0.6003244629263651,13.427542174320523,3.5785722299091285,0.0107958415548318,12.537190082644628,0.0642695055329878,0.0,0.0143062364848256,0.8402125093787947,0.5631306905729093,1.76999515695857,0.0217005182798711,15.553289249099768,0.0008197995605347,0.0004621030014804,-72.5605627867778,-698927000.0,22242796000.0,-12842196000.0,1055976000.0,35194500.0,360613500.0,1204806000.0,7.840425829948172,55.378115552569696,158.1131004366812,11.478968356058656,1.625190729261349,0.569212796102508,0.0008883125455713,2.352859584230733,2023-07-24,2.2,amc,694540000.0,2025-04-24,2023-06-30,0.0181818181818181,119.04564516129032,995746.6612903224
2023-03-31,ARE,USD,1035443,2023-04-24,2023-04-24 16:06:30,2023,Q1,700795000.0,206933000.0,493862000.0,0.7047167859,0,48196000.0,0.0,48196000.0,265302000.0,313498000.0,520431000.0,13754000.0,13754000.0,265302000.0,710774000.0,1.0142395422,180558000.0,0.2576473862,7184000.0,121693000.0,0.1736499262,88942000.0,32751000.0,0.0467340663,0.19,0.19,170784000,170784000,https://www.sec.gov/Archives/edgar/data/1035443/000103544323000198/0001035443-23-000198-index.htm,https://www.sec.gov/Archives/edgar/data/1035443/000103544323000198/are-20230331.htm,4.103399615889076,0.1917685497470489,1.789219130597714,1.789219130597714,16.608523046655424,132.83894861345323,129.3854225220161,110.57238382986696,67.63548693086004,21448762560.0,31722615560.0,163.7260126408354,30.60632932597978,70.19263199921458,70.19263199921458,1.1358170607340798,1.1358170607340798,45.266612290327416,44.63108605548318,103.81456150800145,103.81456150800145,0.0015269412353455,0.014246509519848,0.6109568240701623,0.3125585083521244,14.454458097791983,0.4265789380034601,13.127671949978188,2.510990771860337,0.0097502594573922,6.385484412689689,0.0687733217274666,0.0,0.015978531913271,0.0,0.0,0.0,0.0235247112208277,21.84254742481681,0.001434787766341,0.0009016685948478,-62.659717830710136,-1756348000.0,22096960000.0,-12919117000.0,148809000.0,37519000.0,372305500.0,657253500.0,1.0527044285418703,154.34126021465886,593.0641318687691,85.49408320117116,0.5831233973004198,0.1517542457278715,0.0017343259058438,0.0,2023-04-24,2.15,amc,657420000.0,2025-04-24,2023-03-31,0.0186046511627907,146.92032258064515,1111140.9677419355
2022-12-31,ARE,USD,1035443,2023-01-30,2023-01-30 16:17:25,2022,Q4,670281000.0,204352000.0,465929000.0,0.6951248805,0,42992000.0,0.0,42992000.0,264480000.0,307472000.0,511824000.0,17522000.0,17522000.0,264480000.0,423109000.0,0.6312412257,158629000.0,0.2366604454,-39072000.0,95268000.0,0.1421314344,17522000.0,77746000.0,0.1159901594,0.47,0.47,165393000,165393000,https://www.sec.gov/Archives/edgar/data/1035443/000103544323000099/0001035443-23-000099-index.htm,https://www.sec.gov/Archives/edgar/data/1035443/000103544323000099/are-20221231.htm,4.052656400210408,0.4700682616555718,2.425513776278319,2.425513776278319,14.75435477922282,137.1475636816552,133.42529006668966,114.71094302660934,61.53394641853041,24092798310.0,33427367310.0,77.47279059372829,35.944325305357005,60.05737894571533,60.05737894571532,1.2698875639633536,1.2698875639633536,49.87067708916111,79.0041509634633,83.32614750114043,83.32614750114043,0.0032269393949033,0.0166507432984026,0.5355025701299473,0.2860019673230031,22.061854037612058,0.3229339760258768,9.05313320397215,4.21088928076584,0.0080365924085968,2.490468963033468,0.0641402635611034,0.0,0.0173304925015762,0.0,0.0,0.0,0.0172852878121265,34.831658094056706,0.0039415827909412,0.0022271838059163,-62.72516823565689,-1814801000.0,22067609000.0,-11974563000.0,146446000.0,65895500.0,424250500.0,-24549499.0,8.974877700546488,171.6483812245537,-21.624011509552144,10.027991801439237,0.524327694545865,-4.162039960080653,0.0040978502072512,0.0,2023-01-30,2.13,amc,633135238.0,2025-04-24,2022-12-31,0.0046948356807512,144.60555555555555,785636.746031746
2022-09-30,ARE,USD,1035443,2022-10-24,2022-10-24 16:07:17,2022,Q3,659852000.0,201189000.0,458663000.0,0.6950998103,0,49958000.0,0.0,49958000.0,254929000.0,304887000.0,506076000.0,22984000.0,22984000.0,254929000.0,301112000.0,0.4563326322,208037000.0,0.3152782745,-25302000.0,383443000.0,0.5811045507,38747000.0,344696000.0,0.5223838073,2.13,2.13,161554000,161554000,https://www.sec.gov/Archives/edgar/data/1035443/000103544322000308/0001035443-22-000308-index.htm,https://www.sec.gov/Archives/edgar/data/1035443/000103544322000308/are-20220930.htm,4.084405214355572,2.1336271463411616,2.247161939661042,2.247161939661042,13.362374190673089,131.56826200527377,127.61896950864728,109.04301348156037,67.82785941542765,22648255260.0,33049309260.0,16.426253321767586,34.3232349981511,62.38535707005878,62.38535707005878,1.2856394511117095,1.2856394511117095,50.0859423931427,109.75752962352878,91.0353992144073,91.0353992144073,0.0152195388140463,0.0160294025227266,0.620723777108008,0.3181646487111758,34.54214378702941,0.4908054327054733,9.05138357117995,0.946784789395034,0.0085026858709115,0.5586690881240282,0.0757109169935076,0.0,0.0185641469277754,0.0,0.0,0.0,0.0269545291974564,72.35181758511533,0.0057799470059366,0.0102190919281281,-67.50546256360103,-1028267000.0,20617355000.0,-12122103000.0,982450000.0,63430500.0,443632000.0,-27869999.0,8.858804701660372,205.22195547470287,8.946811207372171e-07,10.15938414164742,0.4385495684017787,100594500.0,0.0195668395270639,0.0,2022-10-24,0.68,amc,652843771.0,2025-04-24,2022-09-30,2.102941176470588,153.474375,932952.40625
2022-06-30,ARE,USD,1035443,2022-07-25,2022-07-25 16:06:46,2022,Q2,643764000.0,196284000.0,447480000.0,0.6950994464,0,43397000.0,0.0,43397000.0,242078000.0,285475000.0,481759000.0,0.0,24257000.0,242078000.0,431729000.0,0.6706324057,162218000.0,0.2519836462,-94914000.0,309382000.0,0.4805829465,37168000.0,272214000.0,0.4228475031,1.69,1.69,161412000,161412000,https://www.sec.gov/Archives/edgar/data/1035443/000103544322000226/0001035443-22-000226-index.htm,https://www.sec.gov/Archives/edgar/data/1035443/000103544322000226/are-20220630.htm,3.988328005352762,1.6864545386960077,2.1004262384457166,2.1004262384457166,12.872147052263772,126.7696082075682,122.53660198746066,106.18377196243154,63.78499120263673,23409582360.0,33260730360.0,21.49924540986136,36.36360896229053,69.04789006412337,69.04789006412337,1.36583959412661,1.36583959412661,51.6660303465245,77.04076019910639,98.10440946925677,98.10440946925677,0.011628315098228,0.0144827017751204,0.5992884788120426,0.3089697276081228,22.81789733837662,0.197232518025957,6.687471657665829,1.0958426799232015,0.0080180840953712,0.6895310307331731,0.0674113495007487,0.0,0.0205527887950365,0.0,0.0,0.0,0.0222752437228549,63.47572247436694,0.0046650085623864,0.0083601767094445,-66.20099342056352,-2135738000.0,19778878000.0,-12257186000.0,-26445000.0,77256000.0,408794500.0,-27870000.0,8.655330214177868,196.4773491471541,-25.55786513419331,10.398216795076804,0.4580680693762485,-3.521420882669537,0.01588241317414,0.0,2022-07-25,0.66,amc,630877871.0,2025-04-24,2022-06-30,1.5303030303030298,169.695,1103149.4516129033
2022-03-31,ARE,USD,1035443,2022-04-25,2022-04-25 16:07:01,2022,Q1,615065000.0,181328000.0,433737000.0,0.7051888825,0,40931000.0,0.0,40931000.0,240659000.0,281590000.0,462918000.0,0.0,29440000.0,240659000.0,152707000.0,0.2482778243,152367000.0,0.2477250372,-509978000.0,-117392000.0,-0.1908611285,32177000.0,-149569000.0,-0.2431759245,-0.95,-0.95,157968750,158198000,https://www.sec.gov/Archives/edgar/data/1035443/000103544322000151/0001035443-22-000151-index.htm,https://www.sec.gov/Archives/edgar/data/1035443/000103544322000151/are-20220331.htm,3.893586547972305,-0.9468265084075174,1.20964431256182,1.20964431256182,15.421790702274976,127.75068486646884,123.13094836795251,107.1729756676558,67.97866666666667,31791210937.5,41725215937.5,-53.13803484930032,51.68756300147139,166.37121996116932,166.37121996116932,1.8778054705141136,1.8778054705141136,67.83870962825067,273.23708760895045,218.3583095438703,218.3583095438703,-0.004704727992087,0.0060106549692512,0.6325503259572471,0.3260559471951503,65.05271533066592,0.7786539794331954,5.175509510869565,-1.627759983644541,0.005782950525585,-1.2291785062412666,0.0665474380756505,0.0,0.0222192276177606,0.0,0.0,0.0,0.0228073455651028,,0.006167659668886,-0.0046573692205279,-64.30403639960436,-307242000.0,19450842000.0,-11582820000.0,1891814000.0,91862000.0,451250500.0,-100441500.0,13.549933746839764,193.11772037412865,0.0,6.642098897420114,0.4660369842065358,0.0,-0.0088345639608219,0.0,2022-04-25,2.0,amc,583773728.0,2025-04-24,2022-03-31,0.0249999999999999,195.1482258064516,1093709.7903225806
2021-12-31,ARE,USD,1035443,2022-01-31,2022-01-31 16:07:33,2021,Q4,576923000.0,175717000.0,401206000.0,0.6954238261,0,41654000.0,0.0,41654000.0,239254000.0,280908000.0,456625000.0,0.0,34862000.0,239254000.0,362570000.0,0.6284547505,109757000.0,0.190245492,119214000.0,99796000.0,0.1729797564,24901000.0,74895000.0,0.1298180173,0.47,0.47,153464000,154307000,https://www.sec.gov/Archives/edgar/data/1035443/000103544322000040/0001035443-22-000040-index.htm,https://www.sec.gov/Archives/edgar/data/1035443/000103544322000040/are-20211231.htm,3.759337694833968,0.4880297659385915,1.6261794297033831,-12.046447375280197,165.13330162122713,124.02420111557107,120.05016160141793,105.49407027055206,57.51660324245426,34216333440.0,42646851440.0,114.21434488283596,59.308319203775895,137.10664144895017,-18.50836126653598,2.1134837193047216,2.1134837193047216,73.9212190188292,117.6237731748352,170.8881689373297,-23.068612384080456,0.0021888669085871,-0.0540296348012208,0.5430583521139758,0.2909347589706775,23.25211131643545,0.1586211788921973,3.148327692042912,2.500701430919075,0.0050724312791826,2.317377662060218,0.0722002762933701,0.0,0.0201814908601842,8.407821766308704,3.636977551597007,8.769993396139668,0.0247052032940271,34.03521036362275,0.0029893001053143,0.0025294245924644,92.03327653391024,-2241641000.0,18423378000.0,-10763517000.0,-369794000.0,90646000.0,535740500.0,-100441500.0,14.215189895358652,262.9651086690531,-102.88970332978596,6.331255555677491,0.3422507284541191,-0.8747230975244297,0.0046261345750238,13.67262680498358,2022-01-31,1.96,amc,547870467.0,2025-04-24,2021-12-31,0.0051020408163265,206.9740625,610718.09375
2021-09-30,ARE,USD,1035443,2021-10-25,2021-10-25 16:07:05,2021,Q3,547759000.0,165995000.0,381764000.0,0.6969561431,0,37931000.0,0.0,37931000.0,210842000.0,248773000.0,414768000.0,0.0,35678000.0,210842000.0,509399000.0,0.9299692018,138825000.0,0.2534417508,5874000.0,124433000.0,0.2271674222,21286000.0,103147000.0,0.1883072665,0.67,0.67,150854000,151561000,https://www.sec.gov/Archives/edgar/data/1035443/000103544321000244/0001035443-21-000244-index.htm,https://www.sec.gov/Archives/edgar/data/1035443/000103544321000244/are-20210930.htm,3.631053866652525,0.6837538282047543,2.04716480835775,-6.649402733769075,2.160181367414852,112.50693385657657,108.31695546687526,97.59925490871969,64.10703726782187,28823673780.0,38132926780.0,69.86066919057268,52.62108660925699,93.33396081250424,-28.73491163795037,1.9576993715648687,1.9576993715648687,69.61624871521965,74.8586604606605,123.47826029797004,-38.01549691004488,0.0035785514638862,-0.0348008726318578,0.6544161685085849,0.3373794650025957,18.27497305648421,0.2968843777420631,3.8910533101631257,2.481841633650238,0.0059204111627993,1.6544155428660068,0.0692476070680719,0.0,0.0221324710724059,4.24810328246277,2.3950532989873285,6.222251733525578,0.0177596351680209,38.74934765786124,0.004363546422978,0.0036934979975931,-74.19821980192769,-1541716000.0,16340046000.0,-10935621000.0,297879000.0,87091000.0,431820000.0,-85301500.0,14.815292856895097,302.5744751347932,0.0,6.074803979194623,0.2974474299588757,0.0,0.0070057279519627,8.696567542126825,2021-10-25,1.94,amc,425280000.0,2025-04-24,2021-09-30,0.0051546391752577,199.08859375,712646.375
2021-06-30,ARE,USD,1035443,2021-07-26,2021-07-26 16:07:12,2021,Q2,509619000.0,143955000.0,365664000.0,0.7175242681,0,37880000.0,0.0,37880000.0,190052000.0,227932000.0,371887000.0,0.0,35158000.0,190052000.0,510301000.0,1.0013382547,420242000.0,0.8246199612,74127000.0,404520000.0,0.7937694631,19436000.0,385084000.0,0.7556311676,2.61,2.61,145825000,146058000,https://www.sec.gov/Archives/edgar/data/1035443/000103544321000191/0001035443-21-000191-index.htm,https://www.sec.gov/Archives/edgar/data/1035443/000103544321000191/are-20210630.htm,3.494729984570547,2.6407268986799246,1.6441693811074918,-9.41702040116578,2.220990913766501,110.96737184981998,106.88402537287844,97.31542602434423,60.86855477455855,26531400500.0,35048523500.0,17.224424086692775,52.06124673530618,110.65769870829702,-19.320336183776,1.86959054111818,1.86959054111818,68.77397330162337,68.68205921603132,146.18108658205463,-25.52255983490104,0.0145142733795752,-0.0517589337208188,0.6229994569806178,0.3272159621893604,16.690390573406674,0.1586581847576506,11.952955230672965,0.5927049342430535,0.0060599137991226,0.4175141008195615,0.074330038715197,0.0,0.0220384657378089,6.727524493141086,3.165105696608643,8.48714036158525,0.0240218673165639,76.0403045830111,0.0161734425962457,0.0145735998506777,-72.24720555460313,-1931741000.0,15586363000.0,-10472750000.0,-161438000.0,66881500.0,312948500.0,-85301500.0,14.836907572127414,191.0440762738356,-106.66020631447329,6.065954078535465,0.4710954757424527,-0.8438011054905248,0.0271357482216573,11.061189782273273,2021-07-26,1.89,amc,450840000.0,2025-04-24,2021-06-30,0.0211640211640211,178.97841269841268,873473.619047619
2021-03-31,ARE,USD,1035443,2021-04-26,2021-04-26 16:07:21,2021,Q1,479849000.0,137888000.0,341961000.0,0.7126429356,0,33996000.0,0.0,33996000.0,180913000.0,214909000.0,352797000.0,0.0,36467000.0,180913000.0,477433000.0,0.9949650828,44588000.0,0.092920898,-55268000.0,25533000.0,0.0532104891,17412000.0,8121000.0,0.016924074,0.04,0.04,137319000,137688000,https://www.sec.gov/Archives/edgar/data/1035443/000103544321000123/0001035443-21-000123-index.htm,https://www.sec.gov/Archives/edgar/data/1035443/000103544321000123/are-20210331.htm,3.4944108244307053,0.059139667489568,1.5442364130236894,-15.283434921605895,3.5842381607789164,107.64688062103568,103.63863704221558,94.60020827416452,64.9759538010035,22561511700.0,30955293700.0,694.5422885112671,47.01794043542864,106.39562609347664,-10.75020117157906,1.7367826455924475,1.7367826455924475,64.51048913303977,64.83693774833327,145.97904156036464,-14.749704675166509,0.0003599492847813,-0.0930215150432495,0.6840406681669534,0.3521377570078495,17.581067919477707,0.6923144599895694,1.2226944909095896,8.305056201778092,0.0066920161205332,18.59155276443788,0.0708472873758203,0.0,0.0218118591224833,10.897082333190289,4.815596156290833,12.772763704100866,0.0259373261171743,11.219583744061296,0.0005873199347167,0.000328999367929,-72.26157705779973,-339231000.0,14231554000.0,-9689090000.0,1316932000.0,49173500.0,302671500.0,-40764000.0,9.331060396082934,209.0753365049895,0.0,9.645206030150751,0.4304668427394933,0.0,0.0006251536711015,16.827671334629585,2021-04-26,1.85,amc,833944468.0,2025-04-24,2021-03-31,0.0324324324324323,166.66737704918032,1032550.1967213114
2020-12-31,ARE,USD,1035443,2021-02-01,2021-02-01 16:07:31,2020,Q4,463720000.0,136767000.0,326953000.0,0.7050655568,0,32690000.0,0.0,32690000.0,177750000.0,210440000.0,347207000.0,0.0,37538000.0,177750000.0,527801000.0,1.1381889934,479022000.0,1.0329983611,-21889000.0,457133000.0,0.9857953075,15649000.0,441484000.0,0.95204865,3.26,3.26,133688000,133827000,https://www.sec.gov/Archives/edgar/data/1035443/000103544321000044/0001035443-21-000044-index.htm,https://www.sec.gov/Archives/edgar/data/1035443/000103544321000044/are-20201231.htm,3.4686733289450062,3.3023457602776616,1.2983139848004308,7.700593920172341,4.252677876847585,100.56084315720184,97.10261205194185,87.70953264316917,56.85494584405481,23825875360.0,30820629360.0,13.491924599758994,51.379874406969726,137.27033836687428,23.143669416606684,2.031934210903355,2.031934210903355,66.4638776848098,58.39441259110915,177.56989646768722,29.938142726840912,0.018529602515305,0.0432083600054558,0.6450172066310345,0.3313179613102891,13.252634989323628,0.3149918914205242,12.760988864617188,0.3796903745737017,0.0060035569664794,0.3239981516883964,0.0704951263693608,0.0,0.0202526051698716,4.931226198226642,1.845743120848788,4.81523488045007,0.0245708617269041,80.72832262194204,0.0221276156394777,0.0197394618528116,-65.97364198731374,-1315767000.0,12981454000.0,-8779062000.0,129545000.0,48173000.0,301650500.0,-40764000.0,9.431833865263522,187.5590602996337,-53.64978393910812,9.542152807786488,0.4798488532423927,-1.677546364439211,0.0376509332652891,6.402279935371911,2021-02-01,1.84,amc,1605184615.0,2025-04-24,2020-12-31,0.0,165.27640625,750986.734375
2020-09-30,ARE,USD,1035443,2020-10-26,2020-10-26 16:07:01,2020,Q3,545042000.0,140443000.0,404599000.0,0.7423262794,0,36913000.0,0.0,36913000.0,176831000.0,213744000.0,354187000.0,0.0,43318000.0,176831000.0,531473000.0,0.9751046708,124374000.0,0.2281915889,-70281000.0,95799000.0,0.1757644365,14743000.0,81056000.0,0.1487151449,0.64,0.63,124901000,125828000,https://www.sec.gov/Archives/edgar/data/1035443/000103544320000273/0001035443-20-000273-index.htm,https://www.sec.gov/Archives/edgar/data/1035443/000103544320000273/are-20200930.htm,4.363792123361702,0.6489619778864861,2.5242712228084643,-8.977398099294641,3.5728697128125475,98.75917726839656,95.14868575912122,85.68237243897167,65.59222103906293,19984160000.0,27687121000.0,61.63689301223845,36.66535789902429,63.38463099935296,-17.82253590966087,1.8673619257445515,1.8673619257445515,50.7981421615215,52.09506597701106,87.81644802780984,-24.69229170791395,0.0040560123617905,-0.0561087381205915,0.761479876215378,0.3719290933627728,14.493607389274716,0.5084140837355682,2.8711851886051987,3.2910990720153657,0.0066893479635871,1.649242499013028,0.0677250560507263,0.0,0.0205814783125537,4.556431661613022,2.635705138319616,8.123971475589688,0.0238403645957559,35.370942063790665,0.0050951801807744,0.0037771234355047,-72.80553598449973,-621049000.0,11884166000.0,-8933242000.0,784239000.0,47326000.0,275970500.0,-13508000.0,7.884548346732912,203.96317367188112,0.0,11.414731198559132,0.4412561266809099,0.0,0.0075740430547568,11.501669322103105,2020-10-26,1.83,amc,527739079.0,2025-04-24,2020-09-30,0.0,166.97828125,818987.703125
2020-06-30,ARE,USD,1035443,2020-07-27,2020-07-27 16:07:57,2020,Q2,436956000.0,123911000.0,313045000.0,0.7164222485,0,31775000.0,0.0,31775000.0,168027000.0,199802000.0,323713000.0,0.0,45014000.0,168027000.0,432186000.0,0.9890835691,274668000.0,0.6285941834,-49202000.0,243561000.0,0.5574039491,13907000.0,229654000.0,0.525576946,1.82,1.82,124333000,124448000,https://www.sec.gov/Archives/edgar/data/1035443/000103544320000208/0001035443-20-000208-index.htm,https://www.sec.gov/Archives/edgar/data/1035443/000103544320000208/are-20200630.htm,3.514400842897702,1.8470880618982888,1.627805972670168,1.627805972670168,1.6637578116831413,89.02685529988015,86.51034721272711,75.85628915895217,60.87108008332462,20173029250.0,27489439250.0,21.96024154815505,46.16718674191452,99.67404145461732,99.67404145461732,2.138912960269057,2.138912960269057,62.91122962037368,63.60557549295905,135.8240982756065,135.8240982756065,0.0113842099346581,0.0100327024509717,0.797679887694774,0.3748681804891378,16.928845450801276,0.1297683401309014,6.101834984671435,0.8309622640734765,0.0064433059799385,0.5659862227524886,0.0727189923012843,0.0,0.0155903790043882,0.0,0.0,0.0,0.0210204231089629,56.14755593809597,0.0142587455875928,0.0116243879207073,-70.54927292030274,-1668114000.0,10756091000.0,-8751384000.0,-572820000.0,50242500.0,238327500.0,-13508000.0,9.660629445527697,169.71447248428305,-19.62247096706507,9.316163145214592,0.5303024467069815,-4.586578323956174,0.0243498341716641,0.0,2020-07-27,0.53,amc,127245428.0,2025-04-24,2020-06-30,2.4339622641509435,152.8457142857143,972067.4603174604
2020-03-31,ARE,USD,1035443,2020-04-27,2020-04-27 16:09:26,2020,Q1,439919000.0,129103000.0,310816000.0,0.7065300658,0,31963000.0,0.0,31963000.0,175496000.0,207459000.0,336562000.0,0.0,45739000.0,175496000.0,455462000.0,1.0353315042,64504000.0,0.1466269927,-34476000.0,30678000.0,0.069735565,11913000.0,18765000.0,0.0426555798,0.14,0.14,121433000,121785000,https://www.sec.gov/Archives/edgar/data/1035443/000103544320000135/0001035443-20-000135-index.htm,https://www.sec.gov/Archives/edgar/data/1035443/000103544320000135/a1q2010-q.htm,3.622730229838676,0.1545296583301079,1.5750825558126704,-5.473314502647551,3.6666721566625218,89.87890441642716,87.0967200019764,76.7714377475645,62.94867951874696,16643606980.0,23796659980.0,221.73736983746332,37.833344274741485,87.01766107064992,-25.041499064908724,1.7852993772328836,1.7852993772328836,54.093276216758085,52.24730049927327,124.41592109459552,-35.80377975478491,0.0011274599323661,-0.0399337115325226,0.8150429505289627,0.3856630325904537,15.705048939318758,0.5295820140787424,1.4102625767944206,6.234663276615164,0.007587177476117,6.729443112176925,0.0726565572298536,0.0,0.017148011096372,4.474938175430158,1.9456036224850484,4.877079819483066,0.0225700640345154,16.33792952012132,0.002122489073803,0.0009690620047855,-68.36880007905594,-531005000.0,10576416000.0,-8189881000.0,629451000.0,52312000.0,220994000.0,-21176000.0,10.961972544945771,169.3954439478556,0.0,8.210201186965772,0.5313011843913842,0.0,0.0020128535151083,7.048397058460221,2020-04-27,1.82,amc,2073903857.0,2025-04-24,2020-03-31,0.0,156.57564516129034,1117378.161290323
2019-12-31,ARE,USD,1035443,2020-02-04,2020-02-04 16:15:46,2019,Q4,408114000.0,121852000.0,286262000.0,0.7014265622,0,29782000.0,0.0,29782000.0,140518000.0,170300000.0,292152000.0,0.0,45493000.0,140518000.0,261257000.0,0.6401569169,247934000.0,0.6075116267,100912000.0,216053000.0,0.5293937478,13612000.0,202441000.0,0.4960403221,1.75,1.74,114175000,114974000,https://www.sec.gov/Archives/edgar/data/1035443/000103544320000042/0001035443-20-000042-index.htm,https://www.sec.gov/Archives/edgar/data/1035443/000103544320000042/a4q1910-k.htm,3.574460258375301,1.773076417779724,1.5615590102912196,-9.59376395883512,1.6613181519597109,89.0429428508868,86.57611561199913,77.65120210203635,59.75889643091745,18448396500.0,25036194500.0,22.78243599369693,45.20402755112542,103.4735152082831,-16.842190478451077,2.080843510802039,2.080843510802039,61.34608099697633,95.82975575774046,140.42320980868357,-22.85642313815996,0.0109733656255707,-0.0593746995843243,0.7644498098654317,0.3685314643106825,25.21577603662294,0.1384177179923367,5.449937352999362,0.8252188120507468,0.0062647179119334,0.5709021393887602,0.0729747080472613,0.0,0.0153149699059346,7.14370888042582,3.1208412355371293,9.064027384392036,0.0250885781913877,55.658189813681325,0.0140286233510249,0.0111791177497547,-70.21886139697833,-1577166000.0,9884828000.0,-7970645000.0,-551834000.0,50945000.0,201452000.0,-34503000.0,11.256119613637368,146.97715261136463,-31.281226405803764,7.995650640648877,0.6123400705548911,-2.877125047223271,0.022833856653627,11.155322969126342,2020-02-03,0.59,amc,138383482.0,2025-04-24,2019-12-31,1.9491525423728813,157.6690625,669850.171875
2019-09-30,ARE,USD,1035443,2019-10-29,2019-10-29 16:07:27,2019,Q3,390484000.0,116450000.0,274034000.0,0.7017803546,0,27930000.0,0.0,27930000.0,135570000.0,163500000.0,279950000.0,0.0,46203000.0,135570000.0,378723000.0,0.9698809682,-999000.0,-0.0025583635,-146537000.0,-36003000.0,-0.0922009609,11199000.0,-47202000.0,-0.1208807531,-0.42,-0.42,112120000,112120000,https://www.sec.gov/Archives/edgar/data/1035443/000103544319000268/0001035443-19-000268-index.htm,https://www.sec.gov/Archives/edgar/data/1035443/000103544319000268/a3q1910-q.htm,3.4827327863003923,-0.4209953621120228,1.7590617195861578,-6.372306457367107,3.662816625044595,79.94666428826258,78.2801908669283,69.48119871566179,60.50558330360328,17270964800.0,23597972800.0,-91.47369179272064,44.22963501705576,87.56941174084552,-24.173350894308037,2.2170026258524778,2.2170026258524778,60.43262412800525,62.30932053242079,119.64940119456868,-33.02896413110266,-0.0027330262406649,-0.0413678684586283,0.8648886194916916,0.3949831265446425,16.706162551521825,0.2727521412170831,-0.0216219725991818,-5.478043496375302,0.0066325188735258,-2.4268039489852127,0.0715266182481228,0.0,0.0109534126611824,4.62255990589476,2.33476659735098,6.724858006933688,0.0280037082185185,,-8.527285955219569e-05,-0.0027977674998424,-68.31118444523725,-1236213000.0,8776775000.0,-7630896000.0,-388896000.0,50044000.0,176606000.0,-31858000.0,11.71960951024882,157.59467582653497,-20.599914126234435,7.679436752674638,0.5710852827227698,-4.368950251369401,-0.0060591263520778,8.131368176953265,2019-10-28,1.75,amc,381609363.0,2025-04-24,2019-09-30,0.0,147.78078125,637199.34375
2019-06-30,ARE,USD,1035443,2019-07-30,2019-07-30 16:50:37,2019,Q2,373856000.0,105689000.0,268167000.0,0.7173002439,0,26434000.0,0.0,26434000.0,134437000.0,160871000.0,266560000.0,0.0,42879000.0,134437000.0,374908000.0,1.0028139177,121646000.0,0.3253819652,-9970000.0,87179000.0,0.2331887144,8412000.0,78767000.0,0.2106880724,0.68,0.68,111433000,111501000,https://www.sec.gov/Archives/edgar/data/1035443/000103544319000196/0001035443-19-000196-index.htm,https://www.sec.gov/Archives/edgar/data/1035443/000103544319000196/a2q1910-q.htm,3.354984609586029,0.706855240368652,1.5400285373273626,-4.140021358125511,1.7850098265325351,75.48454228101191,74.06154370787827,68.46284314341354,57.42539463175181,15956091270.0,22113387270.0,50.6433254725964,42.67977849760336,92.9787965153546,-34.58677808967453,2.091499467821555,2.091499467821555,59.14947806107164,58.98350333948596,128.85838395198414,-47.93346975625088,0.0049364846732917,-0.0289127827231336,0.8331614021198005,0.3962852263821685,16.423485228376027,0.1385673391585601,2.836959817159915,1.9684786473806768,0.0069301433621092,1.4038620234362107,0.0707063682273388,0.0,0.0098861745431738,3.688275741506905,1.693018167422751,4.708116069236891,0.030591992638877,32.99772245997177,0.0077091515434834,0.0049598571264942,-66.50357613992264,-1538343000.0,8252900000.0,-7380548000.0,-812355000.0,49366000.0,158326000.0,-36299000.0,11.85376187623042,127.13886970261804,-31.56033267416666,7.592526401299756,0.7078873692247927,-2.851680967028223,0.010324655067099,5.680049895452873,2019-07-29,1.72,amc,285889882.0,2025-04-24,2019-06-30,0.005813953488372,144.3946031746032,853317.619047619
2019-03-31,ARE,USD,1035443,2019-04-30,2019-04-30 16:12:51,2019,Q1,358842000.0,101501000.0,257341000.0,0.7171429208,0,24677000.0,0.0,24677000.0,134087000.0,158764000.0,260265000.0,0.0,39100000.0,134087000.0,365605000.0,1.0188467348,168259000.0,0.4688943881,-96992000.0,136818000.0,0.3812764392,7659000.0,129159000.0,0.3599327838,1.11,1.11,111054000,111054000,https://www.sec.gov/Archives/edgar/data/1035443/000103544319000130/0001035443-19-000130-index.htm,https://www.sec.gov/Archives/edgar/data/1035443/000103544319000130/a1q1910-q.htm,3.231238856772381,1.163028796801556,1.2312028382588651,-4.706512147243683,2.3535577286725378,75.23289570839411,73.81742215498767,68.1342139859888,52.97065391611288,15718583160.0,21300714160.0,30.42487004389938,43.80363268513719,114.96074862868426,-30.073225261490364,2.0773704093674064,2.0773704093674064,59.35959046042548,58.261550471136886,155.78669026548673,-40.7531116923071,0.0082169619669461,-0.0332521700384603,0.7722782706103434,0.377482250559198,15.268202021307149,0.2539029434641739,4.303299232736573,0.9993568097764914,0.0070278598825061,0.8552868944479285,0.0687684273301341,0.0,0.0101545160316342,4.822694361149711,1.8375970482830883,4.917754890481553,0.0307349752816002,42.22494749014789,0.0111871590532232,0.0084290869184204,-61.632800259333294,-956339000.0,8197720000.0,-6799842000.0,-275426000.0,49483500.0,191444500.0,-31100000.0,12.412928252545688,148.38770061378705,-31.50944325671668,7.250505132142568,0.6065192709889453,-2.856286582620441,0.0170696736450313,5.937714985502549,2019-04-29,1.68,amc,132545243.0,2025-04-24,2019-03-31,0.0178571428571428,131.66032786885245,706564.8360655737
2018-12-31,ARE,USD,1035443,2019-02-05,2019-02-05 16:11:51,2018,Q4,340463000.0,97682000.0,242781000.0,0.713090703,0,22385000.0,0.0,22385000.0,124990000.0,147375000.0,245057000.0,0.0,40239000.0,124990000.0,221425000.0,0.6503643568,15555000.0,0.045687784,-114037000.0,-18631000.0,-0.0547225396,6053000.0,-24684000.0,-0.0725012703,-0.23,-0.23,105073172,106033000,https://www.sec.gov/Archives/edgar/data/1035443/000103544319000041/0001035443-19-000041-index.htm,https://www.sec.gov/Archives/edgar/data/1035443/000103544319000041/a4q1810k.htm,3.240246711120513,-0.234922002735389,1.4870684593018664,-1.741205642863813,2.228742080804413,75.13539231498598,73.70457989028826,69.87478211850309,52.52048543847139,12108632341.28,17352706341.28,-122.63644811699884,35.565193108443495,77.49475101778548,-66.18402626496277,1.6492359118137991,1.6492359118137991,50.967965215838426,78.36832490134357,111.05660982188913,-94.84737333581118,-0.0020385456676101,-0.0151093860019421,0.7461565125957424,0.3787260051119409,23.683296827368185,0.2168698610063023,0.3865652724968314,-8.38661370833557,0.0083660976025052,-4.103953978285529,0.0657487010335925,0.0,0.0103933949055911,2.17089810625212,0.996305031677451,2.7138571085686856,0.0288137036917374,,0.0015643931436155,-0.0017243913493732,-60.07515172379111,-1018059000.0,7744374000.0,-6288314000.0,-639002000.0,50010000.0,330741000.0,-26079000.0,13.078513671089077,198.58837861632645,-24.567064556417765,6.881515917129864,0.4531987250567182,-3.6634413441344136,-0.003362042722895,3.22827410216568,2019-02-04,1.69,amc,590135866.0,2025-04-24,2018-12-31,-0.0059171597633136,121.98333333333332,689309.6825396825
2018-09-30,ARE,USD,1035443,2018-10-30,2018-10-30 16:34:09,2018,Q3,341823000.0,99759000.0,242064000.0,0.7081559755,0,22660000.0,0.0,22660000.0,119600000.0,142260000.0,242019000.0,0.0,42244000.0,119600000.0,298286000.0,0.8726329124,255880000.0,0.7485745547,-36521000.0,219359000.0,0.6417327096,5723000.0,213636000.0,0.6249901265,2.01,1.99,104179000,105385000,https://www.sec.gov/Archives/edgar/data/1035443/000103544318000215/0001035443-18-000215-index.htm,https://www.sec.gov/Archives/edgar/data/1035443/000103544318000215/a3q1810q.htm,3.28111231630175,2.0506628015243,1.495954079037042,-3.159782681730483,1.9599055471832136,71.16006104877182,69.64672342794613,65.97090584474797,54.96547288801006,12851521440.0,18331344440.0,15.039040049429872,37.59700616985984,82.46242430075651,-39.04065957233514,1.8699152061108288,1.8699152061108288,53.62817727303312,61.45559778199446,117.62398018569496,-55.68739710130839,0.016623401439075,-0.0256143213499552,0.827030913095903,0.4029617811862352,18.37103652199567,0.1723366108960313,6.05719155383013,0.710465492639919,0.0076950422143948,0.4629041921773484,0.0662916187617568,0.0,0.0111770062966633,3.1122190353359382,1.4189507435134558,4.055434782608696,0.0292139499097486,55.17147685598465,0.0193522629626205,0.0153167055589985,-62.03591174804903,-1176257000.0,7255726000.0,-6447261000.0,-794432000.0,49292000.0,420189000.0,-21933000.0,13.308203368409966,402.3182870718432,-23.000030072474665,6.762746067860323,0.2237034777987321,-3.913038361967522,0.031084351128211,4.6557367607675255,2018-10-29,0.49,amc,84167472.0,2025-04-24,2018-09-30,3.061224489795918,126.41968253968254,558642.619047619
2018-06-30,ARE,USD,1035443,2018-07-31,2018-07-31 16:59:33,2018,Q2,325034000.0,91908000.0,233126000.0,0.7172357353,0,22939000.0,0.0,22939000.0,118852000.0,141791000.0,233699000.0,0.0,38097000.0,118852000.0,321638000.0,0.9895518623,92827000.0,0.2855916612,-13285000.0,60547000.0,0.1862789739,5817000.0,54730000.0,0.1683823846,0.51,0.51,101881000,102236000,https://www.sec.gov/Archives/edgar/data/1035443/000103544318000158/0001035443-18-000158-index.htm,https://www.sec.gov/Archives/edgar/data/1035443/000103544318000158/a2q1810q.htm,3.190329894681049,0.5371953553655736,1.26932401527272,-4.721616395598787,2.8172966500132506,68.70893493389346,67.21274820624062,63.41183341349221,55.47846997968218,12854325770.0,18181401770.0,58.717000593824224,39.54763430902613,99.39936413547788,-26.72178115054163,1.98969172168983,1.98969172168983,55.936922814228666,56.52753023585522,140.59234279307145,-37.79579324509452,0.0042577106710436,-0.0374226551129332,0.8689944881642347,0.4139526875821678,16.562334052568417,0.3486945514003903,2.436596057432344,2.1358613969313094,0.0072568566931534,1.7044034350447652,0.0705741553191358,0.0,0.0112395564433177,4.719788122486855,1.877843548674908,5.135487833608185,0.0245358947063999,27.6848731920742,0.0066498517625405,0.004081356582375,-61.32824324456964,-617405000.0,6847702000.0,-6231510000.0,-261784000.0,49232000.0,382309000.0,-28716500.0,13.3017161281589,386.24657265961616,-17.99059929494712,6.766044255708903,0.2330117763383067,-5.002612671456564,0.0084715316755259,5.990940410871507,2018-07-30,1.64,amc,337780431.0,2025-04-24,2018-06-30,0.0,124.95890625,672762.109375
2018-03-31,ARE,USD,1035443,2018-05-01,2018-05-01 16:36:45,2018,Q1,320139000.0,91771000.0,228368000.0,0.7133401429,0,22421000.0,0.0,22421000.0,114219000.0,136640000.0,228411000.0,0.0,36915000.0,114219000.0,319022000.0,0.9965108906,172545000.0,0.5389690103,-65573000.0,141518000.0,0.4420517338,5888000.0,135630000.0,0.4236597228,1.33,1.32,99855000,100125000,https://www.sec.gov/Archives/edgar/data/1035443/000103544318000087/0001035443-18-000087-index.htm,https://www.sec.gov/Archives/edgar/data/1035443/000103544318000087/a1q1810q.htm,3.206038756196485,1.3582694907616044,1.2910820690000502,-3.811917280056081,2.219668519353062,67.43124530569325,66.35394321766562,62.03592208702619,52.55333233188123,12470890950.0,17460043950.0,22.9869699734572,38.95461330859408,96.73281273027668,-32.76304043989187,2.013188420489662,2.013188420489662,54.5389469886518,54.72990561779439,135.43211695534475,-45.87034946497863,0.0108757265654704,-0.0305221977744902,0.8411843417739685,0.4064205866597781,15.638899511632427,0.1976809936132595,4.674116212921577,0.9109865882785227,0.0074062070120178,0.6809850328098503,0.0700352034584977,0.0,0.0083903248963669,3.952498041436229,1.5916836124308504,4.461254257172625,0.0226401656780336,43.541747286904,0.0140323793697118,0.0106680849878972,-58.564075409343545,-1096811000.0,6625773000.0,-5817609000.0,-840583000.0,49841500.0,360033500.0,-19530500.0,14.17587360490287,363.0391953885214,-38.30719944208955,6.348815071888944,0.2479071162100906,-2.349427818028212,0.0218948867860169,5.102999349056131,2018-04-30,0.51,amc,123690068.0,2025-04-24,2018-03-31,1.5882352941176472,124.08459016393442,740626.344262295
2017-12-31,ARE,USD,1035443,2018-01-30,2018-01-30 16:32:38,2017,Q4,298838000.0,88073000.0,210765000.0,0.7052817915,0,18910000.0,0.0,18910000.0,107714000.0,126624000.0,214697000.0,631000.0,36082000.0,107714000.0,168623000.0,0.5642622424,75470000.0,0.2525448571,-38534000.0,45607000.0,0.15261446,6219000.0,39388000.0,0.1318038536,0.39,0.39,99855000,100125000,https://www.sec.gov/Archives/edgar/data/1035443/000103544318000028/0001035443-18-000028-index.htm,https://www.sec.gov/Archives/edgar/data/1035443/000103544318000028/a4q1710k.htm,2.9927194431926294,0.3944519553352361,0.9413149066145912,-2.1265234590155724,2.547503880626909,64.92583245706274,64.14807470832707,59.583055430374046,48.07860397576486,13040064450.0,17550490450.0,82.76673384025592,43.63589787777993,138.73146922708656,-61.410091408280906,2.1917305021828115,2.1917305021828115,58.72911226149285,104.08123713846864,186.71727698281825,-82.65121901254568,0.0030205372182803,-0.0162839685964895,0.800852854597216,0.3936570969831096,26.74858115440954,0.4696546204685047,2.091624632780888,2.0609774815269586,0.0064124683064737,2.1229562303239566,0.0632784317924761,0.0,0.006416333573007,3.259098888238736,1.0251005561541704,2.8440035649961937,0.0232935570442848,22.995862370991283,0.0057323829281762,0.0032751580079974,-53.371984377347154,-392961000.0,6405506000.0,-5272792000.0,-207176000.0,48924500.0,344090000.0,0.0,14.834860359124342,357.5393139781772,0.0,6.066791181127939,0.2517205702461387,0.0,0.0066202035542835,3.0678383656301635,2018-01-29,1.54,amc,314566315.0,2025-04-24,2017-12-31,-0.0064935064935064,125.94873015873016,600838.3492063492
2017-09-30,ARE,USD,1035443,2017-10-31,2017-10-31 16:06:29,2017,Q3,283737000.0,83469000.0,200268000.0,0.7058226456,0,17636000.0,0.0,17636000.0,107788000.0,125424000.0,208893000.0,588000.0,31031000.0,107788000.0,277953000.0,0.9796149251,84804000.0,0.2988824158,-110619000.0,59546000.0,0.2098633594,5773000.0,53773000.0,0.1895170528,0.55,0.55,92598000,93296000,https://www.sec.gov/Archives/edgar/data/1035443/000103544317000173/0001035443-17-000173-index.htm,https://www.sec.gov/Archives/edgar/data/1035443/000103544317000173/a3q1710q.htm,3.064180651849932,0.5807144862740016,1.4549126331022268,-2.153221451867211,1.2803948249422237,63.76823473509147,62.915851314283245,58.39186591503056,52.35610920322253,11016384060.0,15714862060.0,51.217079482268055,38.826039818564375,81.77123305770401,-55.25209675801469,2.037441313711746,2.037441313711746,55.38531125655096,56.53783934693995,116.64659120262466,-78.81706686594711,0.0048811842168109,-0.0180988606528302,0.8908945305781242,0.4172286907867367,16.903857846470448,0.2149018796372461,2.732880023202604,2.2624861451650826,0.0074271194208891,1.5215814628159112,0.0621561516474763,0.0,0.0068364479711827,2.479966152521489,1.1775200273492703,3.0996585890822725,0.0278180145698305,27.62159579734877,0.0072453428324948,0.0046896173286911,-59.24001328322426,-766412000.0,5825882000.0,-5430725000.0,-582589000.0,47753000.0,332829500.0,0.0,15.412829486461051,364.7658412105093,0.0,5.839291226770389,0.2467336297207179,0.0,0.0099451263831683,3.608134084969438,2017-10-30,1.5,amc,216671890.0,2025-04-24,2017-09-30,0.0066666666666666,120.11809523809524,585505.0317460317
2017-06-30,ARE,USD,1035443,2017-08-01,2017-08-01 16:22:52,2017,Q2,273084000.0,76980000.0,196104000.0,0.7181087138,0,19234000.0,0.0,19234000.0,104098000.0,123332000.0,200312000.0,500000.0,31748000.0,104098000.0,280040000.0,1.0254720159,65969000.0,0.2415703593,-135938000.0,41496000.0,0.1519532452,7275000.0,34221000.0,0.1253130905,0.35,0.35,90215000,90745000,https://www.sec.gov/Archives/edgar/data/1035443/000103544317000142/0001035443-17-000142-index.htm,https://www.sec.gov/Archives/edgar/data/1035443/000103544317000142/a2q1710q.htm,3.027035415396553,0.3793271628886548,1.2652441390012747,-4.056520534279222,1.384215485229729,62.67794712630937,61.84931552402594,57.16526076594801,53.28529623676772,10868201050.0,15518709050.0,79.3971614651822,39.79801471342151,95.2148255712083,-29.697865198013982,2.1073987660660007,2.1073987660660007,56.82760267902916,55.41604431509784,135.9572912286235,-42.40559475241762,0.0031487271759662,-0.0336724540074642,0.9259711345227726,0.4246422199768142,16.60658477360377,0.2174529646747164,2.0778946705304278,2.750722961249277,0.0072679001461792,2.308202565676047,0.0704325409031653,0.0,0.006647449190875,4.206116834875245,1.758078100511198,4.612029049549463,0.020154970631747,22.08840338499111,0.0052835565786038,0.0030634025225514,-60.201881616139225,-743818000.0,5579736000.0,-5384485000.0,-572839000.0,47624000.0,359196500.0,0.0,15.4617260623105,382.7314886983632,0.0,5.820824896088671,0.2351518039607408,0.0,0.0066356237653097,5.321764673280496,2017-07-31,1.5,amc,335503200.0,2025-04-24,2017-06-30,0.0,116.37587301587304,717172.8571428572
2017-03-31,ARE,USD,1035443,2017-05-02,2017-05-02 16:25:39,2017,Q1,268852000.0,77087000.0,191765000.0,0.7132734739,0,19229000.0,0.0,19229000.0,97183000.0,116412000.0,193499000.0,538000.0,29784000.0,97183000.0,271113000.0,1.0084098314,71495000.0,0.2659269784,-13203000.0,47555000.0,0.1768817044,5844000.0,41711000.0,0.1551448381,0.29,0.29,88147000,88200000,https://www.sec.gov/Archives/edgar/data/1035443/000103544317000086/0001035443-17-000086-index.htm,https://www.sec.gov/Archives/edgar/data/1035443/000103544317000086/a1q1710q.htm,3.0500414081023743,0.4731981803124326,1.2191452913882492,-3.696382179767887,1.7154185621745492,61.78686739197023,60.99194527323675,56.18377256174345,50.60262969811792,9742006440.0,14021483440.0,58.3899117738726,36.23557362415009,90.65367416064916,-29.899505685567405,1.9671160365485152,1.9671160365485152,52.1531676907741,51.71822612711305,130.47609841435272,-43.03378635770736,0.0042815615301523,-0.0334453689808893,0.8946487088866054,0.4076583369415784,15.784846171153726,0.335391219248049,2.400449905989793,2.259783408684681,0.0079369686805503,1.853755604037304,0.0715226221117938,0.0,0.006446997072123,4.031945581776223,1.611626471069585,4.458485537594024,0.0195349114010682,24.45784794568715,0.0061724621536891,0.0038626460797165,-59.38761670845293,-471302000.0,5376257000.0,-5184459000.0,-310805000.0,48034000.0,378602000.0,0.0,16.17979408745332,456.5322298182573,0.0,5.562493534438168,0.1971383269825844,0.0,0.0084223283474317,4.915527471156137,2017-05-01,1.46,amc,352288827.0,2025-04-24,2017-03-31,0.0136986301369863,112.94548387096772,1006064.5161290322
2016-12-31,ARE,USD,1035443,2017-01-31,2017-01-31 17:25:23,2016,Q4,245623000.0,73244000.0,172379000.0,0.7018031699,0,17458000.0,0.0,17458000.0,95222000.0,112680000.0,185924000.0,4457000.0,31223000.0,95222000.0,158460000.0,0.645135024,46527000.0,0.1894244432,-39907000.0,19792000.0,0.0805787732,4488000.0,15304000.0,0.0623068687,0.17,0.17,88147000,88200000,https://www.sec.gov/Archives/edgar/data/1035443/000103544317000022/0001035443-17-000022-index.htm,https://www.sec.gov/Archives/edgar/data/1035443/000103544317000022/a4q1610k.htm,2.7865157067171884,0.1736190681475262,1.141842603832235,-8.01519053399435,1.418448727693512,61.06025162512621,60.19441387681941,55.54126629380467,47.59376949867834,9795776110.0,13834769110.0,160.01986588473602,39.88134706440358,97.3251476403378,-13.864923051881416,2.0008546332404373,2.0008546332404373,56.32521836310118,87.30764300138836,137.4542385494287,-19.58170613504313,0.0015623060213041,-0.0721244536488288,0.8505307410684596,0.4021313412564192,25.489038243089738,0.2877236286199082,1.4901514908881273,5.085388035569928,0.0068711247831898,4.398065865133298,0.0710764057111915,0.0,0.0073705287782929,8.019523099850968,3.2861946967507114,8.47666505639453,0.0261620450853543,14.729834187710312,0.0036458090047868,0.0014889235046091,-54.58809431971593,-500377000.0,5305957000.0,-4770483000.0,-327918000.0,32123000.0,318044500.0,0.0,17.49082944186823,449.94347659876576,0.0,5.145553577039908,0.2000251246675078,0.0,0.0031259472412657,9.157033137826586,2017-01-30,1.43,amc,206006387.0,2025-04-24,2016-12-31,-0.006993006993007,107.3257142857143,591891.5238095238
2016-09-30,ARE,USD,1035443,2016-11-02,2016-11-02 16:12:43,2016,Q3,225318000.0,72002000.0,153316000.0,0.680442752,0,15854000.0,0.0,15854000.0,77133000.0,92987000.0,164989000.0,795000.0,25850000.0,77133000.0,105602000.0,0.4686798214,35274000.0,0.1565520731,-36831000.0,28559000.0,0.1267497492,4084000.0,24475000.0,0.1086242555,0.07,0.07,76651000,77402000,https://www.sec.gov/Archives/edgar/data/1035443/000103544316000241/0001035443-16-000241-index.htm,https://www.sec.gov/Archives/edgar/data/1035443/000103544316000241/a3q1610q.htm,2.939531121577018,0.319304379590612,1.5621844463868704,-2.1323270407431085,2.060351463125073,56.006066457058616,55.51571408070345,51.01144146847399,56.81522745952434,8337329270.0,12508495270.0,85.16168815117467,37.0024998890457,69.62686144492788,-51.009998898712105,2.132266739947388,2.132266739947388,55.51485132124375,118.44941639362892,104.46118161395655,-76.53030236470984,0.0029355923470682,-0.0196039996390834,1.1071630796111995,0.4657994527809151,39.49892994450863,0.2886555041614783,1.3645647969052224,4.192828880563045,0.0081294618222509,2.7692747701736464,0.070362776165242,0.0,0.0040441575609639,2.364964966636881,1.2568370037014354,3.6714246820427054,0.033068818292369,19.14377118222956,0.0036317326765861,0.0026441407838864,-63.02160115327915,-690665000.0,4255335000.0,-4720716000.0,-596472000.0,164543000.0,276177500.0,0.0,6.595078955076825,337.38437821171635,0.0,13.646538671188903,0.2667580534612748,0.0,0.0062594659236976,3.694511487129979,2016-10-31,1.38,amc,1255343142.0,2025-04-24,2016-09-30,0.0072463768115942,108.9203125,567055.8125
2016-06-30,ARE,USD,1035443,2016-08-04,2016-08-04 16:02:56,2016,Q2,215826000.0,67325000.0,148501000.0,0.6880588993,0,15384000.0,0.0,15384000.0,70169000.0,85553000.0,152878000.0,574000.0,25025000.0,70169000.0,-37947000.0,-0.1758221901,-86591000.0,-0.4012074542,-171064000.0,-108116000.0,-0.5009405725,3500000.0,-111616000.0,-0.5171573397,-1.5,-1.5,74213953,74319000,https://www.sec.gov/Archives/edgar/data/1035443/000103544316000219/0001035443-16-000219-index.htm,https://www.sec.gov/Archives/edgar/data/1035443/000103544316000219/a2q1610q.htm,2.908159332248479,-1.5039759437150586,0.9476115630169976,-1.5674815219720206,3.450968310500857,58.84980954996428,58.32769748836853,54.19073957696338,54.8805290024101,7682628414.559999,11474504414.56,-17.207722043793,35.59639901846858,109.24307389244376,-66.0422458248588,1.910289485032358,1.910289485032358,53.16553341376849,-302.3823863430574,163.161624641811,-98.63838264370878,-0.0145283611255318,-0.0151418230484159,1.0065064379347188,0.4426409238881422,-99.92558041478904,1.392073308082978,-3.46017982017982,-0.650468015834844,0.0084525759279116,-0.5817983084862385,0.0712796419337799,0.0,0.0042371482028643,2.654139294144413,0.8648401953425444,2.660077812139264,0.0283422757221094,,-0.01025843871692,-0.0122573023172864,-57.76288119297459,168835000.0,4328729000.0,-4177897000.0,7762373000.0,169613000.0,274353000.0,0.0,130.34458313641545,377.56554028963984,0.0,0.6904774854035032,0.2383692111598923,0.0,-0.0277533754928563,2.5150930849890183,2016-08-01,1.37,amc,36389267.0,2025-04-24,2016-06-30,-0.0072992700729927,95.455,596202.75
2016-03-31,ARE,USD,1035443,2016-05-04,2016-05-03 17:42:44,2016,Q1,211126000.0,65837000.0,145289000.0,0.6881625191,0,15188000.0,0.0,15188000.0,70866000.0,86054000.0,151891000.0,854000.0,24855000.0,70866000.0,105687000.0,0.500587327,30791000.0,0.1458418196,-49269000.0,9966000.0,0.0472040393,4030000.0,5936000.0,0.0281159118,-0.05,-0.05,72584000,72584000,https://www.sec.gov/Archives/edgar/data/1035443/000103544316000166/0001035443-16-000166-index.htm,https://www.sec.gov/Archives/edgar/data/1035443/000103544316000166/a1q1610q.htm,2.908712663947977,0.081781108784305,1.4022649619750909,-0.7952027995150447,2.0141766780557697,57.68889837980822,57.1385704838532,53.25856938168192,56.71158933098204,6597159760.0,10542461760.0,277.8453402964959,31.247500355238103,64.81656638698395,-114.2978873507857,1.7065798247157062,1.7065798247157062,49.93445506474807,99.75173635357234,103.5788426244326,-182.651497080684,0.0008997811506689,-0.0087490680989662,1.0584054199476425,0.456053548045083,37.3300595153614,0.245199160231328,1.2388251860792596,10.212923941400762,0.0095096984584772,10.568901617250674,0.0719380843666815,0.0,0.0044524168224557,1.567084553260891,0.7554777715676895,2.250740834815003,0.0257618673209363,9.899482777738706,0.0021760879805567,0.0006646075327934,-63.62360506447702,-636005000.0,4147346000.0,-4577633000.0,-555015000.0,26883000.0,253052000.0,0.0,11.360940859960404,363.98894238801887,0.0,7.921879103973584,0.247260258538454,0.0,0.0015355483583911,2.1974677614901355,2016-05-02,1.34,amc,1604557600.0,2025-04-24,2016-03-31,0.0,81.4244262295082,489412.37704918033
2015-12-31,ARE,USD,1035443,2016-02-03,2016-02-02 21:39:20,2015,Q4,213382000.0,68913000.0,144469000.0,0.6770439868,0,15102000.0,0.0,15102000.0,72245000.0,87347000.0,156260000.0,2842000.0,28230000.0,72245000.0,143452000.0,0.6722778866,70235000.0,0.3291514748,-14145000.0,42977000.0,0.2014087411,972000.0,42005000.0,0.1968535303,0.58,0.58,71838000,72584000,https://www.sec.gov/Archives/edgar/data/1035443/000103544316000136/0001035443-16-000136-index.htm,https://www.sec.gov/Archives/edgar/data/1035443/000103544316000136/a4q1510k.htm,2.970322113644589,0.5847183941646482,1.339124140427072,-0.9527965700604136,1.7413903505108717,59.77287786408308,59.20021437122414,55.33404326401069,55.5976641888694,6491281680.0,10331978680.0,38.63398214498274,30.42094309735592,67.47694054054054,-94.83661343813462,1.632991096798636,1.632991096798636,48.420104226223394,72.0239430610936,107.40102577962578,-150.94859789326048,0.0064709870978823,-0.0105444507532139,0.9976624410987734,0.4450388952230472,26.77339458494827,0.3046875,2.487956075097414,2.238406589571166,0.0095620561639223,1.4776812284251877,0.0707744795718476,0.0,0.0046165914048963,1.7115072765072763,0.7716067897010994,2.2790089279534915,0.0215107178674864,26.98117381989364,0.0081744693850352,0.0047356358485999,-62.24730295943651,-461999000.0,4252825000.0,-4414707000.0,-379181000.0,152596500.0,191697000.0,0.0,11.436531666213645,313.2271124461277,0.0,7.86951871657754,0.2873314487278913,0.0,0.0105670643183407,2.291920710487486,2016-02-01,1.34,amc,266727500.0,2025-04-24,2015-12-31,-0.0074626865671641,90.37578125,440956.15625
2015-09-30,ARE,USD,1035443,2015-11-04,2015-11-03 20:19:11,2015,Q3,211960000.0,68846000.0,143114000.0,0.6751934327,0,15143000.0,0.0,15143000.0,67953000.0,83096000.0,151942000.0,1272000.0,27679000.0,67953000.0,135331000.0,0.6384742404,33611000.0,0.1585723721,6088000.0,39699000.0,0.1872947726,170000.0,39529000.0,0.1864927345,0.46,0.46,71500000,71500000,https://www.sec.gov/Archives/edgar/data/1035443/000103544315000096/0001035443-15-000096-index.htm,https://www.sec.gov/Archives/edgar/data/1035443/000103544315000096/a3q1510q.htm,2.9644755244755245,0.5528531468531469,1.328825174825175,-2.1306573426573427,1.0682937062937063,52.79969230769231,52.79969230769231,52.57569230769231,60.72602797202797,6053905000.0,10291754000.0,38.28774444079031,28.561544631062464,63.717937922977335,-39.73890982132308,1.6104400395620089,1.6104400395620089,48.55517078694093,76.04875453517671,108.32171011777584,-67.55690485880453,0.0065295045098989,-0.0251642534859731,1.1476579088637309,0.4937692735916086,31.314695080949672,0.092075882456003,1.2143141009429532,2.393284465603668,0.0102287696949324,1.566546080093096,0.0714427250424608,0.0,0.0,2.6034143414973,1.166979618795999,3.640060041499272,0.024429137573127,25.57341062816096,0.0040620015196019,0.0045241437214787,-65.41572727272727,-1217785000.0,3775178000.0,-4838666000.0,6171850000.0,272392000.0,135033000.0,0.0,118.07425929420646,187.66580483978737,0.0,0.7622321794604392,0.4795759146256513,0.0,0.010515375501242,3.4594825174825177,2015-11-02,1.33,amc,221175652.0,2025-04-24,2015-09-30,0.0,89.916875,341940.71875
2015-06-30,ARE,USD,1035443,2015-07-29,2015-07-29 16:03:05,2015,Q2,201656000.0,62250000.0,139406000.0,0.6913059864,0,14989000.0,0.0,14989000.0,62171000.0,77160000.0,139410000.0,379000.0,26668000.0,62171000.0,127269000.0,0.6311193319,35957000.0,0.1783086048,-23816000.0,38430000.0,0.1905720633,263000.0,38167000.0,0.1892678621,0.44,0.44,71412000,71412000,https://www.sec.gov/Archives/edgar/data/1035443/000103544315000077/0001035443-15-000077-index.htm,https://www.sec.gov/Archives/edgar/data/1035443/000103544315000077/a2q15-10q.htm,2.823839130678317,0.5344619951828824,0.6239707612166022,-1.3418893183218508,0.9608609197333782,53.76013835209768,53.76013835209768,53.53268358259116,57.68825967624489,6245693520.0,10270042520.0,40.91029894935415,30.97201928035863,140.16682421059718,-65.17676145553968,1.6337682728919274,1.6337682728919274,50.92852441782045,80.69555445552334,230.48188962948,-107.17274379872062,0.0061109306561043,-0.0153428918170803,1.0706509967888052,0.4801194525537042,31.62081103803754,0.1136829853108922,1.3483200839958005,1.1594847775175643,0.0095352101106619,1.5603531846883434,0.0743295513151108,0.0,0.0,3.1505644202069165,0.6961657476097909,2.2580624406877803,0.0201035426667195,25.372261619503416,0.0044224241008428,0.0044771246928553,-61.85410715285946,-951838000.0,3839119000.0,-4563685000.0,6228142000.0,260396000.0,141389500.0,0.0,119.032114095291,182.90602409638555,0.0,0.7560984754748674,0.4920559639554185,0.0,0.0099838446237858,1.9658600795384529,2015-07-27,1.31,amc,224571454.0,2025-04-24,2015-06-30,0.0,92.78619047619048,368942.7619047619
2015-03-31,ARE,USD,1035443,2015-04-29,2015-04-29 16:06:23,2015,Q1,192556000.0,61223000.0,131333000.0,0.6820509358,0,14387000.0,0.0,14387000.0,58920000.0,73307000.0,134530000.0,485000.0,23236000.0,58920000.0,107207000.0,0.5567575147,47752000.0,0.2479901951,-32975000.0,25051000.0,0.1300972185,535000.0,24516000.0,0.127318806,0.25,0.25,71366000,71366000,https://www.sec.gov/Archives/edgar/data/1035443/000103544315000054/0001035443-15-000054-index.htm,https://www.sec.gov/Archives/edgar/data/1035443/000103544315000054/a1q15-10q.htm,2.698147577277695,0.343524927836785,1.4970854468514418,-0.3378779811114536,1.2700865958579717,53.20253341927528,53.20253341927528,52.97407729170754,55.028472942297455,6996722640.0,10810007640.0,71.3485340186001,36.336040632335525,65.48724403552944,-290.1639215361009,1.850716520462113,1.850716520462113,56.13955233802115,100.83303926049604,101.1784580825713,-448.3062099282545,0.0035039262325253,-0.0034463278367141,1.0326349513350974,0.4644644084908654,35.569365806337274,0.1704948464734768,2.055086934067826,4.272272872680742,0.0085099843260329,2.428699624734867,0.0747159267953218,0.0,0.0,1.2256905120693369,0.6800826772471384,2.222572980312288,0.019163256403332,20.234947782838912,0.0059157131502388,0.0029167585242553,-60.63340386178293,-768578000.0,3796852000.0,-4450397000.0,6349136000.0,142714500.0,187603500.0,0.0,118.7589064999273,229.7210198781504,0.0,0.7578378974048157,0.3917795596055519,0.0,0.0064847741650152,1.834963427962896,2015-04-27,1.27,amc,138640320.0,2025-04-24,2015-03-31,0.0078740157480315,96.42639344262297,434233.868852459
2014-12-31,ARE,USD,1035443,2015-02-24,2015-02-23 17:36:23,2014,Q4,188674000.0,56881000.0,131793000.0,0.6985223189,0,13861000.0,0.0,13861000.0,57973000.0,71834000.0,128715000.0,390000.0,22188000.0,57973000.0,118486000.0,0.6279932582,14796000.0,0.0784209801,-65751000.0,-7752000.0,-0.0410867422,-360000.0,-7392000.0,-0.0391786892,-0.11,-0.1,69963679,71314000,https://www.sec.gov/Archives/edgar/data/1035443/000103544315000018/0001035443-15-000018-index.htm,https://www.sec.gov/Archives/edgar/data/1035443/000103544315000018/a4q14-10xk.htm,2.696742119578932,-0.1056548212680468,1.1320302352882272,-0.6161196869021138,1.2293664545570853,55.8798230150247,55.604365802433,54.72037855527866,52.8955459875116,6208576874.46,9801144874.46,-209.9762200507305,32.906372231786044,78.39013237787401,-144.03045688442444,1.6216993073312649,1.6216993073312649,51.94751197547091,82.71985613878432,123.75026671961211,-227.37310059991648,-0.0011906110127118,-0.0069429759623857,0.9608561087168948,0.4521340613537108,30.320611717840084,0.1449033277419036,0.6668469442942131,-13.134494195688225,0.0093929738133543,-7.889204545454546,0.0734653423365169,0.0,0.002368721082355,1.5442608047878184,0.6482451212143697,2.1097234919704,0.0245078813191006,,0.0018593337543808,-0.0009107077648185,-58.84424331087563,-728456000.0,3890286000.0,-4103035000.0,6155260000.0,21086500.0,332339500.0,0.0,14.95102663854055,346.4147958017616,0.0,6.019653511150815,0.2598041454658396,0.0,-0.0019308130546157,1.7481499221903412,2015-02-02,1.24,amc,156839760.0,2025-04-24,2014-12-31,-0.0080645161290322,83.6159375,445052.453125
2014-09-30,ARE,USD,1035443,2014-11-04,2014-11-04 16:02:05,2014,Q3,185615000.0,57423000.0,128192000.0,0.6906338389,0,12609000.0,0.0,12609000.0,58388000.0,70997000.0,128420000.0,1994000.0,20555000.0,58388000.0,115583000.0,0.6227029066,36869000.0,0.1986315761,8000.0,36123000.0,0.1946125044,1520000.0,34603000.0,0.186423511,0.39,0.39,71195000,71195000,https://www.sec.gov/Archives/edgar/data/1035443/000103544314000081/0001035443-14-000081-index.htm,https://www.sec.gov/Archives/edgar/data/1035443/000103544314000081/a3q14-10q.htm,2.607135332537397,0.4860313224243275,1.5539433949013273,-0.2869723997471732,0.9414003792401152,55.58136105063558,55.58136105063558,54.430760587119885,49.46513097829904,5250631250.0,8684723250.0,37.93479792214548,28.287752875575787,47.45990120488462,-256.9933556849885,1.3549323802293456,1.3549323802293456,46.78890849338685,75.13841352101953,78.50029602379037,-425.0757794527924,0.0065902552193129,-0.0038911511830125,0.9034673841181792,0.436530913876938,29.71104747237916,0.1450082660591634,1.7936755047433717,3.078012408535737,0.0110737161365121,1.680316735543161,0.0679309323061175,0.0,0.0,1.184673650719044,0.7061067262882849,2.244707816674659,0.0165288365703202,24.397514778071077,0.0047353875481433,0.0043144196100052,-56.01592106187232,-601986000.0,3957115000.0,-3961101000.0,6283517000.0,10742000.0,410112000.0,0.0,5.251191983406513,698.6171046444804,0.0,17.138965835641734,0.1288259325482735,0.0,0.0089293501906225,1.8409157946485009,2014-11-03,1.2,bmo,193278205.0,2025-04-24,2014-09-30,0.0083333333333333,77.82234375,414216.953125
2014-06-30,ARE,USD,1035443,2014-08-07,2014-08-06 19:15:34,2014,Q2,176402000.0,52353000.0,124049000.0,0.7032176506,0,13836000.0,0.0,13836000.0,57314000.0,71150000.0,123503000.0,911000.0,17433000.0,57314000.0,110213000.0,0.6247831657,36827000.0,0.2087674743,797000.0,36263000.0,0.2055702316,1454000.0,34809000.0,0.1973276947,0.39,0.39,71126000,71126000,https://www.sec.gov/Archives/edgar/data/1035443/000103544314000060/0001035443-14-000060-index.htm,https://www.sec.gov/Archives/edgar/data/1035443/000103544314000060/a2q14-10q.htm,2.480133846975789,0.4893990945645755,1.0014903129657229,-0.9216320332930292,0.8674886820571943,56.08192503444592,56.08192503444592,54.92790259539409,47.13176616145994,5522222640.0,8795382640.0,39.66088253038008,31.304762077527467,77.52446428571427,-84.24186355870148,1.4134892528467018,1.4134892528467018,49.85988050022109,79.80349541342673,123.47516060197664,-134.17413107151577,0.0063034401669831,-0.0118705826029498,0.8536037915410097,0.426690221119193,29.69849291825828,0.0911407886876061,2.112487810474388,1.972311440912615,0.0102540233691121,1.6267344652245108,0.078434484869786,0.0,0.0,1.9202605570530096,0.7754107096291425,2.386572216212444,0.017437444019909,24.593443850376747,0.0048268188887282,0.0044537568153329,-52.82280038241993,-966031000.0,3988883000.0,-3729892000.0,5771642000.0,111680000.0,379626000.0,0.0,5.435652656999354,643.7734227264913,0.0,16.557349352355924,0.1398007386183084,0.0,0.0089098449319929,1.923122346258752,2014-07-28,1.19,amc,213129333.0,2025-04-24,2014-06-30,0.0,75.02380952380952,339039.84126984124
2014-03-31,ARE,USD,1035443,2014-05-08,2014-05-08 16:26:55,2014,Q1,176186000.0,52507000.0,123679000.0,0.701979726,0,13224000.0,0.0,13224000.0,50421000.0,63645000.0,116152000.0,862000.0,19123000.0,50421000.0,110455000.0,0.626922684,38565000.0,0.2188879934,-69544000.0,40911000.0,0.2322034668,1357000.0,39554000.0,0.2245013792,0.46,0.46,71073000,71073000,https://www.sec.gov/Archives/edgar/data/1035443/000103544314000036/0001035443-14-000036-index.htm,https://www.sec.gov/Archives/edgar/data/1035443/000103544314000036/are-20140331x10q.htm,2.478944184148692,0.5565263883612623,1.0307571088880447,-1.134973900074571,1.054830948461441,56.34354818285425,56.34354818285425,55.19305502792903,46.0217522828641,5157056880.0,8333867880.0,32.59504019821004,29.27052592146936,70.39485769666526,-63.93098554533508,1.3146581569598363,1.3146581569598363,47.30153292543107,75.45034520845593,113.75896313080986,-103.3132655641782,0.0076698785606568,-0.0156418674210938,0.8289573909638579,0.4192579485482215,28.761133493277807,0.1153792233281929,2.016681483030905,1.7978109892267295,0.0107008709200042,1.3951812711735854,0.0750570419897154,0.0,0.0,2.101107031218007,0.8736505738253891,3.052795462208207,0.0183215465473987,26.28913864107475,0.0051384159603498,0.005099768064601,-49.48481842612525,-889710000.0,4004505000.0,-3635491000.0,5367257000.0,206524500.0,241403000.0,0.0,108.655284755883,659.51606452473,0.0,0.828307617086495,0.1364636963996579,0.0,0.0100832684126589,2.165731008962616,2014-05-05,1.15,amc,172978000.0,2025-04-24,2014-03-31,0.0173913043478261,70.23131147540983,462227.131147541
2013-12-31,ARE,USD,1035443,2014-03-03,2014-02-28 17:48:48,2013,Q4,168823000.0,49892000.0,118931000.0,0.7044715471,0,12751000.0,0.0,12751000.0,47376000.0,60835000.0,110727000.0,1078000.0,17783000.0,48084000.0,106180000.0,0.6289427388,60895000.0,0.3607032217,-10370000.0,44365000.0,0.2627900227,1203000.0,43112000.0,0.2553680482,0.51,0.51,71000000,71000000,https://www.sec.gov/Archives/edgar/data/1035443/000103544314000013/0001035443-14-000013-index.htm,https://www.sec.gov/Archives/edgar/data/1035443/000103544314000013/are-20131231x10k.htm,2.3777887323943663,0.6072112676056338,1.0753661971830986,-1.5813661971830986,0.8126197183098591,56.04142253521127,55.77012676056338,55.16604225352113,43.364,4517020000.0,7520385000.0,26.19351920578957,26.75595149949947,59.16124215792851,-40.231035741959616,1.153245681602966,1.153245681602966,44.54597418598177,70.8267564513091,98.49753113908136,-66.98063717413183,0.0095443456083878,-0.0248564318953646,0.7815230792365889,0.4065281461676621,28.285599924656243,0.1374001458713507,3.4243378507563405,1.7265388268282755,0.012216018525488,1.279922063462609,0.0755288082784928,0.0,0.0025581147031965,2.4705373865437257,1.1173122145679202,3.921498513544417,0.0237586110897211,27.453459800629805,0.0086664358815681,0.0057402288155971,-47.08267253521127,-598439000.0,3959679000.0,-3455500000.0,5921480000.0,195961500.0,243222000.0,0.0,106.80339764131664,176.84859296079534,0.0,0.842669821256545,0.5089099013637708,0.0,0.0110069753565995,2.6567323943661973,2014-02-03,1.15,amc,136248823.0,2025-04-24,2013-12-31,0.008695652173913,64.2175,425391.015625
2013-09-30,ARE,USD,1035443,2013-11-07,2013-11-07 17:29:38,2013,Q3,158630000.0,47742000.0,110888000.0,0.6990354914,0,11666000.0,0.0,11666000.0,49102000.0,60768000.0,108510000.0,1193000.0,16171000.0,49102000.0,97769000.0,0.6163336065,31899000.0,0.2010905882,-14360000.0,32517000.0,0.2049864464,1024000.0,31493000.0,0.1985311732,0.35,0.35,70900000,70900000,https://www.sec.gov/Archives/edgar/data/1035443/000103544313000063/0001035443-13-000063-index.htm,https://www.sec.gov/Archives/edgar/data/1035443/000103544313000063/are-20130930x10q.htm,2.23737658674189,0.4441889985895628,1.315966149506347,-1.1628772919605077,0.7593653032440056,56.14913963328632,56.14913963328632,55.27543018335684,40.71952045133992,4526965000.0,7343969000.0,35.93627949068047,28.53788690663809,48.519485112859314,-54.90691102270522,1.1551244339157567,1.1551244339157567,46.296217613314,75.11551718847487,78.71180682086128,-89.07394964098583,0.006956758004535,-0.0182126435702507,0.7325395480716137,0.3901466479868025,28.812854790373223,0.1789715532742166,1.9726052810586856,2.874988444827905,0.011687079533418,1.679960626170895,0.0735422051314379,0.0,0.0,1.8836680885725925,1.1079241001071676,3.579283939554397,0.0235075332534829,23.50396997412209,0.0045089443535847,0.0042798886546733,-44.850084626234135,-427388000.0,3980974000.0,-3284231000.0,5491170000.0,99578500.0,378328000.0,0.0,108.6944461955494,732.1986929747393,0.0,0.8280091867627101,0.1229174551437023,0.0,0.0080359211518774,2.4788434414668545,2013-10-28,1.03,amc,164266257.0,2025-04-24,2013-09-30,0.029126213592233,65.92625,430505.015625
2013-06-30,ARE,USD,1035443,2013-08-07,2013-08-07 16:01:28,2013,Q2,154235000.0,46323000.0,107912000.0,0.6996596103,0,12472000.0,0.0,12472000.0,46580000.0,59052000.0,105375000.0,991000.0,15978000.0,46580000.0,95646000.0,0.6201316173,30805000.0,0.1997276883,-12699000.0,33094000.0,0.2145686777,737000.0,32357000.0,0.2097902551,0.38,0.38,66973000,66973000,https://www.sec.gov/Archives/edgar/data/1035443/000103544313000032/0001035443-13-000032-index.htm,https://www.sec.gov/Archives/edgar/data/1035443/000103544313000032/are-2013630x10q.htm,2.3029429770205905,0.4831349946993564,1.430919922954026,-0.6306571304854195,4.512340794051334,59.71772206710167,59.71772206710167,58.79417078524181,44.42688844758335,4421557460.0,7078776460.0,34.16229455759186,28.667665964275297,46.13815136748302,-104.68445817648032,1.122900435846813,1.122900435846813,45.896044736927415,74.01016728352467,73.86575042000146,-167.59657314676704,0.0073180096137436,-0.0095525163660318,0.7515764590912992,0.40104459928321,27.781810007736865,0.8104284117129332,1.927963449743397,2.874673785883553,0.0101131785359632,1.381957536236363,0.080863617207508,0.0,0.0,1.440735446036334,0.895192401205952,2.964147702876771,0.0289363633416539,25.280906457054098,0.0043281237155786,0.0043848397860552,-45.86812969405582,-79694000.0,3999475000.0,-3039118000.0,5693478000.0,8419000.0,367701000.0,0.0,4.421369987356956,715.4633767243055,0.0,20.35568166820641,0.1257926022881257,0.0,0.0082173961848039,2.061577053439445,2013-07-29,1.07,amc,143210842.0,2025-04-24,2013-06-30,0.0,70.67953125,695662.484375
2013-03-31,ARE,USD,1035443,2013-05-03,2013-05-03 16:31:54,2013,Q1,150380000.0,45224000.0,105156000.0,0.6992685197,0,11648000.0,0.0,11648000.0,46065000.0,57713000.0,102937000.0,1327000.0,18020000.0,46065000.0,94415000.0,0.6278427982,29363000.0,0.195258678,-16610000.0,29423000.0,0.1956576672,168000.0,29255000.0,0.1945404974,0.36,0.36,63161064,63161319,https://www.sec.gov/Archives/edgar/data/1035443/000110465913037161/0001104659-13-037161-index.htm,https://www.sec.gov/Archives/edgar/data/1035443/000110465913037161/a13-8300_110q.htm,2.3808971932455094,0.4631809242478879,0.7479449681214997,-0.1868397910459519,1.377446713057272,55.33917224700331,55.33917224700331,54.36265291541004,50.7044973149914,4476224605.68,7573753605.68,38.25179119535122,29.76608994334353,94.75296047247096,-379.3089234539446,1.3036523458536122,1.3036523458536122,50.36410164702753,80.2176942824763,160.32161905294132,-641.7891369951699,0.0065356416572299,-0.0026363735155348,0.9274601635657936,0.4490997570272626,32.8075941322883,0.1308350982480717,1.6294672586015535,1.5623573767238814,0.0094182047850111,1.441052811485216,0.0774571086580662,0.0,0.0,1.2498041955081391,0.392618699295119,1.256346419831897,0.022270248703285,23.802189731059453,0.0043706839294002,0.0041256993628047,-55.44066277920841,-838838000.0,3495281000.0,-3469368000.0,4862998000.0,8855000.0,236336500.0,0.0,5.542558850911025,730.6688926233859,0.0,16.23798725839542,0.1231748072329519,0.0,0.0085202045781064,0.9347847591674516,2013-04-29,1.11,amc,153131694.0,2025-04-24,2013-03-31,0.0,71.98433333333334,433609.8666666666
2012-12-31,ARE,USD,1035443,2013-02-26,2013-02-25 20:46:52,2012,Q4,154170000.0,46639000.0,107531000.0,0.6974832977,0,12643000.0,0.0,12643000.0,175956000.0,60715000.0,107354000.0,0.0,17941000.0,48072000.0,0.0,0.0,35652000.0,0.2312512162,-21094000.0,25224000.0,0.1636115976,-2571000.0,27795000.0,0.1802879938,0.33,0.33,63091781,63091781,https://www.sec.gov/Archives/edgar/data/1035443/000110465913014040/0001104659-13-014040-index.htm,https://www.sec.gov/Archives/edgar/data/1035443/000110465913014040/a12-28254_110k.htm,2.443582944662792,0.4405486667114374,1.2369757005274586,-1.6974001732491908,2.2343797839531585,55.52320673908381,55.228001885063286,54.55308037666586,50.718016662106905,4373522258.919999,7414500258.919999,39.33731119733765,28.36817966478562,56.039904397831954,-40.83892596010906,1.2706890155674957,1.2706890155674957,48.09301588454303,0.0,95.00532089899156,-69.23486589960034,0.0063552894793917,-0.0244864421992093,0.9244877247736756,0.445020612253004,0.0,0.1836537165323937,1.9871802017724765,2.7091679105772903,0.0091976209605329,1.4472387119985608,0.0820068755270156,0.0,0.0026048528443454,2.3722178798867293,1.2008497113575922,3.851202363121984,0.0243108257118765,23.254009408297648,0.0058767166597748,0.0038975019389353,-55.47077914950602,-841742000.0,3484433000.0,-3457691000.0,4789798000.0,9286500.0,52760000.0,5062000.0,4.932282545242265,203.6235768348378,0.0,18.247129837850636,0.4419920394238059,0.0,0.0080755965322147,2.934375873776649,2013-02-07,1.15,bmo,173852250.0,2025-04-24,2012-12-31,0.008695652173913,69.88306451612904,410724.5967741936
2012-09-30,ARE,USD,1035443,2012-11-09,2012-11-09 16:06:54,2012,Q3,128361000.0,44614000.0,83747000.0,0.6524333715,0,57099000.0,0.0,57099000.0,45901000.0,57099000.0,57099000.0,1031000.0,17094000.0,47176000.0,77967000.0,0.6074041181,34571000.0,0.269326353,-25188000.0,17477000.0,0.1361550627,-17477000.0,17477000.0,0.1361550627,0.17,0.17,62364210,62364210,https://www.sec.gov/Archives/edgar/data/1035443/000110465912076636/0001104659-12-076636-index.htm,https://www.sec.gov/Archives/edgar/data/1035443/000110465912076636/a12-18635_110q.htm,2.05824783156878,0.2802408625075183,1.3608766951429354,-0.4545716204855317,1.5217702589353734,56.38843176238423,56.38843176238423,55.41463605487827,48.894037140853705,4536996277.5,7474236277.5,64.89952905962122,35.34559778671092,53.45818637327677,-160.04078724117252,1.3128300604185896,1.3128300604185896,58.22824905929371,95.86409990765324,88.0668820254507,-263.65079112137994,0.0038521080757047,-0.0062484071544402,0.8773844074898217,0.4353390666526729,37.67286159529032,0.2543050847457627,2.0224055224055224,4.636438131658017,0.008622885628982,2.238484865823654,0.444831374015472,0.0,0.0,1.3340285141981854,0.8820358208490118,2.3502584435264566,0.0299545812201525,18.692579318544684,0.0090739450006752,0.0025092544641312,-53.5697958813236,-307972000.0,3516620000.0,-3343369000.0,5992055000.0,5062000.0,0.0,8133500.0,7.098417743707201,0.0,20.42318554713767,12.678881864875544,0.0,4.406756222836823,0.0050571632777663,1.815448315628467,2012-10-26,1.08,amc,128361000.0,2025-04-24,2012-09-30,0.0,73.64507936507937,281978.7777777777
2012-06-30,ARE,USD,1035443,2012-08-08,2012-08-08 17:22:50,2012,Q2,136183000.0,44506000.0,91677000.0,0.673189752,0,56830000.0,0.0,56830000.0,1602000.0,58432000.0,58432000.0,833000.0,17922000.0,52316000.0,91205000.0,0.6697238275,42712000.0,0.3136367975,-21784000.0,25435000.0,0.1867707423,645000.0,24790000.0,0.1820344683,0.29,0.29,61663367,61663540,https://www.sec.gov/Archives/edgar/data/1035443/000110465912056010/0001104659-12-056010-index.htm,https://www.sec.gov/Archives/edgar/data/1035443/000110465912056010/a12-12442_110q.htm,2.208491145155924,0.4020215114104943,1.507134697980407,3.102247076453026,1.312562124607954,56.05572916574601,56.05572916574601,55.08166623467058,48.92178527974316,4484160048.24,7401983048.24,45.22146075272287,32.92745826013526,48.25049817872707,23.441072940955067,1.3202214996580324,1.3202214996580324,54.35320890448881,81.15764539487967,79.64688274858771,38.694074849002845,0.0055283486167559,0.0426601633175608,0.8828916411822568,0.4383037704302955,31.99191930266981,0.2297625329815303,2.383216158910836,3.6244686244686246,0.0083614321515388,1.5124647035094796,0.4173061248467136,0.0,0.0,1.0583741324581697,0.7222634249502508,1.8504374000564388,0.0240411798829516,22.321297699508644,0.0063557293330767,0.0036233478067491,-53.53495374328165,-291920000.0,3456585000.0,-3298074000.0,5916434000.0,0.0,0.0,7489500.0,0.0,0.0,12.422370017525726,0.0,0.0,7.244994302458083,0.0072986447014459,1.5951123784726189,2012-07-30,0.36,amc,169054758.0,2025-04-24,2012-06-30,1.9722222222222223,71.67174603174603,371194.98412698414
2012-03-31,ARE,USD,1035443,2012-05-04,2012-05-04 16:06:10,2012,Q1,128739000.0,43410000.0,85329000.0,0.6628061427,0,53771000.0,0.0,53771000.0,623000.0,53148000.0,53148000.0,607000.0,16227000.0,43405000.0,87761000.0,0.681697077,48291000.0,0.3751077762,-12407000.0,30940000.0,0.2403312128,-1124000.0,32064000.0,0.2490620558,0.3,0.3,61507807,61508967,https://www.sec.gov/Archives/edgar/data/1035443/000110465912033196/0001104659-12-033196-index.htm,https://www.sec.gov/Archives/edgar/data/1035443/000110465912033196/a12-7035_110q.htm,2.0930513747628816,0.5212996782668581,0.8077836363114035,-1.4769832388919344,1.257742777270534,55.9116341117478,55.9116341117478,54.94863440668597,45.61557527160739,4498065925.91,7210191925.91,35.07099805007173,34.939419491451694,90.53166802676864,-49.513087267573695,1.330879298268817,1.330879298268817,56.00627568887439,82.15713045555543,145.1180824375566,-79.36719201626929,0.0071283970773534,-0.0201966804169552,0.825348174579927,0.4152201868060435,30.90354485477604,0.5161497005988024,2.9759659826215565,1.5159420289855072,0.0083313585477114,1.16875623752495,0.4176745197647954,0.0,0.0,2.8284391667505284,1.091596175207202,3.2984626217580097,0.0255788844095417,25.38712020575972,0.0073549699363234,0.004772784411524,-51.98218170906337,-80803000.0,3439002000.0,-3192892000.0,6032449000.0,3740000.0,43209500.0,86697000.0,0.0,0.0,18.31928127159641,0.0,0.0,4.912856496152105,0.0094870361000896,2.284766875203338,2012-05-01,0.42,amc,180234600.0,2025-04-24,2012-03-31,1.5714285714285718,71.70032258064516,386280.7096774193
2011-12-31,ARE,USD,1035443,2012-02-21,2012-02-21 09:16:33,2011,Q4,126438000.0,168627000.0,-42189000.0,-0.333673421,0,55694000.0,0.0,55694000.0,25306000.0,55694000.0,55694000.0,0.0,14757000.0,40966000.0,0.0,0.0,49077000.0,0.3881507142,-55723000.0,34320000.0,0.2714373843,-34320000.0,34320000.0,0.2714373843,1.12,1.12,61507807,61508967,https://www.sec.gov/Archives/edgar/data/1035443/000110465912011131/0001104659-12-011131-index.htm,https://www.sec.gov/Archives/edgar/data/1035443/000110465912011131/a11-32209_110k.htm,2.0556414895429453,0.557977949043119,0.9936787373999532,-1.0785785290637984,1.2768948175960817,55.812313386494175,55.812313386494175,54.85971886463128,45.42546932294302,4242193448.79,6942918448.79,30.90175880528846,33.551570325297774,69.40875094144211,-63.94527439728071,1.2572065885023298,1.2572065885023298,54.91164403731473,0.0,113.59672849343085,-104.65501648739092,0.0080901544010891,-0.0156383721772335,0.8236562179841099,0.4227577523957926,0.0,2.820942511396058,3.325675950396422,1.7235068524053916,0.0086078111337462,1.063986013986014,0.4404846644205065,0.0,0.0,2.085439879579181,1.008083013018238,3.111360640531172,0.0261472025815023,26.24379073011946,0.0148052952981716,0.0052204634256492,-48.36472222135964,55526000.0,3432893000.0,-3055217000.0,6063966000.0,3740000.0,43209500.0,85578500.0,5.32434869263987,46.123752423989046,87.82828372680532,16.903475935828876,1.951272289658524,1.024726844030676,0.0101709954150504,2.0722572664637515,2012-02-07,0.45,amc,129311590.0,2025-04-24,2011-12-31,1.4444444444444446,65.82920634920634,579363.746031746
2011-09-30,ARE,USD,1035443,2011-11-09,2011-11-09 16:15:42,2011,Q3,129154000.0,42608000.0,86546000.0,0.6700992613,0,52905000.0,0.0,52905000.0,2742000.0,55647000.0,55647000.0,0.0,14273000.0,39652000.0,0.0,0.0,46302000.0,0.3585022531,-9193000.0,32029000.0,0.2479907707,-32029000.0,32029000.0,0.2479907707,0.4,0.4,61295659,61303969,https://www.sec.gov/Archives/edgar/data/1035443/000110465911062717/0001104659-11-062717-index.htm,https://www.sec.gov/Archives/edgar/data/1035443/000110465911062717/a11-25615_110q.htm,2.107066015882136,0.5225329252109028,1.2056481846455065,-1.0163688753228022,1.191862542827054,55.97229976759039,55.97229976759039,55.03642598899214,43.61873326135542,3762940506.01,6349250506.01,29.371354912813388,29.13529976624805,50.91866829961705,-60.40129867269138,1.1154430705997995,1.1154430705997995,49.16030867034703,0.0,85.91562368587705,-101.91576920993916,0.0085116944976527,-0.0165559354181919,0.7883120586549138,0.4119499544268534,0.0,0.1883096926713948,3.2440271841939325,2.239763600545537,0.0089900438090822,1.056199069593181,0.4096272666738932,0.0,0.0,1.8430061839487963,1.0545550273317126,3.4058514628657166,0.0258915713024761,25.43742823020012,0.0151506549757526,0.0049614626532555,-48.1003312159512,-343345000.0,3430859000.0,-2945042000.0,5581947000.0,0.0,0.0,5543000.0,0.0,0.0,13.938931656027036,0.0,0.0,6.456735869071071,0.0094943106464692,2.2220170599683087,2011-10-25,0.5,amc,161442500.0,2025-04-24,2011-09-30,1.2200000000000002,72.68296875,550289.40625
2011-06-30,ARE,USD,1035443,2011-08-09,2011-08-09 16:45:24,2011,Q2,127405000.0,40679000.0,86726000.0,0.6807111181,0,51445000.0,0.0,51445000.0,1248000.0,52693000.0,52693000.0,0.0,16571000.0,40363000.0,95758000.0,0.7516031553,49944000.0,0.3920097327,-15970000.0,33373000.0,0.2619441937,-33373000.0,33373000.0,0.2619441937,0.44,0.44,58500055,58513122,https://www.sec.gov/Archives/edgar/data/1035443/000110465911045410/0001104659-11-045410-index.htm,https://www.sec.gov/Archives/edgar/data/1035443/000110465911045410/a11-13781_110q.htm,2.1778612003014355,0.5704780961317045,1.130785261654882,-5.495977738824348,1.041452012310074,59.074423092422734,59.074423092422734,58.09538127784666,43.92987322832432,4529074258.1,7021478258.1,33.927682992988345,35.54863826458931,68.46569603029434,-14.08666549958789,1.332636059822579,1.332636059822579,55.11148116714415,73.32523922909836,106.14319145742316,-21.838726834206803,0.0073686140032511,-0.0709891208838071,0.7512922297322149,0.4025247805395439,26.028154305645483,0.1668673469387755,3.013940015690061,1.9279822797353616,0.0073054664407026,0.9914301980643034,0.4037910600054943,0.0,0.0,5.860319571888558,3.042784820062007,9.60448925996581,0.0215768611906911,27.30747528374249,0.0166018027169729,0.0052611549475003,-48.27787768746542,-326588000.0,3455857000.0,-2822015000.0,5528764000.0,0.0,0.0,5752500.0,0.0,0.0,9.92723518277244,0.0,0.0,9.065968353019835,0.0098196807316461,6.62676300047923,2011-07-27,0.56,amc,162151818.0,2025-04-24,2011-06-30,1.0535714285714282,78.30746031746031,434256.3968253968
2011-03-31,ARE,USD,1035443,2011-05-05,2011-05-05 16:03:43,2011,Q1,119972000.0,41081000.0,78891000.0,0.657578435,0,50581000.0,0.0,50581000.0,2495000.0,53076000.0,53076000.0,0.0,17842000.0,36707000.0,69391000.0,0.5783932918,49538000.0,0.412913013,-17063000.0,31696000.0,0.2641949788,-31696000.0,31696000.0,0.2641949788,0.44,0.44,54948345,54967755,https://www.sec.gov/Archives/edgar/data/1035443/000110465911026317/0001104659-11-026317-index.htm,https://www.sec.gov/Archives/edgar/data/1035443/000110465911026317/a11-7585_110q.htm,2.1833596626067626,0.5768326598371616,0.833309902236364,-0.6907032413806093,1.423081987273684,54.59112553799391,54.59112553799391,53.547236045052856,48.90607715300616,4284322459.65,6875592459.65,33.792296028284326,35.71101973502151,93.56663084256044,-112.88494874318236,1.456097564669793,1.456097564669793,57.309976158186906,99.0847870710899,150.1581702952674,-181.16071087002345,0.0073981359476357,-0.0088585769062538,0.9072619949074407,0.4461495856079118,37.3430271937283,0.2290698924731183,2.776482457123641,1.4034942528735632,0.0077204739632745,1.043570166582534,0.4216067082319207,0.0,0.0,1.8288671951778808,0.6980128696695895,2.281363227722233,0.0196379155136198,26.36238567320708,0.017392259921212,0.0052973730571688,-52.81225485499154,-286786000.0,2999692000.0,-2898437000.0,5211679000.0,0.0,0.0,6255000.0,0.0,0.0,15.37499087169251,0.0,0.0,5.853662011969222,0.0107724077364485,1.5240131436169733,2011-05-04,0.48,amc,130878545.0,2025-04-24,2011-03-31,1.3958333333333333,76.79354838709678,341364.3548387097
2010-12-31,ARE,USD,1035443,2011-03-01,2011-03-01 16:31:11,2010,Q4,157782000.0,132278000.0,25504000.0,0.1616407448,0,45170000.0,0.0,45170000.0,20830000.0,45170000.0,45170000.0,0.0,17191000.0,34551000.0,0.0,0.0,108247000.0,0.686054176,-17191000.0,91056000.0,0.5771000494,-91056000.0,91056000.0,0.5771000494,3.31,3.31,54948345,54967755,https://www.sec.gov/Archives/edgar/data/1035443/000110465911011479/0001104659-11-011479-index.htm,https://www.sec.gov/Archives/edgar/data/1035443/000110465911011479/a10-23320_110k.htm,2.8714604598191267,1.657119973313118,1.0444536591593432,-5.503041083402967,1.6603229815201896,54.34791530117968,54.34791530117968,53.30142336407038,47.34178982096731,4025515754.7,6518445754.700001,11.052307796026623,25.51314950184432,70.14193435730341,-13.312639118931951,1.374447348236921,1.374447348236921,41.312987252665074,0.0,113.57958137512853,-21.55691872459761,0.0226197102554343,-0.0751165859050363,0.8823203844545168,0.4375588927677099,0.0,0.2461170483460559,6.296725030539236,0.6238152173913043,0.0068304291115733,0.3019680196801968,0.2862810713516117,0.0,0.0,6.268822637695806,2.2801967271298373,10.412838991635551,0.0175368546475516,44.57975099088081,0.038593585800019,0.0154179043495944,-51.42202190075061,-296276000.0,2986328000.0,-2822809000.0,5148538000.0,0.0,0.0,5210500.0,0.0,0.0,3.7366757888688977,0.0,0.0,24.08557902403496,0.0310896007784691,6.54749474256231,2011-02-02,0.5,amc,51901973.0,2025-04-24,2010-12-31,1.2200000000000002,71.24703125,452804.4375
2010-09-30,ARE,USD,1035443,2010-11-09,2010-11-09 16:30:31,2010,Q3,105518000.0,33704000.0,71814000.0,0.680585303,0,-25660000.0,0.0,-25660000.0,31252000.0,41748000.0,41748000.0,0.0,16111000.0,32009000.0,0.0,0.0,45652000.0,0.4326465627,-8226000.0,29541000.0,0.2799617127,-29541000.0,29541000.0,0.2799617127,0.45,0.45,49807241,49830339,https://www.sec.gov/Archives/edgar/data/1035443/000110465910057300/0001104659-10-057300-index.htm,https://www.sec.gov/Archives/edgar/data/1035443/000110465910057300/a10-17238_110q.htm,2.11852730409219,0.5931065324417387,0.8168892551185479,-1.9555590320692529,2.2247969928709765,58.080510823717376,58.080510823717376,57.24476888812211,50.90773849529228,3486506870.0,5895158870.0,29.50566052266342,33.04182101631949,85.69093002678989,-35.795390909744256,1.2228191563984898,1.2228191563984898,55.86875101878353,0.0,144.89047779388994,-60.52462366916151,0.0084729504634534,-0.0279365576009893,0.88364880240067,0.4382722825023375,0.0,0.3061904761904762,2.833591955806592,1.335707954433538,0.0079667131130592,0.9402525303815036,-0.2431812581739608,0.0,0.0,3.393909602575761,1.3086677154608692,4.314036677184542,0.0252089690858431,27.639203017677872,0.0166419842646269,0.0051387940594489,-55.06266649060124,-262260000.0,2892830000.0,-2740055000.0,4975449000.0,0.0,0.0,3994000.0,0.0,0.0,13.161939235699029,0.0,0.0,6.837898153783729,0.0103608861379262,2.7724482871878005,2010-11-03,,bmo,,2025-04-24,2010-09-30,,69.28015625,535615.28125
2010-06-30,ARE,USD,1035443,2010-08-04,2010-08-04 17:00:47,2010,Q2,98232000.0,30352000.0,67880000.0,0.6910171838,0,38618000.0,0.0,38618000.0,41496000.0,80114000.0,80114000.0,0.0,18778000.0,30342000.0,36896000.0,0.3756006189,5624000.0,0.0572522192,-8169000.0,-12224000.0,-0.124440101,930000.0,-13154000.0,-0.1339074843,-0.29,-0.29,44870142,44870142,https://www.sec.gov/Archives/edgar/data/1035443/000110465910041919/0001104659-10-041919-index.htm,https://www.sec.gov/Archives/edgar/data/1035443/000110465910041919/a10-11955_110q.htm,2.189250927710458,-0.2931570842811239,1.5630438611047854,-1.1763947615766404,1.6325778509905318,56.60815604283133,56.60815604283133,55.67952069329311,60.24471685425021,2843420898.54,5454577898.54,-54.04099320624905,28.945973802223307,40.542688261613485,-53.86797193407218,1.1381204293957443,1.1381204293957443,55.52750527872791,147.83656489971813,77.77366040066158,-103.33575634252156,-0.0046261177888768,-0.0185639066052807,1.0744744126919068,0.4823601625757683,70.77073395490027,0.0527752420470262,0.2994994142081159,-5.7374018324607325,0.0075672933300336,-1.6357761897521663,0.3931305480902353,0.0,0.0,1.7526306784156045,1.251313217688737,4.051117263199526,0.0270583923772294,,0.0010727471547584,-0.0023636341746929,-65.75329090779343,-1369687000.0,2540016000.0,-2948830000.0,3786050000.0,0.0,0.0,2884500.0,0.0,0.0,9.070571955719558,0.0,0.0,9.922196796338673,-0.0052650791643117,2.739438622681426,2010-07-29,0.45,bmo,98232000.0,2025-04-24,2010-06-30,1.4444444444444446,68.80317460317461,593393.3333333334
2010-03-31,ARE,USD,1035443,2010-04-30,2010-04-30 17:01:06,2010,Q1,98925000.0,31651000.0,67274000.0,0.6800505433,0,41132000.0,0.0,41132000.0,29868000.0,41132000.0,41132000.0,0.0,17562000.0,29735000.0,0.0,0.0,45412000.0,0.4590548395,-7516000.0,27850000.0,0.2815264089,-27850000.0,27850000.0,0.2815264089,0.47,0.47,43706383,43706383,https://www.sec.gov/Archives/edgar/data/1035443/000110465910024093/0001104659-10-024093-index.htm,https://www.sec.gov/Archives/edgar/data/1035443/000110465910024093/a10-5966_110q.htm,2.263399375784539,0.6372066981612274,1.169943529758571,-1.0338993277023176,1.6240190820640543,54.8931491311006,54.8931491311006,53.55279570949625,63.614872912270044,2954551490.8,5646385490.799999,26.522006201077197,29.866580649987363,57.78056656627684,-65.38354188722668,1.262305713537432,1.262305713537432,57.07743735961586,0.0,110.4233091641569,-124.95320639992916,0.0094261345881838,-0.0152943687529928,1.1803875845456655,0.5052202290412751,0.0,0.2018904109589041,2.585810272178567,1.776411325343061,0.0080106913261448,0.8498384201077199,0.4157897397017943,0.0,0.0,1.8837172918214888,0.9736871367197372,3.239020781491694,0.0276067728076825,27.709105055114904,0.0175429921517786,0.0050927725785375,-68.57163174541348,-291310000.0,2399181000.0,-2995663000.0,4763913000.0,0.0,0.0,3306000.0,0.0,0.0,7.705917664528768,0.0,0.0,11.679335793357934,0.0118986635472372,2.2038428574608884,2010-04-29,0.42,bmo,88401063.0,2025-04-24,2010-03-31,1.5952380952380956,62.97344262295082,531014.344262295
2009-12-31,ARE,USD,1035443,2010-03-01,2010-03-01 16:37:36,2009,Q4,83709000.0,225468000.0,-141759000.0,-1.69347382,0,37527000.0,0.0,37527000.0,28473000.0,37527000.0,37527000.0,0.0,19406000.0,29004000.0,0.0,0.0,48387000.0,0.5780382038,-48410000.0,28981000.0,0.3462112796,-28981000.0,28981000.0,0.3462112796,1.33,1.33,43706383,43706383,https://www.sec.gov/Archives/edgar/data/1035443/000110465910010792/0001104659-10-010792-index.htm,https://www.sec.gov/Archives/edgar/data/1035443/000110465910010792/a10-1589_110k.htm,1.9152580070512808,0.6630839252930173,0.509902638248514,-1.8860174267909564,1.6159653385181747,54.10280690580138,54.10280690580138,53.1594664330837,63.29400444781715,2809883363.07,5486201363.07,24.23901317302716,33.56727906282479,126.08289343399444,-34.08770199403138,1.2093800843717506,1.2093800843717506,65.53896669497902,0.0,246.1725461307547,-66.5550747057539,0.0103139512411419,-0.0293360931216512,1.1822917025335198,0.5033593068421013,0.0,0.1925839793281653,2.493404101824178,0.7452265507440228,0.0083832661204354,0.8128083917049101,0.4483030498512704,0.0,0.0,4.698779502826887,1.2509646513517063,3.610433043718108,0.0381559927845273,28.16215053135963,0.018810217858686,0.0053105725673496,-69.09768763066026,-312470000.0,2364638000.0,-3018059000.0,4726658000.0,0.0,0.0,3845500.0,0.0,0.0,1.5575602746287722,0.0,0.0,57.782675550999485,0.0124734872222183,2.3959200650394705,2010-02-11,0.41,bmo,70042224.0,2025-04-24,2009-12-31,1.6585365853658542,57.67046875,622796.265625
2009-09-30,ARE,USD,1035443,2009-11-06,2009-11-06 17:03:38,2009,Q3,114605000.0,30783000.0,83822000.0,0.7313991536,0,40393000.0,0.0,40393000.0,28607000.0,40393000.0,40393000.0,0.0,20909000.0,28031000.0,0.0,0.0,46401000.0,0.4048776231,-7069000.0,25492000.0,0.2224335762,-25492000.0,25492000.0,0.2224335762,0.47,0.47,39094018,39105950,https://www.sec.gov/Archives/edgar/data/1035443/000110465909063391/0001104659-09-063391-index.htm,https://www.sec.gov/Archives/edgar/data/1035443/000110465909063391/a09-31018_110q.htm,2.931522669273852,0.6520690710276953,1.343428040576438,-1.209494506295055,1.7465587701934346,60.87519579082406,60.87519579082406,58.76433576103639,68.7318709476217,2124759878.3,4722575878.3,20.837516459085204,18.53985322019109,40.45620484196497,-44.93612804119787,0.9248807001071676,0.9248807001071676,41.207415717464336,0.0,89.91957117859863,-99.87682679764826,0.0119975910032694,-0.0222538087634784,1.1605173649108054,0.49433143154229,0.0,0.1676023255813953,2.21918790951265,1.9910531503525664,0.0102609241743794,0.8552487054762279,0.3524540814100606,0.0,0.0,1.9003046458492003,0.870852057065573,3.522162619988707,0.0361328039788839,29.36263154348257,0.0184298942329575,0.004726572806409,-75.2878995451427,-357931000.0,2379856000.0,-2941412000.0,4613234000.0,0.0,0.0,4227000.0,0.0,0.0,11.077867654224734,0.0,0.0,8.1243072050673,0.0110963403667033,2.552922546871493,2009-11-05,0.4,bmo,79741276.0,2025-04-24,2009-09-30,1.8249999999999995,46.5740625,1204217.609375
2009-06-30,ARE,USD,1035443,2009-08-10,2009-08-10 17:00:37,2009,Q2,111623000.0,29059000.0,82564000.0,0.7396683479,0,37862000.0,0.0,37862000.0,30138000.0,37862000.0,37862000.0,0.0,21063000.0,29722000.0,94487000.0,0.8464832517,60817000.0,0.5448429087,-17425000.0,39754000.0,0.3561452389,-39754000.0,39754000.0,0.3561452389,0.83,0.82,38929971,43071925,https://www.sec.gov/Archives/edgar/data/1035443/000110465909048686/0001104659-09-048686-index.htm,https://www.sec.gov/Archives/edgar/data/1035443/000110465909048686/a09-18672_110q.htm,2.867276731338947,1.021166956430561,1.6188812470474228,-1.176343028870995,1.8061405696911512,54.655858849727885,54.655858849727885,52.54953824650936,73.14793530157009,1393303662.09,4149574662.09,8.762034399620163,12.482227337466291,22.10786002078606,-30.424798822797246,0.6810716362931577,0.6810716362931577,37.17490716151689,43.91688446124864,65.84222683924916,-90.61195899312152,0.0285321865445811,-0.0328679248077953,1.381684583468573,0.5346641816665478,29.1709018171812,0.1811062801932367,2.88738546265964,1.42857466678756,0.0282982102701551,0.9917995673391355,0.3391953271279216,0.0,0.0,1.726639480824461,0.9748707703609472,3.6611937285512415,0.033093538070111,34.747541938141964,0.0245842909465156,0.007519691570451,-79.27713329146842,-339022000.0,2127751000.0,-3083924000.0,4551108000.0,0.0,0.0,5328500.0,0.0,0.0,14.448191610172408,0.0,0.0,6.229153269024652,0.0194324629769395,2.7952242759184176,2009-08-06,0.72,bmo,164017469.0,2025-04-24,2009-06-30,1.2083333333333337,36.30714285714286,1793461.396825397
2009-03-31,ARE,USD,1035443,2009-05-11,2009-05-11 16:30:39,2009,Q1,112558000.0,32684000.0,79874000.0,0.7096252599,0,42102000.0,0.0,42102000.0,30898000.0,42102000.0,42102000.0,0.0,20199000.0,31446000.0,0.0,0.0,60573000.0,0.5381492208,-6242000.0,40374000.0,0.3586950728,-40374000.0,40374000.0,0.3586950728,1.01,1.01,32478671,32498107,https://www.sec.gov/Archives/edgar/data/1035443/000110465909031529/0001104659-09-031529-index.htm,https://www.sec.gov/Archives/edgar/data/1035443/000110465909031529/a09-11299_110q.htm,3.465597468566371,1.2430927361529047,2.097407249206718,-1.991060533234257,3.857331477633429,61.69458103750612,61.69458103750612,60.43516989965507,87.72892831729476,1182223624.4,3886062624.4,7.320451431614405,10.50323943566872,17.35476027069479,-18.281714389101086,0.6022982984980033,0.6022982984980033,34.52497933865207,0.0,57.04647060965047,-60.09344216370018,0.03415089934486,-0.0546994651987433,1.441329818723145,0.540405384264651,0.0,0.2963273137697517,2.998811822367444,1.651458217168901,0.0288151913875762,0.8437608361817011,0.3740471579096999,0.0,0.0,1.9492961054594031,1.1797295616482169,4.2227310309737325,0.0268483803905542,41.113826335973975,0.0246058965921079,0.0077120542728131,-95.54411878490964,-311727000.0,2003758000.0,-3100150000.0,4479831000.0,0.0,0.0,6222500.0,0.0,0.0,16.499816423938316,0.0,0.0,5.45460614152203,0.0205690285675857,4.088467782440975,2009-05-07,0.66,bmo,73552752.0,2025-04-24,2009-03-31,1.8636363636363635,48.641639344262295,1490664.262295082
2008-12-31,ARE,USD,1035443,2009-02-17,2009-02-17 06:31:26,2008,Q4,106509000.0,114543000.0,-8034000.0,-0.0754302453,0,123512000.0,0.0,123512000.0,-57512000.0,123512000.0,123512000.0,0.0,18866000.0,29085000.0,0.0,0.0,47026000.0,0.4415213738,-47951000.0,28160000.0,0.2643908027,-28160000.0,28160000.0,0.2643908027,1.73,1.73,32478671,32498107,https://www.sec.gov/Archives/edgar/data/1035443/000110465909009784/0001104659-09-009784-index.htm,https://www.sec.gov/Archives/edgar/data/1035443/000110465909009784/a09-1729_110k.htm,3.279352163147316,0.8670305506035022,1.9795760731712209,-4.669864724452549,2.1910071381923237,51.42439479743491,51.42439479743491,51.42439479743491,91.93199438486876,1959763008.14,4855565008.14,17.398464205788354,18.39997566534284,30.481273651351604,-12.921145163808507,1.173373070070818,1.173373070070818,45.588307167844974,0.0,75.52127738420381,-32.01379965939435,0.0143690843653215,-0.077392521121189,1.7764160613484885,0.5782318241560868,0.0,0.1571133603238866,2.492632248489346,2.283167613636364,0.0188344202062636,1.3107599431818182,1.159639091532171,0.0,0.0,3.359022614862974,2.0276690232750285,7.425305140106584,0.1284116835197025,31.67328101180263,0.0199486288658263,0.0054881062447477,-104.26881383169896,-416386000.0,1670196000.0,-3383286000.0,4306084000.0,0.0,0.0,6651000.0,0.0,0.0,5.0703229354914745,0.0,0.0,17.750348675034868,0.0168602966358439,6.64944079762377,2009-02-09,0.71,bmo,114577863.0,2025-04-24,2008-12-31,-0.0704225352112675,61.799375,958073.3125
2008-09-30,ARE,USD,1035443,2008-11-10,2008-11-10 16:10:43,2008,Q3,95332000.0,29749000.0,65583000.0,0.687943188,0,8588000.0,0.0,8588000.0,56412000.0,8588000.0,8588000.0,0.0,19948000.0,27245000.0,0.0,0.0,48548000.0,0.5092518776,-48736000.0,28600000.0,0.3000041959,-28600000.0,26673000.0,0.2797906264,0.61,0.61,31694711,31807455,https://www.sec.gov/Archives/edgar/data/1035443/000110465908069715/0001104659-08-069715-index.htm,https://www.sec.gov/Archives/edgar/data/1035443/000110465908069715/a08-25626_110q.htm,3.007820453071808,0.8415599687910075,2.7445904144700988,-2.1685637076798083,0.4856015251251226,57.29119915307005,57.29119915307005,54.921087622474296,89.1157833873292,3565654987.5,6354814987.5,33.42007823923068,37.402498505223846,40.989722694823485,-51.87765505877903,2.048393520050462,2.048393520050462,66.65983077560526,0.0,73.05308702824495,-92.4578796994122,0.00748053305592,-0.0192761218460427,1.6111553459856565,0.5685123471054947,0.0,0.0574677002583979,2.4337276919991977,3.0415734265734264,0.0094638993728497,1.2651370299553857,0.0900851760164477,0.0,0.0,1.7901228891009209,1.6334599085301893,5.715580840521197,0.0,32.24804254020075,0.0212539237103743,0.0054069010812585,-97.76068000746244,-364760000.0,1815828000.0,-3095072000.0,4199700000.0,0.0,0.0,6648500.0,0.0,0.0,20.720360348247,0.0,0.0,4.34355380347496,0.0153230754382699,4.913154122149907,2008-11-10,,amc,,2025-04-24,2008-09-30,,105.24890625,463179.71875
2008-06-30,ARE,USD,1035443,2008-08-08,2008-08-08 16:30:35,2008,Q2,92322000.0,27588000.0,64734000.0,0.7011763177,0,8452000.0,0.0,8452000.0,53548000.0,8452000.0,8452000.0,0.0,17732000.0,26783000.0,0.0,0.0,46153000.0,0.4999133468,-28243000.0,28421000.0,0.3078464505,-28421000.0,26828000.0,0.290591625,0.61,0.61,31615359,31740291,https://www.sec.gov/Archives/edgar/data/1035443/000110465908051390/0001104659-08-051390-index.htm,https://www.sec.gov/Archives/edgar/data/1035443/000110465908051390/a08-18952_110q.htm,2.920162949913047,0.8485748967772277,1.777870053602744,-2.287179468687988,0.2236887457137526,57.748703723402286,57.748703723402286,55.38314462916584,94.75122518773232,3077439045.06,6048229045.059999,28.67749221950947,33.33375625593033,54.75090814581554,-42.55896895394828,1.7575744507064135,1.7575744507064135,65.51232691081215,0.0,107.60441654319668,-83.64305137684967,0.008717638142359,-0.023496809828313,1.7007044143834404,0.6199219420069247,0.0,0.0375555555555555,2.60280848184074,1.9776925512825023,0.0090032652456516,1.0327642761294171,0.0915491432161348,0.0,0.0,2.2864716766296613,1.3920625636359698,4.798491580480155,0.0,32.518099426782086,0.0207097485196745,0.0055849686319116,-93.86469405582268,-346480000.0,1825746000.0,-2964342000.0,4089624000.0,0.0,0.0,7650500.0,0.0,0.0,21.03523270987386,0.0,0.0,4.278535980148884,0.0153218980695139,4.065049522290733,2008-10-30,0.69,bmo,98177731.0,2025-04-24,2008-06-30,-0.0289855072463766,102.250625,408386.46875
2008-03-31,ARE,USD,1035443,2008-05-12,2008-05-12 16:41:07,2008,Q1,87714000.0,28329000.0,59385000.0,0.6770298926,0,8787000.0,0.0,8787000.0,54213000.0,8787000.0,8787000.0,0.0,22245000.0,25630000.0,0.0,0.0,59933000.0,0.68327747,-22245000.0,37688000.0,0.429669152,-37688000.0,36200000.0,0.4127049274,1.04,1.03,31546591,31687241,https://www.sec.gov/Archives/edgar/data/1035443/000110465908032402/0001104659-08-032402-index.htm,https://www.sec.gov/Archives/edgar/data/1035443/000110465908032402/a08-11608_110q.htm,2.780458909173419,1.1475090921868547,0.7993890686952514,-0.7398580721447842,0.2426252649612758,55.99879238932663,55.99879238932663,53.62588940275671,83.94241393626335,2924999917.52,5543197917.52,20.20027567348066,33.34701321932645,115.98857631533032,-125.32133322707796,1.729015612284346,1.729015612284346,63.19627331463621,0.0,219.8111633563328,-237.4977685312768,0.0123760687250523,-0.007979487404495,1.55218435267427,0.5604752995969089,0.0,0.0449782016348773,2.694223420993482,0.6691254510719592,0.00947555582275,0.7656353591160221,0.1001778507421848,0.0,0.0,1.925529383773495,0.5535946371160818,1.894576667967226,0.0403128348952276,37.20973531874522,0.0276536075700556,0.0077267134040334,-92.1301924509054,-350493000.0,1766571000.0,-2901967000.0,3975700000.0,0.0,0.0,7806000.0,0.0,0.0,28.12559567933919,0.0,0.0,3.1999322263639445,0.0213984160443195,1.5392471408400357,2008-05-12,,amc,,2025-04-24,2008-03-31,,94.78655737704918,557187.9672131147
2007-12-31,ARE,USD,1035443,2008-02-29,2008-02-28 21:45:51,2007,Q4,83978000.0,99210000.0,-15232000.0,-0.1813808378,0,8114000.0,0.0,8114000.0,48886000.0,8114000.0,8114000.0,0.0,24013000.0,20966000.0,0.0,0.0,49005000.0,0.5835456905,-44979000.0,24992000.0,0.2976017528,-24992000.0,24992000.0,0.2976017528,1.58,1.57,31546591,31801945,https://www.sec.gov/Archives/edgar/data/1035443/000110465908013937/0001104659-08-013937-index.htm,https://www.sec.gov/Archives/edgar/data/1035443/000110465908013937/a08-6477_110k.htm,2.6620308989963446,0.7922250616556318,1.4846295119494846,-7.808926168916318,0.2545441439298465,50.06328576041703,50.06328576041703,47.66981002796784,89.13536806560177,3207341906.9700003,5987215906.97,32.08368584917174,38.19264458512944,68.48173175979503,-13.019715873957256,2.1327964164394677,2.1327964164394677,71.29505235859392,0.0,127.83635970897834,-24.30419089882076,0.0077921221762135,-0.076806591609288,1.8538814485776225,0.6005703460550347,0.0,0.0422542857142857,2.0407695831424646,1.873999679897567,0.0081955715238456,1.0517765685019207,0.0966205434756722,0.0,0.0,6.259848403971389,3.4911524446878945,13.983592483067824,0.1330824739812808,29.14991267982941,0.0227565968241997,0.005383777235015,-96.72545917877466,-335211000.0,1579326000.0,-3047979000.0,3955006000.0,0.0,0.0,18361500.0,0.0,0.0,6.131539159358936,0.0,0.0,14.67820683533067,0.0166190102538867,9.293555680865802,2008-02-28,,amc,,2025-04-24,2007-12-31,,100.03515625,433660.9375
2007-09-30,ARE,USD,1035443,2007-11-09,2007-11-09 15:01:43,2007,Q3,80185000.0,25522000.0,54663000.0,0.6817110432,0,8343000.0,0.0,8343000.0,48657000.0,8343000.0,8343000.0,0.0,23947000.0,25676000.0,0.0,0.0,46847000.0,0.5842364532,-19762000.0,22900000.0,0.2855895741,-22900000.0,22900000.0,0.2855895741,0.69,0.68,29258184,29507316,https://www.sec.gov/Archives/edgar/data/1035443/000110465907081717/0001104659-07-081717-index.htm,https://www.sec.gov/Archives/edgar/data/1035443/000110465907081717/a07-25917_110q.htm,2.7406007153417318,0.7826869910996527,1.953436344511334,-13.284385661119638,1.1532841546146542,52.99122460915551,52.99122460915551,50.95012048594677,86.36144334863708,2841847411.92,5310936411.92,31.02453506462881,35.44113502425641,49.72263379500997,-7.311591403453253,1.906374294576805,1.906374294576805,66.23354008754755,0.0,92.92326717150156,-13.664138634187257,0.0080581384855312,-0.136769130661172,1.67895523469385,0.5811075590149345,0.0,0.1301725239616613,1.956278448239863,2.495807860262009,0.0088607853800944,1.0996069868995633,0.1040468915632599,0.0,0.0,7.8005213983273265,5.56002993078506,17.363724879264684,0.0,29.954213747559542,0.0232217782180642,0.0053169222310734,-92.55020749066313,-272256000.0,1550427000.0,-2715832000.0,3680015000.0,0.0,0.0,18162000.0,0.0,0.0,105.66413290494476,0.0,0.0,0.8517554398611668,0.0153618280709568,15.23782200563097,2007-11-09,,amc,,2025-04-24,2007-09-30,,93.79619047619047,328787.3015873016
2007-06-30,ARE,USD,1035443,2007-08-09,2007-08-09 15:00:33,2007,Q2,76032000.0,22838000.0,53194000.0,0.6996264731,0,7921000.0,0.0,7921000.0,44079000.0,7921000.0,7921000.0,0.0,19870000.0,24100000.0,0.0,0.0,43918000.0,0.5776252104,-19386000.0,24048000.0,0.3162878788,-24048000.0,24048000.0,0.3162878788,0.73,0.73,29045354,29362514,https://www.sec.gov/Archives/edgar/data/1035443/000110465907060802/0001104659-07-060802-index.htm,https://www.sec.gov/Archives/edgar/data/1035443/000110465907060802/a07-19275_110q.htm,2.61769920242666,0.8279465280402505,1.70354267329639,-2.5550385786311987,0.2415876907542597,47.188923915336,47.188923915336,45.17727688910247,78.98471473269012,2812171174.28,5079423174.28,29.234979772538253,36.98667895465067,56.83450230962005,-37.893752685280006,2.1431127918060646,2.1431127918060646,66.80638644623316,0.0,102.65608678819724,-68.44476869347275,0.0085513997938468,-0.0263895742473786,1.7331857429183273,0.5911973996630001,0.0,0.0512528735632183,2.210266733769502,2.057551563539588,0.008720308430826,1.0197521623419827,0.104179819023569,0.0,0.0,2.49983831851253,1.62684132996633,5.132448132780083,0.0,29.01031393831377,0.0244038849064377,0.0062512900044347,-84.904112375425,-247623000.0,1370619000.0,-2462890000.0,3259986000.0,0.0,0.0,6732000.0,0.0,0.0,25.06349067343901,0.0,0.0,3.5908805031446542,0.0183266142860408,4.2585812519275885,2007-08-09,,amc,,2025-04-24,2007-06-30,,103.12888888888888,321485.71428571426
2007-03-31,ARE,USD,1035443,2007-05-09,2007-05-09 16:31:06,2007,Q1,77083000.0,24129000.0,52954000.0,0.6869737815,0,8082000.0,0.0,8082000.0,45918000.0,8082000.0,8082000.0,0.0,20556000.0,24530000.0,0.0,0.0,42340000.0,0.5492780509,-19214000.0,21784000.0,0.2826044653,-21784000.0,21784000.0,0.2826044653,0.52,0.52,28899303,29299733,https://www.sec.gov/Archives/edgar/data/1035443/000110465907037573/0001104659-07-037573-index.htm,https://www.sec.gov/Archives/edgar/data/1035443/000110465907037573/a07-12856_110q.htm,2.667296162817491,0.753789805934074,1.1042826880634458,-1.9170704566819483,0.3118414309161712,46.71846237952521,46.71846237952521,44.695230192921954,76.02778516838278,2900623042.11,5068205042.110001,33.288457607762574,37.6298670538251,90.89158155328548,-52.355926538933616,2.2456534974037305,2.2456534974037305,65.74997135697885,0.0,158.8131809015135,-91.48054297877334,0.0075101106499359,-0.0191000344393937,1.6851124250093483,0.584833777615846,0.0,0.063699604743083,2.059739248881105,1.464974293059126,0.0091856127505,1.2230995225853838,0.1048480209644149,0.0,0.0,2.7360323379187164,1.132740033470415,3.559518956379943,0.0353904233099386,27.532584333826737,0.0242994886145647,0.0058531903568527,-81.6295119643543,-236884000.0,1350131000.0,-2355484000.0,3157988000.0,3165000.0,0.0,3552000.0,0.0,0.0,26.49757553151809,0.0,0.0,3.3965371621621623,0.0168651062469177,3.021353144745394,2007-05-09,,amc,,2025-04-24,2007-03-31,,104.68540983606556,411273.262295082
2006-12-31,ARE,USD,1035443,2007-03-01,2007-03-01 14:15:38,2006,Q4,71390000.0,0.0,71390000.0,1.0,0,6697000.0,0.0,6697000.0,38303000.0,6697000.0,6697000.0,0.0,21148000.0,23473000.0,0.0,0.0,41683000.0,0.5838772937,-21148000.0,20535000.0,0.2876453285,-20535000.0,20535000.0,0.2876453285,1.42,1.4,28899303,29299733,https://www.sec.gov/Archives/edgar/data/1035443/000103544307000004/0001035443-07-000004-index.htm,https://www.sec.gov/Archives/edgar/data/1035443/000103544307000004/are200610k.htm,2.47030179239963,0.7105707705130466,1.6865458658293593,-9.699507285694745,0.1020093806414639,48.75996490295977,48.75996490295977,46.77109340664721,70.79803966206383,2901490021.2000003,4923408021.200001,35.323715865595325,40.64280741280292,59.529955297496926,-10.351041248051258,2.146625034550313,2.146625034550313,68.96495337162068,0.0,101.01370581042266,-17.564216707990113,0.0070773981126797,-0.0966086383037325,1.4980675499314913,0.5597453694937107,0.0,0.0384979253112033,1.9710138074522416,2.373508643778914,0.0086362523451438,1.2202580959337717,0.0938086566746043,0.0,0.0,6.751107919573246,4.609174954475416,14.018191113193884,0.0,27.345362811512068,0.0246225731040787,0.0056766083101564,-76.14898186298818,-231722000.0,1409129000.0,-2199070000.0,3090860000.0,5671000.0,0.0,0.0,7.9801092589998595,0.0,0.0,11.278041074249606,0.0,0.0,0.0151925199681574,11.386053151524104,2007-05-03,0.6,bmo,96353750.0,2025-04-24,2006-12-31,-0.2,99.12507936507936,159334.92063492062
2006-09-30,ARE,USD,1035443,2006-11-09,2006-11-09 16:30:39,2006,Q3,66167000.0,0.0,66167000.0,1.0,0,6653000.0,0.0,6653000.0,39347000.0,6653000.0,6653000.0,0.0,19041000.0,20988000.0,0.0,0.0,38005000.0,0.5743799779,-19041000.0,18964000.0,0.2866081279,-18964000.0,18964000.0,0.2866081279,0.57,0.56,26323345,26714050,https://www.sec.gov/Archives/edgar/data/1035443/000103544306000051/0001035443-06-000051-index.htm,https://www.sec.gov/Archives/edgar/data/1035443/000103544306000051/are3q0610q.htm,2.513624313323401,0.7204251587326762,1.136215781087092,-15.328181125916938,0.2971126959738589,53.58452734635359,53.58452734635359,51.40437129095865,66.11579949280762,2469129761.0,4182656761.0,32.55022359470576,37.316634591261504,82.5547414156274,-6.119447521493771,1.8247475388634544,1.8247475388634544,63.21363762902958,0.0,139.84609184526397,-10.366222526512496,0.0076804387924592,-0.1634134448391997,1.2721184508567145,0.5206988113769503,0.0,0.0553146551724137,1.9959560947429231,1.5771461716937354,0.0091688174342166,1.1937882303311538,0.1005486118457841,0.0,0.0,14.490554682537027,6.550062720087053,20.649799885648942,0.0,28.865941051764658,0.0246252034956709,0.005736511303323,-71.56149797831544,-219167000.0,1410524000.0,-1882485000.0,2790447000.0,4334000.0,0.0,0.0,6.81729563075249,0.0,0.0,13.20171588188348,0.0,0.0,0.0140148617839313,16.46439690700403,2006-11-09,,amc,,2025-04-24,2006-09-30,,94.82841269841268,153169.84126984127
2006-06-30,ARE,USD,1035443,2006-08-09,2006-08-09 16:26:55,2006,Q2,54167000.0,0.0,54167000.0,1.0,0,6269000.0,0.0,6269000.0,30731000.0,6269000.0,6269000.0,0.0,16317000.0,17072000.0,0.0,0.0,33479000.0,0.6180700426,-16317000.0,17162000.0,0.3168349733,-17162000.0,17162000.0,0.3168349733,0.57,0.57,22856380,23250681,https://www.sec.gov/Archives/edgar/data/1035443/000103544306000038/0001035443-06-000038-index.htm,https://www.sec.gov/Archives/edgar/data/1035443/000103544306000038/are2q0610q.htm,2.3698853449233868,0.7508625600379413,0.6800289459660717,-2.0466495569289624,0.1595615753675779,50.63850881023154,50.63850881023154,49.75577934913578,57.81405454407041,2026903778.4,3328359778.4,29.52604268733248,37.419531788727454,130.406213626713,-43.3293524530238,1.78230551626442,1.78230551626442,61.44626393191427,0.0,214.13882637843403,-71.15072529126317,0.0084671014889258,-0.0230790432671285,1.1476086339083234,0.5065137180645018,0.0,0.0545,2.051786480357909,0.9056636755622888,0.009853452449413,1.163733830555879,0.1157346724020159,0.0,0.0,4.009650646593322,1.1505529196743405,3.650538894095595,0.0,28.99300634329662,0.0273304429247712,0.0066606148552435,-61.81368178162946,-126697000.0,1157413000.0,-1411923000.0,2183391000.0,4743000.0,0.0,0.0,6.074547233555486,0.0,0.0,14.815919037199125,0.0,0.0,0.0150909616904831,2.726678502895034,2006-08-09,,amc,,2025-04-24,2006-06-30,,88.64380952380954,190192.0634920635
2006-03-31,ARE,USD,1035443,2006-05-10,2006-05-10 15:53:29,2006,Q1,53726000.0,0.0,53726000.0,1.0,0,6452000.0,0.0,6452000.0,30548000.0,6452000.0,6452000.0,0.0,14865000.0,16147000.0,0.0,0.0,31620000.0,0.5885418606,-14865000.0,16755000.0,0.3118601794,-16755000.0,16755000.0,0.3118601794,0.57,0.56,22322290,22759795,https://www.sec.gov/Archives/edgar/data/1035443/000103544306000024/0001035443-06-000024-index.htm,https://www.sec.gov/Archives/edgar/data/1035443/000103544306000024/are-1q0610q.htm,2.406831915542716,0.750595033036485,1.5320112766208127,-5.344926528595408,0.1536580700277615,38.22134736176262,38.22134736176262,37.31651188117348,69.85372020522983,2127983905.7,3668983905.7,31.75147576395106,39.60808371551949,62.22539054038248,-17.8356053146818,2.5546331957166357,2.5546331957166357,68.29065826043256,0.0,107.28650522545178,-30.75143034338829,0.0078736497748503,-0.0560676232937732,1.8540798809109351,0.6150350938324456,0.0,0.0691044776119403,2.1271442986881937,2.0410623694419576,0.0093562737700549,1.1883019994031632,0.1200908312548859,0.0,0.0,4.488829756126089,2.857257193909839,9.506967238496316,0.0,25.104098082499505,0.0265003341874844,0.0066723082283836,-73.92317275691697,-124740000.0,853188000.0,-1648677000.0,2131359000.0,5297000.0,0.0,0.0,9.766221196441204,0.0,0.0,9.215437392795884,0.0,0.0,0.0201142870862795,6.876937805216221,2006-08-07,0.56,bmo,54167000.0,2025-04-24,2006-03-31,0.0,88.93274193548388,122317.74193548386
2005-12-31,ARE,USD,1035443,2006-03-16,2006-03-16 14:48:22,2005,Q4,52689000.0,0.0,52689000.0,1.0,0,5914000.0,0.0,5914000.0,26086000.0,5914000.0,5914000.0,0.0,13387000.0,16604000.0,0.0,0.0,29567000.0,0.5611607736,-29991000.0,16180000.0,0.3070849703,-16180000.0,16180000.0,0.3070849703,1.45,1.42,22322290,22759795,https://www.sec.gov/Archives/edgar/data/1035443/000103544306000013/0001035443-06-000013-index.htm,https://www.sec.gov/Archives/edgar/data/1035443/000103544306000013/are2005-10k.htm,2.360376108365226,0.7248360271280411,1.4478801234102774,-5.204797536453473,0.1752060384485642,38.07472262030464,38.07472262030464,37.17360539622055,63.615919334441045,1796944345.0,3199699345.0,27.764900262669965,34.10473428988973,55.5985255259901,-15.466499789125775,2.1655149975897805,2.1655149975897805,60.72803327070167,0.0,99.00059854579207,-27.540168053846088,0.0090041742500377,-0.0646558700180555,1.695186791998072,0.5954267815191856,0.0,0.0688492063492063,2.208635243146336,1.9975278121137203,0.0109179786533678,1.2125463535228678,0.1122435422953557,0.0,0.0,4.594771039603961,2.8184820360986165,8.943808720790171,0.0,24.62229254379038,0.0263388452758755,0.0068488221972951,-67.42368278523395,-117325000.0,849915000.0,-1503860000.0,2000831000.0,4014500.0,0.0,0.0,8.13756191994534,0.0,0.0,11.059823677581864,0.0,0.0,0.0194986743793685,6.652677659863751,2006-03-16,,amc,,2025-04-24,2005-12-31,,81.56539682539682,110604.76190476192
2005-09-30,ARE,USD,1035443,2005-11-09,2005-11-09 16:20:20,2005,Q3,50592000.0,0.0,50592000.0,1.0,0,5993000.0,0.0,5993000.0,28007000.0,5993000.0,5993000.0,0.0,13160000.0,15275000.0,0.0,0.0,29151000.0,0.5761978178,-13160000.0,15991000.0,0.3160776407,-15991000.0,15991000.0,0.3160776407,0.57,0.56,21091183,21486731,https://www.sec.gov/Archives/edgar/data/1035443/000103544305000028/0001035443-05-000028-index.htm,https://www.sec.gov/Archives/edgar/data/1035443/000103544305000028/are_3q0510q.htm,2.398727468250596,0.7581841189278004,1.857553462031978,-1.9350740069914525,0.2157773700982064,39.8628659189008,39.8628659189008,38.90834383258635,60.91920021745579,1744029922.27,3011176922.27,27.26580455052842,34.47244470015022,44.51554245418347,-42.73221577120035,2.1252510863941176,2.1252510863941176,59.51883543386306,0.0,76.85887289473685,-73.77984765319873,0.0091689940612867,-0.0234015480347255,1.549673845358953,0.5788868257860642,0.0,0.0751538461538461,2.2151215805471125,2.450003126758802,0.01060933632143,1.1570883622037396,0.1184574636306135,0.0,0.0,2.041732605033437,1.5810997786211258,5.2367266775777415,0.0,25.76320998482354,0.0277547289722295,0.0072792276398523,-63.96247427183198,-96184000.0,840755000.0,-1348228000.0,1879197000.0,2731500.0,0.0,0.0,5.808230550284629,0.0,0.0,15.495252679938744,0.0,0.0,0.0194864145898908,3.7926274690234303,2005-11-09,,amc,,2025-04-24,2005-09-30,,80.258125,134081.25
2005-06-30,ARE,USD,1035443,2005-08-09,2005-08-09 16:28:23,2005,Q2,46969000.0,0.0,46969000.0,1.0,0,4765000.0,0.0,4765000.0,25235000.0,4765000.0,4765000.0,0.0,11248000.0,14728000.0,0.0,0.0,27521000.0,0.5859396623,-11248000.0,16273000.0,0.3464625604,-16273000.0,16273000.0,0.3464625604,0.59,0.58,20936265,21275364,https://www.sec.gov/Archives/edgar/data/1035443/000103544305000021/0001035443-05-000021-index.htm,https://www.sec.gov/Archives/edgar/data/1035443/000103544305000021/are_2q0510q.htm,2.24342785114728,0.7772637574084967,0.8369210076391371,-3.068885496051946,0.1141559872307692,34.21388676538055,34.21388676538055,34.21388676538055,62.72284000990626,1537768664.25,2837312664.25,23.624541637221164,32.740076736783834,87.76216552048854,-23.9337701242004,2.1467891240676185,2.1467891240676185,60.40819826374843,0.0,161.92858487900924,-44.15982108060575,0.0105822158939209,-0.0417819672709591,1.817554107084772,0.6224298368405351,0.0,0.0628493150684931,2.4467460881934566,1.0767529035826215,0.0116994190467358,1.105573649603638,0.1014498924822755,0.0,0.0,4.666875927405547,1.7409993825714831,5.552213470939707,0.0,24.46113895780799,0.0272042876827968,0.0077798112153965,-65.50100985061088,-68412000.0,716311000.0,-1370797000.0,1813606000.0,2888500.0,0.0,0.0,4.211714109306138,0.0,0.0,21.368971792538677,0.0,0.0,0.022717785989605,3.905806503691083,2005-08-02,0.61,bmo,49398431.0,2025-04-24,2005-06-30,-0.0491803278688525,69.80875,136653.125
2005-03-31,ARE,USD,1035443,2005-05-10,2005-05-10 16:27:11,2005,Q1,44768000.0,0.0,44768000.0,1.0,0,4445000.0,0.0,4445000.0,24555000.0,4445000.0,4445000.0,0.0,11321000.0,14386000.0,0.0,0.0,26310000.0,0.587696569,-11321000.0,14989000.0,0.3348150465,-14989000.0,14989000.0,0.3348150465,0.56,0.55,19468620,19789798,https://www.sec.gov/Archives/edgar/data/1035443/000103544305000010/0001035443-05-000010-index.htm,https://www.sec.gov/Archives/edgar/data/1035443/000103544305000010/form10q.htm,2.299495290369836,0.7699056224837714,1.6261039560071542,-4.740911271574462,0.1936449527496042,36.56864225610239,36.56864225610239,36.56864225610239,63.13945210292255,1253389755.6,2467536755.6,20.90515971045433,27.997448078984988,39.59156471034177,-13.57966777104844,1.760524756405376,1.760524756405376,55.11831566297355,0.0,77.94354525238487,-26.734165652932315,0.0119587701535223,-0.073639504062977,1.7106993416589296,0.6076790317985482,0.0,0.0993108108108108,2.3239996466743222,2.1120821936086465,0.013528912235191,1.1312962839415572,0.0992896711937098,0.0,0.0,3.915503190346832,2.7688750893495357,8.616502154872792,0.0,25.168910858246218,0.0271578686595511,0.0074787534845383,-66.04555176484004,-66651000.0,711941000.0,-1284921000.0,1736907000.0,3060500.0,0.0,0.0,7.195094710507505,0.0,0.0,12.508521933500978,0.0,0.0,0.0210537109114378,6.367015227581616,2005-05-10,,amc,,2025-04-24,2005-03-31,,67.69196721311475,140662.29508196723
2004-12-31,ARE,USD,1035443,2005-03-16,2005-03-16 16:42:44,2004,Q4,42067000.0,0.0,42067000.0,1.0,0,3993000.0,0.0,3993000.0,0.0,3993000.0,3993000.0,0.0,8409000.0,12475000.0,0.0,0.0,23913000.0,0.5684503292,-20884000.0,15504000.0,0.3685549243,-15504000.0,15504000.0,0.3685549243,1.59,1.57,19468620,19789798,https://www.sec.gov/Archives/edgar/data/1035443/000103544305000005/0001035443-05-000005-index.htm,https://www.sec.gov/Archives/edgar/data/1035443/000103544305000005/are2004_10k.htm,2.16075921149008,0.7963584475941284,0.5774420580400665,-11.068170214427116,0.1622097508708886,31.87041505766716,31.87041505766716,31.87041505766716,61.39906166949686,1448854700.4,2632642700.4,23.36259514318885,34.44159793662491,128.87873157801104,-6.723785283225514,2.335080979188458,2.335080979188458,62.582135650272186,0.0,234.1792119195873,-12.217459928903574,0.0107008659983086,-0.1487257486485771,1.9129696215629044,0.6339561733155867,0.0,0.0876923076923077,2.843738851230824,0.7251031991744066,0.0117382371022468,1.0969427244582044,0.0949200085577768,0.0,0.0,20.16758583881872,5.389592792450139,18.17426853707415,0.0,23.89678160001568,0.0263797143273189,0.008280795007595,-64.03877110961126,-59300000.0,620473000.0,-1246111000.0,1620802000.0,2446500.0,0.0,0.0,5.438467207074429,0.0,0.0,16.548780487804876,0.0,0.0,0.0249873886534949,11.64561227246718,2005-05-10,0.56,bmo,45581963.0,2025-04-24,2004-12-31,-0.0178571428571428,70.005,94664.0625
2004-09-30,ARE,USD,1035443,2004-11-09,2004-11-09 16:28:21,2004,Q3,39884000.0,0.0,39884000.0,1.0,0,3662000.0,0.0,3662000.0,0.0,3662000.0,3662000.0,0.0,6626000.0,11113000.0,0.0,0.0,22090000.0,0.5538561829,-6626000.0,15464000.0,0.3877244008,-15464000.0,15464000.0,0.3877244008,0.59,0.58,19352670,19668360,https://www.sec.gov/Archives/edgar/data/1035443/000103544304000036/0001035443-04-000036-index.htm,https://www.sec.gov/Archives/edgar/data/1035443/000103544304000036/are_3q0410q.htm,2.0609042576554035,0.7990628683277294,1.1143165258333865,-4.996984912159408,0.2754141934937143,31.73257230139304,31.73257230139304,31.73257230139304,44.11132934111934,1271857472.4,2113573472.4,20.561586142007243,31.88891466252132,58.97785635984234,-13.15193084535443,2.071058071680969,2.071058071680969,52.993016558018255,0.0,98.00943530721077,-21.855886173413992,0.0121585950749806,-0.076034463057812,1.3793066388757715,0.5559215556557516,0.0,0.1219206349206349,3.3338364020525204,1.3945292291774445,0.0111411854767509,0.9163217796171754,0.0918162671748069,0.0,0.0,5.484349640621377,2.965349513589409,10.642490776567984,0.0,23.885501993003707,0.0300879893214198,0.010149119335503,-46.63313899322419,-55319000.0,614110000.0,-901888000.0,1293648000.0,2224000.0,0.0,0.0,5.3051348911844345,0.0,0.0,16.96469587409613,0.0,0.0,0.0251811564703391,6.111301437992794,2004-12-06,0.71,bmo,78660111.0,2025-04-24,2004-09-30,-0.4929577464788732,61.8346875,113590.625
2004-06-30,ARE,USD,1035443,2004-08-09,2004-08-09 16:47:49,2004,Q2,36597000.0,0.0,36597000.0,1.0,0,3814000.0,0.0,3814000.0,0.0,3814000.0,3814000.0,0.0,6926000.0,10640000.0,0.0,0.0,20813000.0,0.5687078176,-6926000.0,13887000.0,0.3794573326,-13887000.0,13887000.0,0.3794573326,0.5,0.5,19284631,19608854,https://www.sec.gov/Archives/edgar/data/1035443/000103544304000027/0001035443-04-000027-index.htm,https://www.sec.gov/Archives/edgar/data/1035443/000103544304000027/form10q2q04.htm,1.897728818352812,0.7201071153500422,0.8000671622910492,-3.425785020205987,0.1571199365961423,31.35377596802345,31.35377596802345,31.35377596802345,35.85300646924486,1094981348.18,1776437348.18,19.71234514617988,29.919975631335905,70.9690419456867,-16.574303310073415,1.8109461539148528,1.8109461539148528,48.54051829876766,0.0,115.13625952297622,-26.889235573753123,0.0126824078082078,-0.0603343610462484,1.1320442043774377,0.4960963772989772,0.0,0.0563406593406593,3.005053421888536,1.1110391013177792,0.0126504437934251,0.9974796572333836,0.1042161925840916,0.0,0.0,5.281871799857411,2.2267945460010385,7.65921052631579,0.0,22.53900477555429,0.0321716770837278,0.0100649105921098,-39.95384977809531,-85873000.0,604646000.0,-769971000.0,1144510000.0,2300500.0,0.0,0.0,5.156980080334454,0.0,0.0,17.452074391988557,0.0,0.0,0.0229671576426537,4.225852182497036,2004-11-04,0.61,bmo,30796506.0,2025-04-24,2004-06-30,0.2950819672131148,55.87935483870968,164091.93548387097
2004-03-31,ARE,USD,1035443,2004-05-10,2004-05-10 16:11:45,2004,Q1,36066000.0,0.0,36066000.0,1.0,0,3636000.0,0.0,3636000.0,0.0,3636000.0,3636000.0,0.0,6709000.0,10508000.0,0.0,0.0,22049000.0,0.6113514113,-6709000.0,15340000.0,0.425331337,-15340000.0,15340000.0,0.425331337,0.8,0.78,19206954,19584003,https://www.sec.gov/Archives/edgar/data/1035443/000103544304000017/0001035443-04-000017-index.htm,https://www.sec.gov/Archives/edgar/data/1035443/000103544304000017/form10q_1q04.htm,1.877757399741781,0.7986690653812156,1.0160903181212388,-0.2579794797238542,0.2267928584615759,26.642642034754704,26.642642034754704,26.642642034754704,37.77834840443727,1210038102.0,1924580102.0,19.720308050847457,33.55065995674597,62.00236226685796,-244.20546962663977,2.364630351517615,2.364630351517615,53.36272672322964,0.0,98.61550020496004,-388.4117259334006,0.0126772867520827,-0.0040949123765691,1.404854960877348,0.5552107628859609,0.0,0.1071875,3.286480846623938,1.2722294654498043,0.0110748578725333,0.8735984354628422,0.1008151721843287,0.0,0.0,1.2538942406230784,0.6785060722009649,2.328797106966121,0.0,21.880807007435447,0.0356295649925667,0.0118472065615297,-40.4469131336494,-57140000.0,511724000.0,-776236000.0,1091200000.0,2236500.0,0.0,0.0,6.248544335385128,0.0,0.0,14.40335463258786,0.0,0.0,0.0299770970288671,1.274069797845093,2004-05-10,,amc,,2025-04-24,2004-03-31,,60.76548387096774,112806.45161290324
2003-12-31,ARE,USD,1035443,2004-03-15,2004-03-15 17:03:54,2003,Q4,32604000.0,0.0,32604000.0,1.0,0,3550000.0,0.0,3550000.0,0.0,3550000.0,3550000.0,0.0,6501000.0,10456000.0,0.0,0.0,19852000.0,0.6088823457,-6501000.0,13351000.0,0.4094896332,-13351000.0,13351000.0,0.4094896332,1.39,1.36,19206954,19584003,https://www.sec.gov/Archives/edgar/data/1035443/000103544304000010/0001035443-04-000010-index.htm,https://www.sec.gov/Archives/edgar/data/1035443/000103544304000010/are_200310k.htm,1.6975101830305837,0.6951128221580579,1.0120292889752327,-2.586615243624783,0.2595414140107796,26.40371815333134,26.40371815333134,26.40371815333134,37.25254925898193,1112082636.6,1816104636.6,20.823957692307697,34.10877918660287,57.21178293034262,-22.38446562267265,2.192872975834837,2.192872975834837,55.70189659550975,0.0,93.4306326062352,-36.55531564582033,0.0120054028006573,-0.0446738384045731,1.398063631971763,0.557142711207259,0.0,0.1241785714285714,3.0536840486079067,1.4559209048011386,0.0116484149411815,0.9702643996704368,0.1088823457244509,0.0,0.0,3.555869945467641,2.119954606796712,6.610462892119357,0.0,20.321298394126597,0.0324503424923438,0.0104913101525487,-39.51590918580843,-49046000.0,507135000.0,-758488000.0,1086630000.0,1895000.0,0.0,0.0,5.435222672064777,0.0,0.0,16.558659217877096,0.0,0.0,0.0263263233655732,3.598644532600016,2004-03-15,,amc,,2025-04-24,2003-12-31,,54.24640625,90301.5625
2003-09-30,ARE,USD,1035443,2003-11-14,2003-11-14 16:16:15,2003,Q3,34250000.0,0.0,34250000.0,1.0,0,3568000.0,0.0,3568000.0,0.0,3568000.0,3568000.0,725000.0,6532000.0,10273000.0,0.0,0.0,28126000.0,0.8211970803,-6532000.0,21594000.0,0.6304817518,-21594000.0,21594000.0,0.6304817518,1.02,1.0,19023162,19276932,https://www.sec.gov/Archives/edgar/data/1035443/000103544303000022/0001035443-03-000022-index.htm,https://www.sec.gov/Archives/edgar/data/1035443/000103544303000022/form10q_3q03.htm,1.800436751787111,1.135142517316522,0.8133768718365538,-0.3983564877384737,0.1695301758982024,26.355345131371955,26.355345131371955,26.355345131371955,34.791692359030534,913682470.86,1565773470.86,10.577966922061684,26.676860463065697,59.05011767982938,-120.57039731591448,1.822400722152856,1.822400722152856,45.71601374773723,0.0,101.19391655528987,-206.6209383557667,0.02363403117461,-0.0082939098009259,1.30707153713285,0.5410714654314719,0.0,0.0917454545454545,4.305878750765462,0.7165416319347967,0.0135254865821909,0.5722885986848198,0.1041751824817518,0.0,0.0,1.489756349770568,0.6730218978102189,2.2438430838119343,0.0,25.9448287407405,0.0484433654756194,0.0178294093605637,-37.07019106497648,-49954000.0,501362000.0,-704737000.0,1036127000.0,2145500.0,0.0,0.0,4.785109489051095,0.0,0.0,18.808347062053816,0.0,0.0,0.0430706754799925,1.2117333595750277,2003-11-05,0.66,bmo,35320312.0,2025-04-24,2003-09-30,-0.0303030303030303,46.39640625,93318.75
2003-06-30,ARE,USD,1035443,2003-08-14,2003-08-14 16:10:58,2003,Q2,33546000.0,0.0,33546000.0,1.0,0,3544000.0,0.0,3544000.0,0.0,3544000.0,3544000.0,413000.0,6512000.0,10190000.0,0.0,0.0,19061000.0,0.568204853,-6512000.0,12549000.0,0.3740833482,-12549000.0,12549000.0,0.3740833482,0.54,0.54,18952445,19190472,https://www.sec.gov/Archives/edgar/data/1035443/000103544303000015/0001035443-03-000015-index.htm,https://www.sec.gov/Archives/edgar/data/1035443/000103544303000015/form10q_2q03.htm,1.7700090938134896,0.6621309282258833,1.1766291895320102,-0.0604671323409723,0.2109490358631828,25.82637754653819,25.82637754653819,25.82637754653819,36.31848028051262,852860025.0,1530674025.0,16.99059735835525,25.423598193525308,38.24484417040359,-744.2059554973822,1.7424046372322888,1.7424046372322888,45.62910704703989,0.0,68.64009080717489,-1335.6666884816757,0.0147140206272418,-0.0013437140520216,1.3929511944479065,0.5535307054753761,0.0,0.1078,2.9270577395577395,1.7770340266156666,0.0144185442388391,0.9799187186229978,0.1056459786561736,0.0,0.0,1.051390134529148,0.6989208847552615,2.300883218842002,0.0,19.615299515837947,0.0323556147032088,0.0101879357110325,-38.85659607507105,-53532000.0,489473000.0,-735810000.0,1054220000.0,2888000.0,0.0,0.0,6.626721516723306,0.0,0.0,13.581376518218624,0.0,0.0,0.0256377777732377,1.237096321872983,2003-08-08,0.54,bmo,29217483.0,2025-04-24,2003-06-30,0.148148148148148,43.59031746031746,84034.92063492064
2003-03-31,ARE,USD,1035443,2003-05-15,2003-05-15 16:38:11,2003,Q1,33742000.0,0.0,33742000.0,1.0,0,3549000.0,0.0,3549000.0,0.0,3549000.0,3549000.0,344000.0,6871000.0,9825000.0,0.0,0.0,19020000.0,0.5636891708,-6871000.0,12149000.0,0.3600557169,-12149000.0,12149000.0,0.3600557169,0.64,0.63,18895821,19136372,https://www.sec.gov/Archives/edgar/data/1035443/000103544303000009/0001035443-03-000009-index.htm,https://www.sec.gov/Archives/edgar/data/1035443/000103544303000009/form10q_1q03.htm,1.785685840271243,0.6429463953961038,0.9333280623265854,-2.226312368221524,0.1944345260256222,25.809516294634676,25.809516294634676,25.809516294634676,35.63094718139,794569273.05,1457300273.05,16.35050771771339,23.548375112619286,45.053825870378766,-18.88773588119236,1.6292440168179914,1.6292440168179914,43.18950486189319,0.0,82.63213160864142,-34.641539247171245,0.0152900450748181,-0.0529444082811301,1.3664464457075367,0.5501609439845586,0.0,0.1203448275862068,2.768156018046864,1.4516421104617665,0.0147450957359922,0.964359206519055,0.1051804872266018,0.0,0.0,3.3853481515082784,1.769426827099757,6.0767430025445295,0.0,19.322733969147023,0.0327854440902168,0.0100297946571055,-37.96847461668906,-51020000.0,487692000.0,-716619000.0,1041579000.0,2973500.0,0.0,0.0,8.818090213976646,0.0,0.0,10.206291591046584,0.0,0.0,0.0249112144550248,3.159640430548109,2003-05-15,0.53,amc,34390884.0,2025-04-24,2003-03-31,-0.0188679245283019,41.32754098360656,82183.60655737705
2002-12-31,ARE,USD,1035443,2003-03-31,2003-03-31 11:43:48,2002,Q4,30383000.0,0.0,30383000.0,1.0,0,3452000.0,0.0,3452000.0,0.0,3452000.0,3452000.0,455000.0,5308000.0,9027000.0,0.0,0.0,14762000.0,0.4858638054,-5308000.0,9454000.0,0.3111608465,-9454000.0,9454000.0,0.3111608465,1.0,0.99,18895821,19136372,https://www.sec.gov/Archives/edgar/data/1035443/000103544303000002/0001035443-03-000002-index.htm,https://www.sec.gov/Archives/edgar/data/1035443/000103544303000002/are10_k.htm,1.6079216669124885,0.5003222670240155,1.505835602485862,-3.113545582380358,0.2005734495473893,25.712193188112863,25.712193188112863,25.712193188112863,32.82133123509161,804961974.6,1416049974.6,21.286280267611595,26.493827949840373,28.28994076755465,-13.682150741930547,1.6568014905743096,1.6568014905743096,46.6066542013626,0.0,49.76628855696914,-24.06897446331141,0.0117446541554933,-0.0730879244690224,1.2655638639670848,0.5304133818362501,0.0,0.1108793103448275,2.7810851544837982,3.0097313306536915,0.0145460287187086,1.2385233763486354,0.1136161669354573,0.0,0.0,3.0676530540521543,2.87288944475529,9.66954691481112,0.0,17.01318937430051,0.0266540516433535,0.008155322050683,-35.331582046633486,-51569000.0,485853000.0,-666959000.0,993239000.0,2079000.0,0.0,0.0,7.823124773722148,0.0,0.0,11.504354411207876,0.0,0.0,0.019458560511101,4.61938118486622,2003-03-31,,amc,,2025-04-24,2002-12-31,,41.39625,72656.25
2002-09-30,ARE,USD,1035443,2002-11-14,2002-11-14 11:56:34,2002,Q3,31982000.0,0.0,31982000.0,1.0,0,3203000.0,0.0,3203000.0,0.0,3203000.0,3203000.0,321000.0,6082000.0,8956000.0,0.0,0.0,16837000.0,0.5264523795,-6082000.0,10755000.0,0.3362829091,-10755000.0,10755000.0,0.3362829091,0.59,0.58,18329443,18556300,https://www.sec.gov/Archives/edgar/data/1035443/000103544302000020/0001035443-02-000020-index.htm,https://www.sec.gov/Archives/edgar/data/1035443/000103544302000020/form10q_3q02.htm,1.74484298295371,0.5867608742938888,0.6348256190872794,-1.3265542220786524,0.1960234143503433,26.54848813463672,26.54848813463672,26.54848813463672,29.900417595886573,778634738.64,1317017738.64,18.09936630962343,24.34603022450128,66.91601397731179,-32.0228146674892,1.6000911157188682,1.6000911157188682,41.1799680645363,0.0,113.18474893777928,-54.16482577174583,0.0138126382837544,-0.0312277359246387,1.1137584023640672,0.5021434692979408,0.0,0.1001960784313725,2.768332785268004,1.0819153881915389,0.0137522762196599,0.995629939562994,0.1001500844224876,0.0,0.0,3.0896356136129253,1.124101056844475,4.0141804376954,0.0,18.721546876630104,0.0325845360375834,0.0099645611840733,-32.07818426342797,-45890000.0,486619000.0,-587596000.0,920679000.0,1508500.0,0.0,0.0,4.268963792133075,0.0,0.0,21.082399472643377,0.0,0.0,0.0221014798024738,1.961379841165932,2003-02-21,0.76,bmo,43568075.0,2025-04-24,2002-09-30,-0.3026315789473684,43.2146875,98807.8125
2002-06-30,ARE,USD,1035443,2002-08-14,2002-08-14 10:56:29,2002,Q2,29116000.0,0.0,29116000.0,1.0,0,3308000.0,0.0,3308000.0,0.0,3308000.0,3308000.0,327000.0,6874000.0,9260000.0,0.0,0.0,17094000.0,0.5870998764,-6874000.0,10220000.0,0.3510097541,-10220000.0,10220000.0,0.3510097541,0.61,0.59,16747201,17117830,https://www.sec.gov/Archives/edgar/data/1035443/000103544302000018/0001035443-02-000018-index.htm,https://www.sec.gov/Archives/edgar/data/1035443/000103544302000018/form10q_2q02.htm,1.7385591777396114,0.6102512294442516,0.9390225865205774,-3.189070221346242,0.1756711464799401,24.312898615117835,24.312898615117835,24.312898615117835,35.289180562172746,815086272.6700001,1396265272.67,19.93850960543053,27.9944454138618,51.830489168892285,-15.261501510447877,2.0018180789738023,2.0018180789738023,47.95525733857673,0.0,88.78705790855908,-26.14337314016627,0.0125385500194011,-0.0655243521953203,1.4345769488644875,0.5607091501448519,0.0,0.0870980392156862,2.486761710794297,1.5387475538160469,0.0129348270894858,1.0316046966731898,0.1136145074872922,0.0,0.0,4.396159226758234,2.374433301277648,7.465874730021598,0.0,18.271069101250063,0.0343530319655625,0.0098103774979505,-37.64891816847483,-46558000.0,407173000.0,-630139000.0,891508000.0,2182000.0,0.0,0.0,4.636625910152493,0.0,0.0,19.410666666666668,0.0,0.0,0.0250998961129544,4.128092807866819,2002-08-14,,amc,,2025-04-24,2002-06-30,,45.83921875,57584.375
2002-03-31,ARE,USD,1035443,2002-05-15,2002-05-15 14:35:27,2002,Q1,28207000.0,0.0,28207000.0,1.0,0,3473000.0,0.0,3473000.0,0.0,3473000.0,3473000.0,507000.0,6720000.0,8847000.0,0.0,0.0,16323000.0,0.5786861417,-6720000.0,9603000.0,0.3404474067,-9603000.0,9603000.0,0.3404474067,0.59,0.57,16409258,16720857,https://www.sec.gov/Archives/edgar/data/1035443/000103544302000009/0001035443-02-000009-index.htm,https://www.sec.gov/Archives/edgar/data/1035443/000103544302000009/form10q_1q02.htm,1.7189686456267554,0.5852184175542855,0.6846135273148853,-0.6010631315565884,0.3054373329982379,24.781863994094067,24.781863994094067,24.781863994094067,32.05458772115107,737267961.9399999,1251527961.94,19.19368848120379,26.137765871592155,65.62826793128004,-74.75088329514345,1.813019392355134,1.813019392355134,44.36941049881236,0.0,111.40537314758768,-126.89120571225794,0.0130251150134494,-0.0133777683408989,1.2769444143887156,0.5309605658976714,0.0,0.0288498168498168,2.429017857142857,1.1698427574716237,0.0114476695525891,0.8788920129126314,0.1231254653100294,0.0,0.0,1.877959764999109,0.7479349097741695,2.3846501638973665,0.0,18.064137751081788,0.0331141681087211,0.0098191589654657,-34.381444913596944,-265124000.0,406652000.0,-563458000.0,610900000.0,5993500.0,0.0,0.0,9.138157195022512,0.0,0.0,9.84881284916201,0.0,0.0,0.0236147861070399,1.2856766588714736,2002-05-15,,amc,,2025-04-24,2002-03-31,,41.5395,48776.66666666666
2001-12-31,ARE,USD,1035443,2002-03-29,2002-03-29 00:00:00,2001,Q4,26062000.0,0.0,26062000.0,1.0,0,3116000.0,0.0,3116000.0,0.0,3116000.0,3116000.0,624000.0,7604000.0,8455000.0,0.0,0.0,15800000.0,0.6062466426,-16059000.0,8196000.0,0.3144808533,-8196000.0,8196000.0,0.3144808533,1.0,0.98,16409258,16720857,https://www.sec.gov/Archives/edgar/data/1035443/000103544302000006/0001035443-02-000006-index.htm,https://www.sec.gov/Archives/edgar/data/1035443/000103544302000006/al_10k.htm,1.5882497551077568,0.4994741383187466,1.6710688563736398,1.6710688563736398,0.1447963094979675,20.271361447300052,20.271361447300052,20.271361447300052,35.39252049056697,674420503.8000001,1245205503.8000002,20.571635669838948,25.877542161000697,24.59503678932205,24.59503678932205,2.027490857328387,2.027490857328387,47.77858582610698,0.0,45.41065255825828,45.41065255825828,0.0121526554335461,0.0406586096441274,1.723077339329842,0.5957110459327378,0.0,0.2017368421052631,2.077853761178327,3.345656417764763,0.0124744131481727,1.0264763299170327,0.1195610467347095,0.0,0.0,0.0,0.0,0.0,0.0,15.093474345138572,0.0344735421019042,0.0085184576976882,-37.80120648965359,-45501000.0,332638000.0,-618009000.0,816375000.0,9026000.0,0.0,0.0,31.504489294758656,0.0,0.0,2.8567357228981693,0.0,0.0,0.0246393977837769,0.0,2002-02-07,0.52,bmo,30800545.0,2025-04-24,2001-12-31,-0.1538461538461538,40.35921875,60554.6875
2001-09-30,ARE,USD,1035443,2001-11-14,2001-11-14 00:00:00,2001,Q3,25452000.0,0.0,25452000.0,1.0,0,2885000.0,0.0,2885000.0,0.0,2885000.0,2885000.0,618000.0,7278000.0,8412000.0,0.0,0.0,14729000.0,0.5786971554,-15690000.0,7451000.0,0.2927471319,-7451000.0,7451000.0,0.2927471319,0.41,0.4,16135399,16413591,https://www.sec.gov/Archives/edgar/data/1035443/000103544301500033/0001035443-01-500033-index.htm,https://www.sec.gov/Archives/edgar/data/1035443/000103544301500033/form10q_3q01.htm,1.5774013397499498,0.461779717997677,0.8430532148600726,-2.919915398435452,0.1685734576504739,20.38164658958852,20.38164658958852,20.38164658958852,34.704750716111825,654290429.4499999,1204267429.4499998,21.953107953630383,25.7068375550055,48.09898033154451,-13.887388662605591,1.9895350369147309,1.9895350369147309,47.31523768073235,0.0,88.52954711828272,-25.560712939890475,0.011387909198463,-0.0720077780132047,1.680614596826671,0.5950733644276196,0.0,0.2478510638297872,2.0237702665567463,1.8256609851026708,0.0128261084409477,1.126291772916387,0.1133506207763633,0.0,0.0,4.463500698375358,2.385549269212635,7.217902995720399,0.0,14.5521887640843,0.0329715469585432,0.0080222828029647,-36.596879321050565,-35351000.0,328866000.0,-588273000.0,794429000.0,8965000.0,0.0,0.0,31.573550212164072,0.0,0.0,2.8504871766155224,0.0,0.0,0.0226566443475458,3.762968613295525,2001-11-08,0.46,bmo,,2025-04-24,2001-09-30,-0.0130434782608695,39.594067796610176,46459.32203389831
2001-06-30,ARE,USD,1035443,2001-08-14,2001-08-14 00:00:00,2001,Q2,23516000.0,0.0,23516000.0,1.0,0,2819000.0,0.0,2819000.0,0.0,2819000.0,2819000.0,938000.0,6883000.0,7685000.0,0.0,0.0,14207000.0,0.6041418609,-14568000.0,7324000.0,0.3114475251,-7324000.0,7324000.0,0.3114475251,0.4,0.39,16011654,16253036,https://www.sec.gov/Archives/edgar/data/1035443/000103544301500031/0001035443-01-500031-index.htm,https://www.sec.gov/Archives/edgar/data/1035443/000103544301500031/form10q_2q01.htm,1.4686802500228897,0.4574168290171646,0.1154783884288281,-3.0113690940361315,0.2289582325473683,20.97609653568582,20.97609653568582,20.97609653568582,17.542410047081958,637263829.1999999,907597829.2,21.7525883806663,27.09915926177921,344.65323374797185,-13.216579820395294,1.8973978276792256,1.8973978276792256,38.5949068378976,0.0,490.85875024337474,-18.823191596324943,0.011492885151185,-0.075662540051159,0.8158112558133995,0.311519041885668,0.0,0.2945813953488372,2.064070899317158,0.2524576734025123,0.0131060317835468,1.140360458765702,0.1198758292226569,0.0,0.0,27.07733910221741,2.129018540568124,6.51476903057905,0.0,14.692972475183677,0.033458623596961,0.0083268812509877,-33.30588145359624,-30333000.0,335862000.0,-531032000.0,745781000.0,8959000.0,0.0,0.0,34.448460622554855,0.0,0.0,2.6125986001555384,0.0,0.0,0.0218065753196253,3.12684748246496,2001-08-14,,amc,,2025-04-24,2001-06-30,,37.45,42709.52380952381
2001-03-31,ARE,USD,1035443,2001-05-15,2001-05-15 00:00:00,2001,Q1,23634000.0,0.0,23634000.0,1.0,0,2874000.0,0.0,2874000.0,0.0,2874000.0,2874000.0,1088000.0,7361000.0,6958000.0,0.0,0.0,14667000.0,0.620588982,-14319000.0,7306000.0,0.3091309131,-7306000.0,7306000.0,0.3091309131,0.41,0.41,15471100,15704458,https://www.sec.gov/Archives/edgar/data/1035443/000103544301500026/0001035443-01-500026-index.htm,https://www.sec.gov/Archives/edgar/data/1035443/000103544301500026/form10q.htm,1.5276224702833023,0.4722353290974785,1.1290082799542374,-0.9867430240900776,0.3746339949971237,20.30081894629341,20.30081894629341,20.30081894629341,30.23307974222906,584034025.0,1038616025.0,19.98473942649877,24.7116029872218,33.4364244002977,-38.25717443993187,1.859530893796406,1.859530893796406,43.94584179571803,0.0,59.46161475926032,-68.03458830079916,0.012509545141655,-0.0261388880553662,1.4658171907436417,0.5613612808037947,0.0,5.628538638102525,1.9925281891047413,2.390774705721325,0.0130232138444331,1.0410621407062688,0.1216044681391216,0.0,0.0,1.8739909543710995,1.384996191926885,4.704369071572291,0.0,14.686803195765645,0.035137987333842,0.0089085610466888,-31.90143234805541,12099000.0,314076000.0,-491321000.0,744676000.0,8876000.0,0.0,0.0,33.956587966488954,0.0,0.0,2.6504429740944264,0.0,0.0,0.0232618856582483,2.115751304044315,2001-08-09,0.44,bmo,26530871.0,2025-04-24,2001-03-31,-0.1136363636363636,37.04016129032258,36562.90322580645
2000-12-31,ARE,USD,1035443,2001-03-30,2001-03-30 00:00:00,2000,Q4,22357000.0,0.0,22357000.0,1.0,0,2398000.0,0.0,2398000.0,0.0,2398000.0,2398000.0,1173000.0,7206000.0,7400000.0,14606000.0,0.6533076889,7206000.0,0.3223151586,0.0,7400000.0,0.3309925303,-7400000.0,7400000.0,0.3309925303,0.96,0.94,15471100,15704458,https://www.sec.gov/Archives/edgar/data/1035443/000103544301500019/0001035443-01-500019-index.htm,https://www.sec.gov/Archives/edgar/data/1035443/000103544301500019/al_10k.htm,1.445081474491148,0.4783111737368383,0.7146873848659759,-0.4374608140339084,0.1794313267964139,20.62891455681884,20.62891455681884,20.62891455681884,28.340712683648867,575370209.0,1003850209.0,19.438182736486485,25.73557315382207,52.03673772270959,-85.01332875295509,1.802809347896927,1.802809347896927,44.90093523281299,68.72861899219498,90.78865958216514,-148.3230214243499,0.0128612845855562,-0.0117628613614925,1.3512558279440516,0.5521956915890722,29.335889360536765,2.9886743886743887,1.0,1.4941891891891892,0.0132019348259304,1.0264864864864864,0.1072594713065259,0.0,0.0,1.612100931536583,0.7972894395491344,0.0,0.0,14.899946561254904,0.0181833092563036,0.009475226124991,-29.243541183238424,7726000.0,319152000.0,-450221000.0,713471000.0,9285000.0,0.0,0.0,35.56604195553965,0.0,0.0,2.530503678551217,0.0,0.0,0.0231864440768035,1.1521481988998843,2001-03-30,,amc,,2025-04-24,2000-12-31,,35.30285714285714,39592.06349206349
2000-09-30,ARE,USD,1035443,2000-11-14,2000-11-14 00:00:00,2000,Q3,21409000.0,0.0,21409000.0,1.0,0,2391000.0,0.0,2391000.0,0.0,2391000.0,2391000.0,1231000.0,7066000.0,6531000.0,13597000.0,0.6351067308,7066000.0,0.3300481106,0.0,6531000.0,0.3050586202,-6531000.0,6531000.0,0.3050586202,0.39,0.38,14518005,14782077,https://www.sec.gov/Archives/edgar/data/1035443/000103544300500018/0001035443-00-500018-index.htm,https://www.sec.gov/Archives/edgar/data/1035443/000103544300500018/form10q.htm,1.474651648074236,0.4498551970467017,1.0605451644354718,-2.1396879254415464,0.053381990156361,22.32345284355529,22.32345284355529,22.32345284355529,28.838604202161385,498112751.55,908950751.55,19.06724665250345,23.26651181979541,32.3512860654673,-16.035048659219676,1.536948618139294,1.536948618139294,42.45647865617264,66.84936026697065,59.03427625836201,-29.26058303985321,0.0131114892756252,-0.0623633904238282,1.270049862384755,0.5374000893027336,30.215341619474884,0.3503333333333333,1.0,2.3575256469147146,0.0142678539705816,1.088194763435921,0.1116820028959783,0.0,0.0,3.017535883613691,2.170162081367649,0.0,0.0,15.031707446203749,0.0189324316358628,0.0085268443495131,-29.877779350537487,-19490000.0,324092000.0,-431332000.0,674279000.0,9129000.0,0.0,0.0,40.92437759820636,0.0,0.0,2.1991782229070367,0.0,0.0,0.0201516853239203,3.200233089877018,2000-11-14,,amc,,2025-04-24,2000-09-30,,35.00571428571429,43774.60317460317
2000-06-30,ARE,USD,1035443,2000-08-11,2000-08-11 00:00:00,2000,Q2,18942000.0,0.0,18942000.0,1.0,0,2104000.0,0.0,2104000.0,0.0,2104000.0,2104000.0,553000.0,5968000.0,6341000.0,12309000.0,0.649825784,5968000.0,0.3150670468,0.0,6341000.0,0.3347587372,-6341000.0,6341000.0,0.3347587372,0.38,0.38,14272509,14450365,https://www.sec.gov/Archives/edgar/data/1035443/000103544300500009/0001035443-00-500009-index.htm,https://www.sec.gov/Archives/edgar/data/1035443/000103544300500009/form10q.htm,1.3271667931686013,0.4442806797319238,0.3278330390262847,-2.3255196405901724,0.0513574733076013,19.586114816953348,19.586114816953348,19.586114816953348,27.85957255308089,489689783.79,880614783.79,19.30648887360038,25.85206334019639,104.65693177815773,-14.753691777590312,1.751751193161696,1.751751193161696,46.49006355136733,71.54234980827037,188.20576699935884,-26.531734017956676,0.0129490142737372,-0.0677796456015789,1.401065310166951,0.5598105273388925,31.759281826305955,0.3305714285714285,1.0,0.7378962308784104,0.0139843636250674,1.079955842926983,0.1110759159539647,0.0,0.0,8.093609745672152,1.999260901699926,0.0,0.0,13.99246150947465,0.0175302034713797,0.0090634138811307,-28.93378802563726,-18744000.0,279543000.0,-410827000.0,624354000.0,8706000.0,0.0,0.0,40.49572378840672,0.0,0.0,2.222456881379796,0.0,0.0,0.0226834512042869,2.6533526796164573,2000-08-11,,amc,,2025-04-24,2000-06-30,,33.22190476190476,37820.63492063492
2000-03-31,ARE,USD,1035443,2000-05-15,2000-05-15 00:00:00,2000,Q1,18411000.0,0.0,18411000.0,1.0,0,2093000.0,0.0,2093000.0,0.0,2093000.0,2093000.0,549000.0,5551000.0,5737000.0,0.0,0.0,5551000.0,0.3015045353,-11338000.0,5737000.0,0.3116071914,-5737000.0,5737000.0,0.3116071914,0.35,0.35,13780276,13912400,https://www.sec.gov/Archives/edgar/data/1035443/000091205700024637/0000912057-00-024637-index.html,https://www.sec.gov/Archives/edgar/data/1035443/000091205700024637/,1.336040003843174,0.4163196731328168,0.1304763416930111,-1.087206090792376,0.1428128144893469,19.07900828691675,19.07900828691675,19.07900828691675,27.24364882096701,413408280.0,781314280.0,18.01500261460693,22.454417467818157,229.9267408231368,-27.593664397276733,1.5724087724503069,1.5724087724503069,42.43736244636359,0.0,434.54631813125695,-52.15019890535309,0.0138773224377605,-0.0362402030264125,1.406825045452125,0.5593346187289705,0.0,0.38775,1.0,0.3134042182325257,0.0165381302957937,1.191737842077741,0.1136820379121177,0.0,0.0,9.332591768631811,0.9114116560751724,0.0,0.0,13.368498274242263,0.0172355976725267,0.0086756644361271,-28.281454594958767,-17143000.0,262914000.0,-387504000.0,593329000.0,9144500.0,0.0,0.0,43.4528271142252,0.0,0.0,2.0712116098548767,0.0,0.0,0.0218208235392561,1.217682432485387,2000-05-15,,amc,,2025-04-24,2000-03-31,,30.136349206349205,32500.0
1999-12-31,ARE,USD,1035443,2000-03-29,2000-03-29 00:00:00,1999,Q4,18100000.0,0.0,18100000.0,1.0,0,2100000.0,0.0,2100000.0,0.0,2100000.0,2100000.0,400000.0,5100000.0,5100000.0,0.0,0.0,5100000.0,0.2817679558,0.0,5100000.0,0.2817679558,-5100000.0,5100000.0,0.2817679558,0.74,0.73,13780276,13912400,https://www.sec.gov/Archives/edgar/data/1035443/000091205700014199/0000912057-00-014199-index.html,https://www.sec.gov/Archives/edgar/data/1035443/000091205700014199/,1.3134715153745833,0.3700941838900759,1.0667420594478658,-1.7706466837093828,0.2467294559267173,19.05622209598705,19.05622209598705,19.05622209598705,25.804998390453136,438350579.56,785450579.56,21.487773507843137,24.2182640640884,29.819767317006804,-17.965187686885248,1.669271056968774,1.669271056968774,43.395059644198895,0.0,53.43201221496598,-32.19059752295082,0.0116345232282325,-0.0556632091703672,1.334729626808835,0.5450163271652931,0.0,0.4266666666666667,1.0,2.8823529411764706,0.0157408255440792,1.3529411764705883,0.1160220994475138,0.0,0.0,2.659863945578232,2.160220994475138,0.0,0.0,12.596961209135046,0.0162965329924908,0.0079303374280827,-26.853598578141685,-17200000.0,262600000.0,-367700000.0,581600000.0,9350000.0,0.0,0.0,46.7403314917127,0.0,0.0,1.925531914893617,0.0,0.0,0.0194211728865194,2.837388743157249,2000-03-29,,amc,,2025-04-24,1999-12-31,,29.35578125,26454.6875
1999-09-30,ARE,USD,1035443,1999-11-15,1999-11-15 00:00:00,1999,Q3,17600000.0,0.0,17600000.0,1.0,0,1900000.0,0.0,1900000.0,0.0,1900000.0,1900000.0,400000.0,4800000.0,5800000.0,10600000.0,0.6022727273,4800000.0,0.2727272727,0.0,5800000.0,0.3295454545,-5800000.0,5800000.0,0.3295454545,0.36,0.36,13723327,13877678,https://www.sec.gov/Archives/edgar/data/1035443/000091205799006281/0000912057-99-006281-index.html,https://www.sec.gov/Archives/edgar/data/1035443/000091205799006281/,1.2824878398656536,0.4226380381375449,0.4663592144966013,-2.703426071534986,0.1821715681627349,19.20088328435226,19.20088328435226,19.20088328435226,24.5858748392427,404014746.88,734114746.88,17.41442874482759,22.955383345454543,63.127304200000005,-10.8898853606469,1.5332627965085388,1.5332627965085388,41.71106516363636,69.25610819622642,114.7054292,-19.78745948463612,0.0143559116215198,-0.0918283312342046,1.2622390891840607,0.5363651024028383,31.141509433962263,0.4916666666666666,1.0,1.0847457627118644,0.0153459744919695,1.0689655172413792,0.1079545454545454,0.0,0.0,6.796875,2.471590909090909,0.0,0.0,13.51251390158948,0.0157920710643197,0.009353330108047,-25.29452223939574,-12200000.0,263500000.0,-344800000.0,566900000.0,12350000.0,0.0,0.0,47.55681818181818,0.0,0.0,1.89247311827957,0.0,0.0,0.0220113851992409,3.169785286031587,1999-11-15,,amc,,2025-04-24,1999-09-30,,30.1865625,19646.875
1999-06-30,ARE,USD,1035443,1999-08-13,1999-08-13 00:00:00,1999,Q2,16200000.0,0.0,16200000.0,1.0,0,1700000.0,0.0,1700000.0,0.0,1700000.0,1700000.0,400000.0,4900000.0,5800000.0,10700000.0,0.6604938272,4900000.0,0.3024691358,0.0,5800000.0,0.3580246914,-5800000.0,5800000.0,0.3580246914,0.41,0.41,13604031,13756007,https://www.sec.gov/Archives/edgar/data/1035443/000104746999031959/0001047469-99-031959-index.html,https://www.sec.gov/Archives/edgar/data/1035443/000104746999031959/,1.1908235140011074,0.4263442210621249,0.5292548951116033,-0.5219041326794978,0.2131721105310624,19.32956489146489,19.32956489146489,19.32956489146489,20.648291671784637,425125968.75,698225968.75,18.32439520474138,26.24234375,59.0452734375,-59.87689700704225,1.61669443546547,1.61669443546547,43.10036844135802,65.25476343457944,96.97582899305556,-98.3416857394366,0.0136430150739879,-0.0167009322457439,1.0495892911469424,0.4908411879779477,25.523364485981308,0.1236486486486486,1.0,1.2413793103448276,0.0129373418805058,0.9482758620689656,0.1049382716049382,0.0,0.0,1.9861111111111112,0.8827160493827161,0.0,0.0,13.617032953629488,0.0168790905959352,0.0103147785879423,-20.94158709282565,-129700000.0,262960000.0,-281040000.0,396300000.0,12150000.0,0.0,0.0,85.55555555555556,0.0,0.0,1.051948051948052,0.0,0.0,0.0220565865530879,1.051159027791101,1999-08-13,,amc,,2025-04-24,1999-06-30,,29.638571428571428,49036.50793650794
1999-03-31,ARE,USD,1035443,1999-05-17,1999-05-17 00:00:00,1999,Q1,14600000.0,0.0,14600000.0,1.0,0,1300000.0,0.0,1300000.0,0.0,1300000.0,1300000.0,400000.0,5000000.0,5300000.0,10300000.0,0.7054794521,5000000.0,0.3424657534,0.0,5300000.0,0.3630136986,-5300000.0,5300000.0,0.3630136986,0.41,0.4,12926829,13250000,https://www.sec.gov/Archives/edgar/data/1035443/000104746999021280/0001047469-99-021280-index.html,https://www.sec.gov/Archives/edgar/data/1035443/,1.1294339857052336,0.4100000085094341,1.0830188904022788,0.0850943413887504,0.116037738257387,17.490755079996802,17.490755079996802,17.490755079996802,23.532453318598087,341785358.76,639485358.76,16.12195088490566,23.40995607945205,24.413239911428573,310.7139625090909,1.5116557220698807,1.5116557220698807,43.80036703835616,62.08595716116505,45.67752562571429,581.3503261454546,0.0155068081887077,0.0032183941523733,1.3233082706766917,0.5440989270776505,28.902912621359224,0.0604651162790697,1.0,2.641509433962264,0.0146290643289696,0.9433962264150944,0.0890410958904109,0.0,0.0,0.9214285714285714,0.8835616438356164,0.0,0.0,12.702449329235291,0.017847581652686,0.0096381160210947,-24.41627409165852,-161600000.0,226100000.0,-313400000.0,353800000.0,11700000.0,0.0,0.0,54.86301369863014,0.0,0.0,1.6404494382022472,0.0,0.0,0.0234409553295002,0.9979245490135285,1999-05-17,,amc,,2025-04-24,1999-03-31,,28.458360655737707,42267.2131147541
1998-12-31,ARE,USD,1035443,1999-03-15,1999-03-15 00:00:00,1998,Q4,13500000.0,0.0,13500000.0,1.0,0,1300000.0,0.0,1300000.0,0.0,1300000.0,1300000.0,334000.0,4834000.0,4900000.0,9734000.0,0.721037037,4834000.0,0.3580740741,0.0,4900000.0,0.362962963,-4900000.0,4900000.0,0.362962963,0.75,0.74,13025303,13163695,https://www.sec.gov/Archives/edgar/data/1035443/000104746999009615/0001047469-99-009615-index.html,https://www.sec.gov/Archives/edgar/data/1035443/,1.0364442193782364,0.3761908648113599,0.7754138233866805,-3.0709458351947743,0.1228378334077909,15.339374446797898,15.339374446797898,15.339374446797898,24.155599297766816,403002874.82,711202874.8199999,20.561371164285717,29.85206480148148,39.90127473465347,-10.0750718705,2.0170314055055054,2.0170314055055054,52.681694431111104,73.06378414012738,70.41612621980197,-17.7800718705,0.0121587221981693,-0.0992548750870967,1.5505505505505506,0.5841976239864228,31.66221491678652,0.7666666666666667,1.0,2.061224489795918,0.0126549965736048,1.0408163265306123,0.0962962962962963,0.0,0.0,4.96039603960396,3.7111111111111112,0.0,0.0,11.394603201653798,0.0184012181195279,0.0092400528003017,-24.41593873094545,-4900000.0,199800000.0,-314400000.0,488800000.0,13800000.0,0.0,0.0,96.66666666666669,0.0,0.0,0.9310344827586208,0.0,0.0,0.0245245245245245,3.846359658581455,1999-03-15,,amc,,2025-04-24,1998-12-31,,29.1615625,23453.125
1998-09-30,ARE,USD,1035443,1998-11-13,1998-11-13 00:00:00,1998,Q3,12200000.0,0.0,12200000.0,1.0,0,1000000.0,0.0,1000000.0,0.0,1000000.0,1000000.0,400000.0,3600000.0,5100000.0,8700000.0,0.7131147541,3600000.0,0.2950819672,0.0,5100000.0,0.4180327869,-5100000.0,5100000.0,0.4180327869,0.41,0.4,12439024,12750000,https://www.sec.gov/Archives/edgar/data/1035443/000104746998040886/0001047469-98-040886-index.html,https://www.sec.gov/Archives/edgar/data/1035443/,0.9807843444951952,0.4100000128627455,0.4341176606782011,-1.672156915204923,0.0964705912618224,16.110588740724353,16.110588740724353,16.110588740724353,21.102941838523662,337470721.12,595170721.12,16.542682407843138,27.661534518032788,62.49457798518518,-16.2245539,1.6839856343313373,1.6839856343313373,48.78448533770492,68.41042771494253,110.2168002074074,-28.61397697692308,0.0151124221475394,-0.0616349766017295,1.2919161676646709,0.5436791264174716,29.620689655172413,0.8411764705882353,1.0,1.0588235294117647,0.0148161001446465,0.9803921568627452,0.081967213114754,0.0,0.0,4.851851851851852,2.1475409836065573,0.0,0.0,12.19098789252849,0.0152059134107708,0.0107097858042839,-21.285834001124204,-2700000.0,200400000.0,-261500000.0,439000000.0,12450000.0,0.0,0.0,96.63934426229508,0.0,0.0,0.931297709923664,0.0,0.0,0.0254491017964071,2.106274575883124,1998-11-13,,amc,,2025-04-24,1998-09-30,,29.0346875,37423.4375
1998-06-30,ARE,USD,1035443,1998-08-14,1998-08-14 00:00:00,1998,Q2,11700000.0,0.0,11700000.0,1.0,0,900000.0,0.0,900000.0,0.0,900000.0,900000.0,300000.0,3500000.0,4700000.0,8200000.0,0.7008547009,3500000.0,0.2991452991,0.0,4700000.0,0.4017094017,-4700000.0,4700000.0,0.4017094017,0.4,0.39,11821664,12053983,https://www.sec.gov/Archives/edgar/data/1035443/000104746998031814/0001047469-98-031814-index.html,https://www.sec.gov/Archives/edgar/data/1035443/,0.989708386230568,0.3975751636994589,0.1607218746870153,-3.5612583812228125,0.169180920723174,16.90963302628124,16.90963302628124,16.90963302628124,17.77245572196943,353940620.16,558540620.1600001,18.82662873191489,30.25133505641026,186.2845369263158,-8.407140621377673,1.7705883949974988,1.7705883949974988,47.73851454358975,68.11470977560977,293.96874745263165,-13.266998103562948,0.0132790635838162,-0.1189465057188648,1.0335167583791895,0.4908529341886434,24.951219512195124,0.9857142857142858,1.0,0.3958333333333333,0.0127139970483347,0.9574468085106383,0.0769230769230769,0.0,0.0,23.157894736842103,3.7606837606837606,0.0,0.0,12.298948234167614,0.016638935108153,0.0111665478736041,-17.776685244987508,-200000.0,199900000.0,-207200000.0,390300000.0,8000000.0,0.0,0.0,90.76923076923076,0.0,0.0,0.9915254237288136,0.0,0.0,0.0235117558779389,3.721980255909828,1998-08-14,,amc,,2025-04-24,1998-06-30,,31.109047619047622,23812.698412698413
1998-03-31,ARE,USD,1035443,1998-05-15,1998-05-15 00:00:00,1998,Q1,9600000.0,0.0,9600000.0,1.0,0,800000.0,0.0,800000.0,0.0,800000.0,800000.0,0.0,2100000.0,4600000.0,6700000.0,0.6979166667,2100000.0,0.21875,0.0,4600000.0,0.4791666667,-4600000.0,4600000.0,0.4791666667,0.41,0.4,11404631,11652772,https://www.sec.gov/Archives/edgar/data/1035443/000104746998020540/0001047469-98-020540-index.html,https://www.sec.gov/Archives/edgar/data/1035443/,0.8417633152707878,0.4033449219005858,0.7628480044641515,-9.803035275757717,0.1315255180110606,14.643174338564746,14.643174338564746,14.643174338564746,17.08078060570307,361412756.39,552612756.39,19.641997629891303,37.64716212395833,41.54169613678161,-3.232672239624329,2.1641482418562874,2.1641482418562874,57.56382879062499,82.47951587910447,63.51870763103448,-4.942869019588551,0.0127278296592169,-0.3093415991087951,1.1538922155688622,0.5178715399086267,28.53731343283582,0.475,1.0,1.891304347826087,0.0127278296592169,1.0,0.0833333333333333,0.0,0.0,13.850574712643676,12.552083333333334,0.0,0.0,11.527819621429453,0.0114816839803171,0.0123622682074711,-17.576193390211397,-6300000.0,167000000.0,-199400000.0,342700000.0,3900000.0,0.0,0.0,39.375,0.0,0.0,2.2857142857142856,0.0,0.0,0.0275449101796407,10.565883280221868,1998-05-15,,amc,,2025-04-24,1998-03-31,,32.195245901639346,28403.27868852459
1997-12-31,ARE,USD,1035443,1998-03-31,1998-03-31 00:00:00,1997,Q4,9000000.0,0.0,9000000.0,1.0,0,700000.0,0.0,700000.0,0.0,700000.0,700000.0,0.0,1200000.0,4200000.0,5400000.0,0.6,1200000.0,0.1333333333,0.0,4200000.0,0.4666666667,-4200000.0,4200000.0,0.4666666667,0.74,0.72,11404631,11652772,https://www.sec.gov/Archives/edgar/data/1035443/000104746998013095/0001047469-98-013095-index.html,https://www.sec.gov/Archives/edgar/data/1035443/,0.7891531080663635,0.3682714504309696,0.017536735734808,-1.6484531590719596,0.1841357252154848,14.634405970697342,14.634405970697342,14.634405970697342,6.313224864530908,359930154.36,428630154.36,21.42441395,39.99223937333333,1799.6507717999998,-19.145220976595745,2.1565617397243857,2.1565617397243857,47.62557270666667,79.37595451111112,2143.1507718000003,-22.79947629574468,0.0116689306220205,-0.0522323561176159,0.4242061114439784,0.2849094567404426,12.72222222222222,0.5181818181818182,1.0,0.0476190476190476,0.0125024256664506,1.0714285714285714,0.0777777777777777,0.0,0.0,95.0,2.111111111111111,0.0,0.0,11.011914594794492,0.0098684210526315,0.0169014084507042,-6.734106522166303,-5300000.0,166900000.0,-75900000.0,224700000.0,2400000.0,0.0,0.0,36.0,0.0,0.0,2.5,0.0,0.0,0.0251647693229478,1.6659898948067675,1998-03-31,,amc,,2025-04-24,1997-12-31,,29.10296875,36107.8125
1997-09-30,ARE,USD,1035443,1997-11-14,1997-11-14 00:00:00,1997,Q3,8500000.0,0.0,8500000.0,1.0,0,600000.0,0.0,600000.0,0.0,600000.0,600000.0,300000.0,1200000.0,4100000.0,5300000.0,0.6235294118,1200000.0,0.1411764706,0.0,4100000.0,0.4823529412,-4100000.0,4100000.0,0.4823529412,0.36,0.36,11388889,11388889,https://www.sec.gov/Archives/edgar/data/1035443/000104746997004812/0001047469-97-004812-index.html,https://www.sec.gov/Archives/edgar/data/1035443/,0.7463414561332541,0.3599999964878049,0.3863414596454492,-0.9131707227983344,0.5970731649066032,14.689755954246284,14.689755954246284,14.689755954246284,4.908292635041048,325266669.84,373166669.84,19.833333526829268,38.26666704,73.92424314545454,-31.27564133076923,1.9442120133891208,1.9442120133891208,43.90196115764706,70.40880563018868,84.81060678181818,-35.88141056153846,0.0126050418938307,-0.0319737648038632,0.3269575612671846,0.2362850971922246,9.037735849056604,0.8888888888888888,1.0,1.0731707317073171,0.0046116006928648,0.3658536585365853,0.0705882352941176,0.0,0.0,3.363636363636364,1.741176470588235,0.0,0.0,10.908117255903784,0.0104121475054229,0.0177105831533477,-4.960975561356336,-1000000.0,167300000.0,-56200000.0,213900000.0,600000.0,0.0,0.0,12.705882352941178,0.0,0.0,7.083333333333333,0.0,0.0,0.0245068738792588,1.2995121824437836,1997-11-14,,amc,,2025-04-24,1997-09-30,,25.463125,54770.3125
1997-06-30,ARE,USD,1035443,1997-08-14,1997-08-14 00:00:00,1997,Q2,5600000.0,0.0,5600000.0,1.0,0,600000.0,0.0,600000.0,0.0,600000.0,600000.0,0.0,2100000.0,-10900000.0,-8800000.0,-1.5714285714,2100000.0,0.375,-15900000.0,-10900000.0,-1.9464285714,10900000.0,-10900000.0,-1.9464285714,-1.79,-1.79,6098381,6098381,https://www.sec.gov/Archives/edgar/data/1035443/000089843097003430/0000898430-97-003430-index.html,https://www.sec.gov/Archives/edgar/data/1035443/,0.9182765065022996,-1.7873596287276905,-0.6395139955998157,-9.248356244058874,3.59111705221435,27.56469298982796,27.56469298982796,27.56469298982796,9.3959363968896,133798479.14,167098479.14,-3.068772457339449,23.892585560714284,-34.30730234358975,-2.372313459929078,0.7959457414634147,0.7959457414634147,29.839014132142857,-18.988463538636363,-42.84576388205128,-2.9627389918439717,-0.0814657989392748,-0.4215294550619359,0.3283759666864961,0.24,-3.784090909090909,0.0,1.0,0.3545454545454545,0.0067265338573713,-0.0825688073394495,0.1071428571428571,0.0,0.0,-13.461538461538462,9.375,0.0,0.0,,0.0166732830488289,-0.047391304347826,-6.559117903587854,21900000.0,168100000.0,-40000000.0,220700000.0,800000.0,0.0,0.0,0.0,0.0,0.0,0.0,0.0,0.0,-0.0648423557406305,8.608842248459059,1997-08-14,,amc,,2025-04-24,1997-06-30,,21.60625,182837.5
1997-03-31,ARE,USD,1035443,1997-03-31,1997-03-31 00:00:00,1997,Q1,4700000.0,0.0,4700000.0,1.0,0,600000.0,0.0,600000.0,0.0,600000.0,600000.0,0.0,2500000.0,1100000.0,0.0,0.0,2400000.0,0.5106382979,-2500000.0,-100000.0,-0.0212765957,100000.0,-100000.0,-0.0212765957,-0.0275,-0.0275,3642131,3642131,,,1.290453308790925,-0.0274564533785303,0.8786065081129701,0.521672614192076,0.7687806945988489,10.51582164397711,10.51582164397711,10.51582164397711,32.34370207990871,76484751.0,188984751.0,-191.2118775,16.273351276595744,23.9014846875,40.25513210526316,1.99699088772846,1.99699088772846,40.209521489361705,0.0,59.0577346875,99.46565842105264,-0.0013074501608823,0.0248415530567655,3.010443864229765,0.7130488559059988,0.0,0.0,0.96,-32.0,0.0392235048264718,-30.0,0.1276595744680851,0.0,0.0,0.40625,0.2765957446808511,1.181818181818182,0.0,,0.0288982540638169,-0.0006184291898577,-32.7830053339652,4400000.0,38300000.0,-119000000.0,151700000.0,,,,30.638297872340427,0.0,0.0,2.9375,0.0,0.0,-0.0026109660574412,0.3569338939208941,1997-03-31,,amc,,2025-04-24,1997-03-31,,,
