date,symbol,reportedCurrency,cik,fillingDate,acceptedDate,calendarYear,period,revenue,costOfRevenue,grossProfit,grossProfitRatio,researchAndDevelopmentExpenses,generalAndAdministrativeExpenses,sellingAndMarketingExpenses,sellingGeneralAndAdministrativeExpenses,otherExpenses,operatingExpenses,costAndExpenses,interestIncome,interestExpense,depreciationAndAmortization,ebitda,ebitdaratio,operatingIncome,operatingIncomeRatio,totalOtherIncomeExpensesNet,incomeBeforeTax,incomeBeforeTaxRatio,incomeTaxExpense,netIncome,netIncomeRatio,eps,epsdiluted,weightedAverageShsOut,weightedAverageShsOutDil,link,finalLink,revenuePerShare,netIncomePerShare,operatingCashFlowPerShare,freeCashFlowPerShare,cashPerShare,bookValuePerShare,tangibleBookValuePerShare,shareholdersEquityPerShare,interestDebtPerShare,marketCap,enterpriseValue,peRatio,priceToSalesRatio,pocfratio,pfcfRatio,pbRatio,ptbRatio,evToSales,enterpriseValueOverEBITDA,evToOperatingCashFlow,evToFreeCashFlow,earningsYield,freeCashFlowYield,debtToEquity,debtToAssets,netDebtToEBITDA,currentRatio,interestCoverage,incomeQuality,dividendYield,payoutRatio,salesGeneralAndAdministrativeToRevenue,researchAndDdevelopementToRevenue,intangiblesToTotalAssets,capexToOperatingCashFlow,capexToRevenue,capexToDepreciation,stockBasedCompensationToRevenue,grahamNumber,roic,returnOnTangibleAssets,grahamNetNet,workingCapital,tangibleAssetValue,netCurrentAssetValue,investedCapital,averageReceivables,averagePayables,averageInventory,daysSalesOutstanding,daysPayablesOutstanding,daysOfInventoryOnHand,receivablesTurnover,payablesTurnover,inventoryTurnover,roe,capexPerShare,report_date,epsEstimated,time,revenueEstimated,updatedFromDate,fiscalDateEnding,surprise(%),QuarterAvgPrice,QuarterAvgVolume
2025-03-31,ASML,EUR,937966,2025-03-31,2025-03-31 00:00:00,2025,Q1,7741500000.0,3561800000.0,4179700000.0,0.5399082865,1161100000,0.0,0.0,280700000.0,0.0,1441800000.0,5003600000.0,0.0,0.0,241300000.0,2979200000.0,0.3848349803,2737900000.0,0.3536653103,49200000.0,2787100000.0,0.3600206678,465100000.0,2355000000.0,0.3042046115,6.0,6.0,392300000,392500000,,,19.733622227886823,6.00305888350752,-0.149375477950548,-1.211062962018863,23.205709915880703,44.61050216670915,31.405811878664288,44.61050216670915,9.38312515931685,237733800000.0,232316400000.0,25.237133757961782,30.70900988180585,-4056.8907849829343,-500.3868659229636,13.584245201620506,13.584245201620506,30.00922301879481,77.97945757250268,-3964.443686006826,-488.98421384971584,0.0099060377615635,-0.0019984537327043,0.2103344437651065,0.0809388110504235,-1.818407626208378,1.518679754357506,0.0,-0.0248832271762208,0.0025120533975396,0.253588110403397,0.0,0.1499838532584124,0.1139036210278195,-7.107508532423208,0.0538009429697087,1.726067136344799,0.0051669573080152,77.62401757778248,0.0833858028156485,0.0584387546961929,-23.455327555442263,9400500000.0,12320500000.0,-453700000.0,22099000000.0,5355900000.0,1750200000.0,10958100000.0,64.49331524898275,0.0,278.57347408613623,1.3954934655250113,0.0,0.3230745507814271,0.1345660459295914,1.061687484068315,2025-04-16,6.12,bmo,8916707062.0,2025-05-12,2025-03-31,0.0310457516339868,727.428,1684627.6
2024-12-31,ASML,EUR,937966,2025-03-05,2025-03-05 06:21:06,2024,Q4,9262800000.0,4473000000.0,4789800000.0,0.5171006607,1116000000,0.0,0.0,318400000.0,0.0,1434400000.0,5907400000.0,-16700000.0,-12700000.0,241000000.0,3596400000.0,0.3882627283,3355400000.0,0.3622446776,6300000.0,3361700000.0,0.3629248175,479000000.0,2693400000.0,0.2907760073,6.84,6.84,393534303,393600000,https://www.sec.gov/Archives/edgar/data/937966/000093796625000009/0000937966-25-000009-index.htm,https://www.sec.gov/Archives/edgar/data/937966/000093796625000009/asml-20241231.htm,23.551487414187644,6.848207475209764,24.268497330282223,22.478515128400712,32.39588100686499,46.978896516653954,33.732265446224254,46.978896516653954,9.349860157640478,266932710000.00003,257874110000.00003,24.776556582757856,28.817712786630395,27.966296831782756,30.19327549543028,14.446912344128854,14.446912344128854,27.839757956557417,68.24232825235525,27.01723556281955,29.16863971586282,0.0100901834024013,0.0331199574604401,0.1990225580187045,0.0756808041226929,-2.397216047422462,1.532930368951794,0.0,3.5437736689685897,0.0022395157191488,0.2219499517338679,0.0,0.1204819277108433,0.1072225332169847,0.0737574386053138,0.0760029364770911,2.921161825726141,0.0,85.08071274857333,0.0922607746356324,0.0620889494394843,-20.47425629290618,10686000000.0,13266900000.0,624600000.0,23129900000.0,5921800000.0,1750200000.0,11153000000.0,50.17780800621842,70.43058350100604,219.14486921529172,1.793621594407761,1.2778539595474805,0.4106872331634761,0.1457719951506754,1.7899822018815157,2025-01-29,7.41,bmo,7617561828.0,2025-04-29,2024-12-31,-0.0148448043184885,718.10953125,2003420.390625
2024-09-30,ASML,EUR,937966,2024-09-30,2024-09-28 20:00:00,2024,Q3,7467300000.0,3673900000.0,3793400000.0,0.5080015534,1055200000,0.0,0.0,297000000.0,0.0,1352200000.0,5026100000.0,0.0,800000.0,235700000.0,2676900000.0,0.3584829858,2441200000.0,0.3269186989,-800000.0,2440400000.0,0.3268115651,441200000.0,2076500000.0,0.2780790915,5.28,5.28,393200000,393600000,,,18.9910986775178,5.281027466937945,2.4158189216683623,1.3583418107833165,12.676754832146491,41.07731434384537,27.746948118006102,41.07731434384537,11.933367243133263,293169920000.0,292882820000.0,35.29616181073923,39.26049843986448,308.63240341088533,548.9045497097921,18.15113796775552,18.15113796775552,39.22205080819037,109.4111920505062,308.33016106958627,548.3670099232354,0.0070829231047987,0.0018218103685398,0.290509918522004,0.1123447006064727,-0.107250924576936,1.5514982091377654,0.0,0.4574524440163737,0.0020322685219547,0.2869251143751505,0.0,0.1413094425026448,0.1254965151163264,0.4377302873986735,0.0556827769073159,1.7641069155706406,0.007137787419817,69.86368562889133,0.0776935532209206,0.0568520942050015,-25.211787894201425,8838200000.0,10910100000.0,-750500000.0,20685300000.0,6625950000.0,0.0,11193400000.0,80.50259129805954,0.0,279.6224720324451,1.1179764346563263,0.0,0.3218625432563844,0.1285631144902053,1.0574771108850458,2024-09-30,,,,,,,893.9959375,1500841.125
2024-06-30,ASML,EUR,937966,2024-06-30,2024-06-28 20:00:00,2024,Q2,6242800000.0,3030600000.0,3212200000.0,0.5145447556,1100600000,0.0,0.0,277000000.0,0.0,1377600000.0,4408200000.0,0.0,11900000.0,227500000.0,2062100000.0,0.3303165246,1834600000.0,0.2938745435,-11900000.0,1822700000.0,0.2919683475,291600000.0,1577900000.0,0.252755174,4.01,4.01,393200000,393500000,,,15.876907426246186,4.012970498474059,2.348423194303153,0.9801627670396744,12.764242115971516,37.41403865717192,23.99847405900305,37.41403865717192,11.719735503560528,375230760000.0,375025360000.0,59.45097281196527,60.10616390081374,406.35776478232617,973.613803840166,25.506468540975582,25.506468540975582,60.07326199782149,181.8657485088017,406.1353259692441,973.0808510638298,0.0042051456549031,0.0010271012962796,0.3132443308499646,0.1131096438477209,-0.0996071965472091,1.5157913006824817,0.0,0.585208188098105,0.0018343378885035,0.4362126877495405,0.0,0.1762990965592362,0.129476448786235,0.5826294130387698,0.0861792785288652,2.364835164835165,0.0074485807650413,58.12213219247876,0.0626240398282246,0.0444904979416906,-26.946337741607323,8320900000.0,9436200000.0,-1576600000.0,20037900000.0,6275600000.0,0.0,10418400000.0,94.75459729608508,0.0,325.8453771530389,0.9498219882542676,0.0,0.2762046243722829,0.1072584153570069,1.368260427263479,2024-07-17,3.73,bmo,6570270000.0,2025-04-22,2024-06-30,0.0750670241286862,961.3407936507936,1042616.4444444444
2024-03-31,ASML,EUR,937966,2024-03-31,2024-03-30 20:00:00,2024,Q1,5290000000.0,2593400000.0,2696600000.0,0.5097542533,1031900000,0.0,0.0,273300000.0,0.0,1305200000.0,3898600000.0,16700000.0,0.0,214400000.0,1605800000.0,0.3035538752,1391400000.0,0.2630245747,26200000.0,1417600000.0,0.2679773157,224000000.0,1223800000.0,0.231342155,3.11,3.11,393400000,393700000,,,13.446873411286225,3.110828673106253,-0.6403152008134214,-1.717590238942552,13.741992882562275,35.06380274529741,21.59227249618709,35.06380274529741,11.723436705643111,350401380000.0,349912580000.0,71.58060549109332,66.23844612476371,-1391.0336641524416,-518.5753736865473,25.4022647363728,25.4022647363728,66.14604536862004,217.90545522481003,-1389.0932115919015,-517.8519757288738,0.0034925661537063,-0.0019283599853402,0.3343458435128062,0.1181273788118619,-0.3043965624610786,1.5376544153315568,0.0,-0.2058342866481451,0.0016295597922588,0.4665795064553031,0.0,0.1950661625708884,0.1357414721355647,-1.682413656212783,0.0801134215500945,1.976679104477612,0.003742911153119,49.54032061649168,0.0488265748753683,0.0362683705312821,-26.502796136248097,8091000000.0,8494400000.0,-2108800000.0,19575400000.0,6617700000.0,1173650000.0,9703550000.0,101.71531190926277,0.0,342.33245931981185,0.8848225337035427,0.0,0.2629023265244057,0.0887190900457442,1.0772750381291307,2024-04-17,2.82,bmo,5875481349.0,2025-04-22,2024-03-31,0.1028368794326241,887.0173770491803,1234369.245901639
2023-12-31,ASML,EUR,937966,2023-12-31,2023-12-30 19:00:00,2023,Q4,7237000000.0,3519700000.0,3717300000.0,0.5136520658,1041300000,0.0,0.0,284100000.0,0.0,1325400000.0,4845100000.0,5200000.0,0.0,212100000.0,2604000000.0,0.359817604,2391900000.0,0.3305098798,5200000.0,2397100000.0,0.3312284096,385600000.0,2048100000.0,0.2830040072,5.21,5.2,393400000,393800000,,,18.3960345704118,5.206151499745806,8.126588713777325,6.595577020843924,17.81926792069141,34.195221148957806,20.64590747330961,34.195221148957806,12.233604473817996,261335620000.0,259143620000.0,31.899763195156485,36.11104324996545,81.74401626524867,100.719011831811,19.42669114804793,19.42669114804793,35.80815531297498,92.62075842596232,81.05837347513292,99.87421281843756,0.007837048772762,0.0099286121042359,0.357757723528887,0.1204454733153976,-0.7834447264019443,1.4988847720695313,0.0,1.560958937551877,0.0021841645620294,0.2786973292319711,0.0,0.1438855879508083,0.133399236688982,0.1883953706599937,0.0832250932706922,2.83969825553984,0.005748238220257,63.28960255877493,0.0847504519081258,0.059147144441364,-23.59201830198272,8119200000.0,8122100000.0,-2111200000.0,19249300000.0,6818150000.0,1173650000.0,8960550000.0,90.24623462760812,60.0213086342586,244.0077279313578,0.9972715246389592,1.499467473267158,0.3688407771466895,0.1522479260206357,1.5310116929334012,2024-01-24,4.77,bmo,7440656447.0,2025-04-22,2023-12-31,0.0901467505241091,660.3158730158731,942880.984126984
2023-09-30,ASML,EUR,937966,2023-09-30,2023-09-29 20:00:00,2023,Q3,6673000000.0,3211400000.0,3461600000.0,0.5187471902,991400000,0.0,0.0,287800000.0,0.0,1279200000.0,4490600000.0,7100000.0,0.0,176200000.0,2358600000.0,0.3534542185,2182400000.0,0.3270493032,7100000.0,2189500000.0,0.3281132924,343700000.0,1893400000.0,0.2837404466,4.81,4.81,393400000,393700000,,,16.96237925775292,4.812913065582105,2.867564819522115,1.5709201830198272,12.661159125571936,30.49034062023386,16.918403660396542,30.49034062023386,11.4954245043213,219949940000.0,219496740000.0,29.041663145663883,32.96117788101304,194.97379664923324,355.9060517799353,18.336954872487475,18.336954872487475,32.89326240071932,93.06229966929534,194.57205921460863,355.17271844660195,0.0086083224210017,0.0028097302504378,0.3770185662239785,0.120551268210111,-0.1921478843381667,1.3277966829148655,0.0,0.5958064856871237,0.002593317370307,0.3012569979930284,0.0,0.1485688595833957,0.1423274287923014,0.4521762255119227,0.0764423797392477,2.895005675368899,0.0062190918627304,57.46142681631198,0.0867673331917752,0.0588482111498929,-29.394572953736656,5346200000.0,6655700000.0,-3862900000.0,16079000000.0,6390800000.0,1393450000.0,8056450000.0,86.04151056496327,0.0,234.8088061281684,1.046006740340152,0.0,0.3832905651369577,0.157850419761732,1.2966446365022877,2023-10-18,4.59,bmo,7192584353.0,2025-04-22,2023-09-30,0.0479302832244008,664.1526984126984,1086441.9047619049
2023-06-30,ASML,EUR,937966,2023-06-30,2023-06-29 20:00:00,2023,Q2,6902300000.0,3358300000.0,3544000000.0,0.5134520377,999900000,0.0,0.0,281100000.0,0.0,1281000000.0,4639300000.0,16700000.0,0.0,181200000.0,2444200000.0,0.3541138461,2263000000.0,0.3278617273,16700000.0,2279700000.0,0.3302812106,403900000.0,1941700000.0,0.2813120264,4.93,4.93,393800000,394000000,,,17.527425088877603,4.930675469781615,0.9768918232605384,-0.4055358049771457,16.115794819705435,26.92965972574911,13.357287963433215,26.92965972574911,11.472320975114272,261089400000.0,259265900000.0,33.61608384405418,37.8264346667053,678.6831297114635,-1634.874139010645,24.619694669445256,24.619694669445256,37.56224736681976,106.07393012028476,673.9430725240447,-1623.4558547276142,0.0074369162440145,-0.0006116678808101,0.4260106177333119,0.1223391147758506,-0.7460518779150642,1.3368627755262827,0.0,0.1981253540711747,0.0025508503983692,0.3429984034608848,0.0,0.1448647552265187,0.1447337422316097,1.4151286716922278,0.0788722599713139,3.004415011037528,0.0048389667212378,54.65877590958869,0.0922990145663268,0.0614779142405734,-28.71616302691722,5643900000.0,5260100000.0,-3925400000.0,16022300000.0,5721200000.0,1393450000.0,7563200000.0,83.47782623183576,74.68689515528689,207.27630050918617,1.0781306133924806,1.2050306792493453,0.4342030409598676,0.1830946072098747,1.3824276282376842,2023-07-19,4.54,bmo,7403193242.0,2025-04-22,2023-06-30,0.0859030837004404,679.868064516129,968945.4032258064
2023-04-02,ASML,EUR,937966,2023-04-02,2023-04-02 00:00:00,2023,Q1,6746200000.0,3333000000.0,3413200000.0,0.505944087,947900000,0.0,0.0,260300000.0,0.0,1208200000.0,4541200000.0,0.0,0.0,170300000.0,2375300000.0,0.3520945125,2205000000.0,0.3268506715,53400000.0,2258400000.0,0.3347662388,302600000.0,1955800000.0,0.2899113575,4.95,4.95,395111111,394800000,,,17.074184481741895,4.950000001392014,1.8566929139079564,0.510236220615927,16.837036000235386,24.768475822488323,11.179133861411454,24.768475822488323,10.05489314118529,244060133264.7,241385233264.7,31.19696968819665,36.17742332938544,332.6882950718376,1210.6157404002977,24.93895887768615,24.93895887768615,35.78091863044381,101.62305109447227,329.04203007729006,1197.3473872256943,0.0080135988366391,0.0008260259359169,0.4059552639914983,0.1130318997598698,-1.1261314360291332,1.242664369530665,0.0,0.3750894774516822,0.002217076557166,0.2766642806012884,0.0,0.140508730841066,0.1527643423733057,0.7251908396946565,0.0788592096291245,3.1238990017615973,0.0027126382259642,52.52227142370552,0.1049234866112574,0.0656786989183398,-28.428901864012627,4112700001.0,4417000000.0,-4300500000.0,14127000001.0,6043650000.0,1282600000.0,7295850000.0,67.24185467374225,0.0,199.6039603960396,1.3384520762653016,0.0,0.4508928571428571,0.1998508118492178,1.3464566932920294,2023-04-19,4.45,bmo,6835290344.0,2025-04-22,2023-04-02,0.193258426966292,642.1245161290323,1018185.2741935484
2022-12-31,ASML,EUR,937966,2022-12-31,2022-12-30 19:00:00,2022,Q4,6430200000.0,3119300000.0,3310900000.0,0.5148984479,906300000,0.0,0.0,280400000.0,0.0,1186700000.0,4306000000.0,3100000.0,19300000.0,183200000.0,2307400000.0,0.3588379833,2124200000.0,0.3303474231,-3100000.0,2121100000.0,0.329865323,357300000.0,1816500000.0,0.2824951012,4.6,4.6,394900000,395200000,,,16.283109648012154,4.599898708533806,13.548999746771337,12.369207394277032,18.67814636616865,28.579387186629525,8.516586477589263,28.579387186629525,10.837427196758671,198950620000.0,195942720000.0,27.38103770988164,30.940036079748687,37.18355667694608,40.73017647299677,17.628089668615985,17.628089668615985,30.47225902771298,84.32721638836288,36.62138491729745,40.11438398231176,0.0091304063289674,0.024551820949339,0.3774942406521354,0.1097305929016638,-1.2944999139266655,1.2694988346300655,110.06217616580312,2.945499587118084,0.0027197703631182,0.2978805394990366,0.0,0.1409442941121582,0.2040591356307629,0.0870759742080179,0.0724549780722217,2.543122270742358,0.0032658393207054,54.38659246299089,0.080990839078646,0.05878032048461,-28.561407951380097,4787000000.0,3363200000.0,-4990400000.0,16846700000.0,7434550000.0,1282600000.0,7041850000.0,98.6330129700476,74.0127592729138,207.73025999422947,0.9124733929331632,1.2160065491969436,0.4332541633679181,0.1609516214779372,1.1797923524943024,2023-01-25,4.45,bmo,6776715491.0,2025-04-22,2022-12-31,0.0561797752808988,523.8028571428572,1374035.8095238097
2022-10-02,ASML,EUR,937966,2022-10-02,2022-10-01 20:00:00,2022,Q3,5778300000.0,2784600000.0,2993700000.0,0.5180935569,819400000,0.0,0.0,235800000.0,0.0,1025100000.0,3809700000.0,15100000.0,15100000.0,137900000.0,2076400000.0,0.3593444439,1938500000.0,0.3354792932,15000000.0,1953500000.0,0.3380752124,252000000.0,1701500000.0,0.2944637696,4.29,4.29,396620046,396600000,,,14.568855150604264,4.290000006706671,2.9486658876541,2.049568619131268,8.47864356306388,20.057231297885533,6.377388196863857,20.057231297885533,8.870454318892394,175028426299.80002,175378726299.80002,25.716783176579487,30.29064366678781,149.6609032063275,215.31360105769468,22.00203973549044,22.00203973549044,30.35126703352197,84.46288109217878,149.9604329198803,215.7445273708944,0.0097212780573457,0.0046443884412673,0.4403590149715277,0.106790433947597,0.168705451743402,1.2589765518297742,128.3774834437086,0.6873347046723479,0.0031052098878444,0.3194240376138701,0.0,0.1418064136510738,0.1654000335330071,0.3049166310389055,0.061713652804458,2.5859318346627997,0.003893878822491,44.00027561339859,0.0983093935982371,0.0621488943596636,-30.701990791458886,4057800000.0,2529400000.0,-5122000000.0,13252100000.0,7680150000.0,1081250000.0,6625550000.0,121.83323814962878,0.0,222.49515190691665,0.7387146674166783,0.0,0.4045031958163858,0.213887946097472,0.899097268522832,2022-10-19,4.01,bmo,5490245656.0,2025-04-22,2022-10-02,0.0773067331670824,501.02078125,1051520.203125
2022-06-30,ASML,EUR,937966,2022-06-30,2022-07-02 20:00:00,2022,Q2,5430500000.0,2766000000.0,2664500000.0,0.4906546359,789100000,0.0,0.0,222000000.0,0.0,996600000.0,3762600000.0,10800000.0,10800000.0,131500000.0,1784900000.0,0.3286806003,1653400000.0,0.3044655188,3700000.0,1657100000.0,0.3051468557,246200000.0,1425400000.0,0.2624804346,3.51,3.51,401560476,401600000,,,13.523492287124393,3.513543001179229,6.3574483859312885,5.766005716160173,10.961985212907258,19.04719328004781,5.4709069525059535,19.04719328004781,10.947541560340216,183051342984.6,183340142984.6,32.43520855209441,33.708009020274375,71.7032954618669,79.05819425783882,23.932659961901525,23.932659961901525,33.76119012698646,102.71731916891704,71.81642171044695,79.18292432607757,0.0077076735794213,0.0126489102032689,0.5733467562691211,0.137415942292386,0.1618017816124152,1.355147912823666,153.09259259259258,1.8094124317811329,0.00805948744186,1.045644623998866,0.0,0.1453089034158917,0.1708322104748594,0.0930314544243801,0.0437344627566522,1.806083650190114,0.0025596169781788,38.80425858623576,0.0813622247122537,0.0533201818532249,-27.45514227351399,5198300000.0,2196900000.0,-4428700000.0,14196100000.0,6741350000.0,1081250000.0,6220300000.0,124.93103765767424,70.36334056399133,207.17245119305852,0.7203974423602452,1.2790751445086703,0.4344206938794742,0.1844651308736239,0.5914426697711156,2022-07-20,3.81,bmo,5541778680.0,2025-04-22,2022-06-30,-0.010498687664042,558.1780645161291,1015074.2903225806
2022-03-31,ASML,EUR,937966,2022-03-31,2022-03-30 20:00:00,2022,Q1,3534400000.0,1803400000.0,1731000000.0,0.489757809,738700000,0.0,0.0,207700000.0,0.0,946400000.0,2749800000.0,0.0,15600000.0,131000000.0,915600000.0,0.2590538705,784600000.0,0.221989588,-15600000.0,769000000.0,0.2175758262,114400000.0,736000000.0,0.2082390222,1.63,1.63,401100000,401500000,,,8.81176763899277,1.7334829219645973,-1.461231613064074,-2.0885066068312144,11.774121166791325,21.965594614809277,8.305659436549488,21.965594614809277,9.891049613562702,244671000000.0,244298600000.0,87.97317704587948,69.22561113626075,-417.4560655178297,-292.0747284230632,27.770702805774995,27.770702805774995,69.12024671797194,266.81804281345563,-416.820679065006,-291.63017786797184,0.0028417752819091,-0.0034237813226741,0.448526741124126,0.1307133548118206,-0.4067278287461773,1.33762341325811,50.29487179487179,-0.8429454911548971,0.0,0.0,0.0,0.2090029425079221,0.1812330063046196,-0.4292782801569698,0.0711860570393843,1.9206106870229007,0.0032537347215934,29.269986685174825,0.0401876931091843,0.0280897514624608,-22.94608576414859,4596000000.0,3331400000.0,-3212600000.0,13411400000.0,5250700000.0,1058150000.0,5626350000.0,151.37081258488004,0.0,303.1024731063547,0.5945664059214399,0.0,0.2969292829505228,0.0789180967946971,0.6272749937671404,2022-04-20,1.89,bmo,3860390204.0,2025-04-22,2022-03-31,0.8994708994708995,669.6840322580646,1256523.9838709678
2021-12-31,ASML,EUR,937966,2021-12-31,2021-12-30 19:00:00,2021,Q4,4985600000.0,2285000000.0,2700600000.0,0.5416800385,680600000,0.0,0.0,202500000.0,213700000.0,883100000.0,3168100000.0,0.0,12200000.0,124200000.0,1941700000.0,0.3894616496,2031200000.0,0.4074133504,-12200000.0,2019000000.0,0.404966303,316000000.0,1843800000.0,0.3698250963,4.39,4.38,404300000,405000000,,,12.331437051694287,4.386346772198862,15.871877318822657,15.152856789512738,18.77393024981449,25.08186989859016,11.459065050704922,25.08186989859016,10.109324758842444,285718810000.0,282842010000.0,40.27839319950378,57.308811376765085,44.52529375097398,46.63807028712273,28.17573023292508,28.17573023292508,56.73178955391528,145.6672039964979,44.07698457223002,46.16848832084619,0.0062068017152948,0.0214417104705147,0.4018499891525156,0.1347954086864476,-1.481588298913323,1.479118555862742,166.49180327868854,3.618472989737228,0.0025521595865529,0.4111875493402503,0.0,0.1365131578947368,0.1821871588766498,0.0453015427769986,0.0583079268292682,2.340579710144928,0.006719351732991,49.75339213645474,0.0929010546451447,0.0717299066063187,-16.059423695275786,5892200000.0,4632900000.0,-1900200000.0,14547400000.0,4843800000.0,1058150000.0,5061700000.0,82.2611120025674,83.35536105032823,203.99474835886213,1.0940771138273826,1.079714596229268,0.441187828236021,0.1748811707394039,0.7190205293099183,2022-01-19,4.26,bmo,5942520000.0,2025-04-22,2021-12-31,0.176056338028169,794.39109375,875783.921875
2021-09-30,ASML,EUR,937966,2021-09-30,2021-09-29 20:00:00,2021,Q3,5241300000.0,2529900000.0,2711400000.0,0.5173144067,609200000,0.0,0.0,182900000.0,213700000.0,792100000.0,3322000000.0,0.0,10500000.0,116200000.0,2035500000.0,0.3883578502,1919300000.0,0.3661877778,-10500000.0,1908800000.0,0.3641844581,270900000.0,1842500000.0,0.3515349245,4.27,4.26,407900000,408600000,,,12.849472910026968,4.266241725913214,4.416768815886247,3.914194655552832,10.923510664378524,28.19906839911743,14.66781073792596,28.19906839911743,10.091443981367982,263462610000.0,263249710000.0,37.84947276175152,50.266653311201416,146.23812722024866,165.01478767380684,22.90501199749617,22.90501199749617,50.22603361761395,129.32926062392534,146.1199544849023,164.88144181385445,0.0066051118221291,0.0060600629440359,0.3569515927110864,0.1504066231958385,-0.1045934659788749,1.7111191146617772,182.7904761904762,1.0352833007700264,0.0,0.0,0.0,0.1162307061225268,0.2021906366766796,0.1137877442273534,0.0391124339381451,1.7641996557659207,0.0064869402629118,52.02730965862447,0.0908118829981912,0.0799041260687096,-12.30638636920814,6515700000.0,5983000000.0,-117300000.0,14926300000.0,5168600000.0,943400000.0,5015250000.0,88.10085284185222,0.0,175.8875844895055,1.021556512756544,0.0,0.5116904655960519,0.1512901655306718,0.5025741603334151,2021-10-20,4.8,bmo,6347800000.0,2025-04-22,2021-09-30,0.0458333333333332,786.0315625,760235.0
2021-06-30,ASML,EUR,937966,2021-06-30,2021-06-29 20:00:00,2021,Q2,4020200000.0,1975600000.0,2044600000.0,0.5085816626,633800000,0.0,0.0,171800000.0,0.0,805600000.0,2781200000.0,0.0,9800000.0,112700000.0,1351700000.0,0.3362270534,1239000000.0,0.3081936222,-9800000.0,1229200000.0,0.3057559325,204200000.0,1051400000.0,0.2615292772,2.52,2.52,411500000,412000000,,,9.76962332928311,2.5229647630619683,8.672904009720535,8.071688942891859,13.057837181044958,29.388335358444717,15.917618469015796,29.388335358444717,11.250789793438638,238423100000.0,237856400000.0,57.412613176651895,59.306278294612206,66.80576648266972,71.7817552310703,19.715305168977864,19.715305168977864,59.16531515844983,175.96833616926833,66.64697806046681,71.61113954538612,0.0043544438437382,0.0139311165738554,0.3820214498937428,0.1660908486275637,-0.4192498335429459,1.912155447161901,126.42857142857144,3.4375842804854555,0.0026805288581517,0.6155846657676748,0.0,0.1576538480672603,0.1992845715518326,0.0693210793241615,0.0615392269041341,2.195208518189885,0.0072135714641062,40.84457157902495,0.0542023136693404,0.0466139554513902,-9.479647630619684,7985100000.0,6550100000.0,1017000000.0,16463400000.0,5290700000.0,943400000.0,4917200000.0,116.55763394855975,85.95464668961328,231.71036647094556,0.772150196869298,1.047063811744753,0.3884159408607435,0.0858491892204774,0.6012150668286755,2021-07-21,2.93,bmo,6347800000.0,2025-04-22,2021-06-30,0.0375426621160409,659.5633333333333,844435.3650793651
2021-03-31,ASML,EUR,937966,2021-03-31,2021-03-30 20:00:00,2021,Q1,4363900000.0,2011500000.0,2352400000.0,0.5390590985,623400000,0.0,0.0,168400000.0,0.0,791800000.0,2803300000.0,0.0,12100000.0,117900000.0,1678500000.0,0.3846330118,1560600000.0,0.357615894,-12100000.0,1548500000.0,0.3548431449,230300000.0,1344600000.0,0.3081188845,3.21,3.2,415300000,415800000,,,10.50782566819167,3.2058752708885145,-2.267517457259812,-2.742595713941729,11.20972790753672,32.81699975921021,19.405730797014208,32.81699975921021,11.158680471947989,214710100000.0,216100500000.0,40.316602824094936,49.201425330552944,-228.0026547732824,-188.5075504828797,15.75403003910807,15.75403003910807,49.520039414285385,128.7462019660411,-229.47913348200063,-189.72827041264267,0.0062009192860512,-0.0053048272996938,0.3400274416864163,0.170257947660983,0.8283586535597259,2.3064147870220904,0.0,-0.7073005858494817,0.0,0.0,0.0,0.1428538692453997,0.2046277008086352,-0.2095147074439843,0.0452118517839547,1.6734520780322306,0.004812209262357,48.6534909316705,0.0653069663695918,0.061499376414615,-6.08999518420419,8983300000.0,8059200000.0,2269800000.0,17419100000.0,4353900000.0,688950000.0,4658750000.0,110.85061527532712,0.0,212.44295302013424,0.8119034772739958,0.0,0.4236431414671132,0.0976894687025365,0.4750782566819166,2021-04-21,3.02,bmo,3150100000.0,2025-04-22,2021-03-31,0.2781456953642384,554.6216393442622,980799.2459016392
2020-12-31,ASML,EUR,937966,2020-12-31,2020-12-30 19:00:00,2020,Q4,4254100000.0,2043000000.0,2211100000.0,0.5197574105,555900000,0.0,0.0,151500000.0,0.0,707400000.0,2750400000.0,0.0,8000000.0,125400000.0,1629100000.0,0.3829482147,1503700000.0,0.3534707694,-8000000.0,1495700000.0,0.3515902306,170200000.0,1375500000.0,0.3233351355,3.23,3.23,417500000,418400000,,,10.189461077844312,3.234730538922156,11.186586826347304,10.455808383233531,17.60862275449102,33.21053892215569,19.610299401197604,33.21053892215569,11.168383233532934,165977125000.0,164590525000.0,30.725124953720844,39.01580240238828,35.53809630866736,38.02192861888072,11.9705976747876,11.9705976747876,38.689858019322536,101.03156650911546,35.24120525008565,37.70428721966417,0.0081366634106959,0.0263006122078569,0.3362903342132214,0.1710027358677395,-0.8511448038794427,2.412357083364882,0.0,3.458018658374056,0.0030221031964495,0.3714179933358015,0.0,0.1306739380832608,0.2082376757593316,0.0653263103802672,0.0717190475071107,2.433014354066985,0.0014574175501281,49.164120560375096,0.0644407526858637,0.0625541356134752,-3.032395209580838,9326500000.0,8187300000.0,2528000000.0,17819800000.0,4044750000.0,688950000.0,4591550000.0,70.51103641193203,60.70044052863436,201.29515418502203,1.276395931471091,1.4826910516002612,0.447104652689631,0.0974007241046057,0.7307784431137725,2021-01-20,3.05,bmo,4003132459.0,2025-04-22,2020-12-31,0.2622950819672132,420.8140625,694791.28125
2020-09-30,ASML,EUR,937966,2020-09-30,2020-09-29 20:00:00,2020,Q3,3958000000.0,2076600000.0,1881400000.0,0.4753410814,534000000,0.0,0.0,131500000.0,0.0,665500000.0,2742100000.0,0.0,8400000.0,122000000.0,1337900000.0,0.3380242547,1215900000.0,0.3072006064,-8400000.0,1207500000.0,0.3050783224,166500000.0,1082000000.0,0.2733703891,2.54,2.53,418400000,419200000,,,9.459847036328872,2.5370458891013383,0.4567399617590822,-0.0728967495219885,10.5348948374761,32.84536328871893,19.517208413001917,32.84536328871893,11.058078393881454,131670480000.0,132765680000.0,31.010475741874707,33.26692268822638,689.0135007849293,-4317.064918032787,9.581261051482628,9.581261051482628,33.54362809499747,99.23438224082516,694.7445316588173,-4352.973114754099,0.0080617918306366,-0.0002316388608896,0.3366709114062216,0.1817000086398517,0.8185963076463114,2.91546614839007,0.0,0.1800282618935468,0.0,0.0,0.0,0.1349166245578575,0.2190006047896196,1.1596023024594453,0.055987872662961,1.8163934426229509,0.0056846892369883,43.30045453483021,0.051202429558209,0.0533768460644947,-3.4388145315487573,9559900000.0,8166000000.0,2829900000.0,17632700000.0,4109900000.0,0.0,4649650000.0,108.15917129863568,0.0,199.958104594048,0.8321069671614179,0.0,0.450094284413811,0.0772421320720393,0.5296367112810707,2020-10-14,2.58,bmo,,2025-04-22,2020-09-30,0.1472868217054263,373.7871875,788085.5625
2020-06-30,ASML,EUR,937966,2020-06-30,2020-06-29 20:00:00,2020,Q2,3325700000.0,1722500000.0,1603200000.0,0.4820639264,566900000,0.0,0.0,131200000.0,0.0,698100000.0,2420600000.0,0.0,7100000.0,125100000.0,1030200000.0,0.3097693719,905100000.0,0.2721532309,-7100000.0,898000000.0,0.270018342,166400000.0,770400000.0,0.2316504796,1.79,1.79,418400000,419000000,,,7.948613766730402,1.7949330783938815,0.8888623326959847,0.3348470363288719,10.61257170172084,30.35325047801147,16.97036328871893,30.35325047801147,11.054015296367114,136774959999.99998,137900860000.0,45.53094540612516,41.12666806988002,367.7734874966389,976.2666666666664,10.76985149372431,10.76985149372431,41.46521333854527,133.85833818675985,370.80091422425386,984.3030692362598,0.0054907711177543,0.0010243102977328,0.3641789634482433,0.1902814519811899,1.0928945835760049,2.9133504631528946,0.0,0.4952063914780293,0.0041294108219808,0.752063914780293,0.0,0.1704603542111435,0.2303701539942648,0.6232858295240656,0.0696996121117358,1.852917665867306,0.0030970923414619,35.01208648016493,0.0374786206343202,0.0401460439307841,-5.319789674952199,8861300000.0,7100400000.0,1886300000.0,16924200000.0,3400200000.0,0.0,4515450000.0,93.72102113840695,0.0,244.8208998548621,0.9602968352968352,0.0,0.3676156735530135,0.0591347895242444,0.5540152963671128,2020-07-15,1.47,bmo,3291764284.0,2025-04-22,2020-06-30,0.3401360544217687,313.8884126984127,770652.8888888889
2020-03-31,ASML,EUR,937966,2020-03-31,2020-03-30 20:00:00,2020,Q1,2440600000.0,1339200000.0,1101400000.0,0.4512824715,544000000,0.0,0.0,130700000.0,0.0,674700000.0,2013900000.0,0.0,11400000.0,117900000.0,545000000.0,0.2233057445,426700000.0,0.1748340572,-11400000.0,415300000.0,0.1701630747,48500000.0,414400000.0,0.1697943129,0.93,0.93,419000000,419700000,,,5.824821002386635,0.932219570405728,-1.4458233890214798,-2.024105011933174,9.813365155131264,29.89307875894988,16.47159904534606,29.89307875894988,9.259188544152744,101586550000.0,102731050000.0,65.01955325140808,41.62359665655986,-167.68991416309012,-119.78133474826082,8.110573084661322,8.110573084661322,42.09253871998689,188.6357877341168,-169.57915153516012,-121.13082183704752,0.0038449971969714,-0.0083485461411968,0.3088333918819659,0.1661769254562326,2.101542416452442,2.7152050284346005,37.42982456140351,-1.55094726062468,0.0,0.0,0.0,0.2228960091780709,0.2415884799120184,-0.3999669858038956,0.0992788658526591,2.048182586644125,0.0086044415307711,25.04007874133764,0.020261538760242,0.0221252973830293,-4.689856801909308,8022700000.0,6901600000.0,1947700000.0,16009700000.0,2959750000.0,531100000.0,4077250000.0,123.06318118495452,0.0,292.0228494623656,0.7313316552798753,0.0,0.3081950613306331,0.0311851307763548,0.5782816229116945,2020-04-15,1.35,bmo,3019112592.0,2025-04-22,2020-03-31,-0.237037037037037,284.5185483870968,1135079.4838709678
2019-12-31,ASML,EUR,937966,2019-12-31,2019-12-30 19:00:00,2019,Q4,4036400000.0,2096300000.0,1940100000.0,0.4806510752,516100000,0.0,0.0,147600000.0,0.0,663700000.0,2760000000.0,0.0,4800000.0,122900000.0,1399300000.0,0.3466703003,1276500000.0,0.3162471509,-4800000.0,1271700000.0,0.3150579725,124500000.0,1121000000.0,0.2777227232,2.7,2.69,420100000,421100000,,,9.6081885265413,2.69959533444418,8.541537729112116,7.791240180909307,11.230897405379672,33.0323732444656,16.174244227564866,33.0323732444656,7.398952630326113,110780370000.0,110356370000.0,24.42032669076801,27.44533990684769,30.872661148733386,33.845702850508694,7.983077632612471,7.983077632612471,27.34029580814587,78.86541127706711,30.754499345093777,33.716162048211174,0.0102373732819271,0.0295458482400808,0.2239909489871657,0.1293233645793027,-0.3030086471807332,2.550414349928634,0.0,3.164006701349088,0.0039835577368084,0.3891191252975928,0.0,0.1278614607075612,0.294656564774018,0.0878410389320848,0.0780893865821028,2.564686737184703,0.0072341690615399,44.79303423154662,0.0593676251429915,0.0668967144458207,-3.8057010235658177,7277800000.0,6794800000.0,1813700000.0,16683100000.0,2947650000.0,531100000.0,3852100000.0,57.57779209196314,45.60320564804656,163.5395697180747,1.5631026604190064,1.973545471662587,0.550325527669852,0.0817257456636568,0.7502975482028088,2020-01-22,2.67,bmo,3567754307.0,2025-04-22,2019-12-31,0.1161048689138577,270.13265625,628967.296875
2019-09-30,ASML,EUR,937966,2019-09-30,2019-09-29 20:00:00,2019,Q3,2986500000.0,1680100000.0,1306400000.0,0.4374351247,492300000,0.0,0.0,128500000.0,0.0,620800000.0,2300900000.0,0.0,5400000.0,112400000.0,798000000.0,0.2672024108,685600000.0,0.2295663821,-5400000.0,680200000.0,0.2277582454,65000000.0,638400000.0,0.2137619287,1.49,1.49,420900000,421700000,,,7.095509622238061,1.4891898313138512,0.1648847707293894,-0.303159895462105,4.917795200760276,28.679258731290098,15.222618199097171,28.679258731290098,7.531480161558565,95649525000.0,97233425000.0,38.14993817804723,32.027297840281264,1378.2352305475506,-749.6044278996865,7.923844968561274,7.923844968561274,32.557651096601376,121.84639724310776,1401.0579971181555,-762.0174373040752,0.0065530905668376,-0.0013340369437276,0.2626106982793614,0.1531460153049393,1.9848370927318293,2.718949494949495,0.0,0.1107211231652839,0.0,0.0,0.0,0.1648417880462079,0.2736289325191312,2.838616714697406,0.0659635024275908,1.7526690391459074,0.0060271220492214,30.999183225139404,0.0365040870387645,0.0416885595897654,-5.050962223806129,6381600000.0,6407200000.0,1466000000.0,14169100000.0,3041050000.0,647500000.0,3904550000.0,99.8392767453541,0.0,208.64829474436047,0.9014488379112586,0.0,0.4313478818998716,0.0519256737165627,0.4680446661914944,2019-10-16,1.62,bmo,2912759259.0,2025-04-22,2019-09-30,0.0246913580246912,225.32703125,604307.5625
2019-06-30,ASML,EUR,937966,2019-06-30,2019-06-29 20:00:00,2019,Q2,2567900000.0,1462700000.0,1105200000.0,0.4303905915,487400000,0.0,0.0,123500000.0,0.0,610900000.0,2073600000.0,0.0,6900000.0,108400000.0,602700000.0,0.2347054013,494300000.0,0.1924919195,-6900000.0,487400000.0,0.1898048989,19100000.0,483700000.0,0.1883640329,1.13,1.13,421100000,421800000,,,6.09807646639753,1.1303728330562812,0.2362859178342436,-0.0961766801234861,5.5440512942294,27.417003087152697,13.924008549038232,27.417003087152697,7.438613156019947,79739496000.0,81210796000.0,41.87998739495799,31.052414813660967,801.4019698492463,-1968.8764444444444,6.9066629710791405,6.9066629710791405,31.62537326219868,134.74497428239587,816.188904522613,-2005.204839506173,0.0059694382818772,-0.0005079038874286,0.27131386798091,0.1563549783117615,2.4411813505890163,2.679837508463101,0.0,0.2090336134453781,0.0110911160010341,1.857983193277311,0.0,0.1898048989446629,0.283614273805899,1.407035175879397,0.054519256980412,1.2915129151291511,0.0048677908018225,26.40657678883418,0.0290629692727086,0.0331661092530657,-5.03473046782237,6202800000.0,5863400000.0,1406700000.0,13765300000.0,2684900000.0,647500000.0,3839450000.0,97.05167646715216,79.68141108908183,240.8347576399809,0.9273410133256292,1.1294980694980694,0.3737002120538565,0.041228898339584,0.3324625979577297,2019-07-17,1.13,bmo,2249753097.0,2025-04-22,2019-06-30,0.1238938053097346,198.80650793650796,610218.1746031746
2019-03-31,ASML,EUR,937966,2019-03-31,2019-03-30 20:00:00,2019,Q1,2229100000.0,1301100000.0,928000000.0,0.4163115159,472700000,0.0,0.0,121000000.0,0.0,593700000.0,1894800000.0,0.0,7900000.0,104800000.0,439100000.0,0.1969853304,334300000.0,0.1499708402,-7900000.0,326400000.0,0.146426809,-17000000.0,367400000.0,0.1648198825,0.84,0.84,421100000,422500000,,,5.293516979339825,0.8439800522441225,-1.141771550700546,-1.6967466160056994,7.777487532652577,28.415340774162907,14.880313464735217,28.415340774162907,7.338874376632629,71797550000.0,72627050000.0,50.50474817107485,32.20920999506527,-149.329346921797,-100.48642407277816,6.0002799669054045,6.0002799669054045,32.58133327351846,165.39979503529946,-151.05459650582364,-101.64737578726384,0.0049500296319303,-0.0099515930557519,0.2576113390775299,0.151395341984028,1.8890913231610111,2.7938030742771147,42.31645569620253,-1.3528418683173888,0.0,0.0,0.0,0.2120586783903817,0.2799328114102727,-0.4860648918469218,0.1048405185949486,2.229961832061069,0.0066843120541922,23.22917492723391,0.0211372680705634,0.0242411840938544,-3.055984326763239,6675100000.0,6266100000.0,2001400000.0,14144600000.0,2402950000.0,482000000.0,3602150000.0,105.00336458660446,0.0,260.4196449158405,0.8571153920098435,0.0,0.34559604759881,0.0297015636360597,0.5549750653051532,2019-04-17,0.54,bmo,2837156272.0,2025-04-22,2019-03-31,1.648148148148148,176.9983606557377,783826.6393442623
2018-12-31,ASML,EUR,937966,2018-12-31,2018-12-30 19:00:00,2018,Q4,3142500000.0,1749600000.0,1392900000.0,0.4432458234,442400000,0.0,0.0,134600000.0,0.0,577000000.0,2326600000.0,0.0,7500000.0,110400000.0,926300000.0,0.2947653142,815900000.0,0.2596340493,-7500000.0,808400000.0,0.2572474145,40100000.0,806700000.0,0.2567064439,1.87,1.86,422200000,423600000,,,7.443154902889626,1.8652297489341545,3.899573661771672,3.415206063477025,9.555660824253907,30.65466603505448,13.706774040738988,30.65466603505448,7.168403600189484,57908952000.0,57814352000.0,18.383794285714284,18.42766968973747,35.17307580174927,40.161559054025936,4.474359624180987,4.474359624180987,18.39756626889419,62.41428478894527,35.11561710398445,40.095951175532285,0.0135989337192633,0.0248994317838803,0.2338438002225244,0.1396251136054327,-0.1021267407967181,2.7507318230966007,0.0,2.0906666666666665,0.0,0.0,0.0,0.1407796340493237,0.3301085537394064,0.1242103984450923,0.0650755767700875,1.852355072463768,0.0026412092283214,35.86788101108097,0.0432467927936126,0.0542336696394752,-3.139388915206064,6638600000.0,5787000000.0,1697000000.0,15521100000.0,2557750000.0,482000000.0,3421100000.0,63.15608591885442,49.58847736625514,176.929012345679,1.4250408126247052,1.8149377593361,0.508678587003925,0.060846519965385,0.4843675982946471,2019-01-23,2.11,bmo,3023353080.0,2025-04-22,2018-12-31,0.037914691943128,169.59984126984128,1155443.253968254
2018-09-30,ASML,EUR,937966,2018-09-30,2018-09-29 20:00:00,2018,Q3,2776100000.0,1440200000.0,1335900000.0,0.4812146537,396300000,0.0,0.0,121800000.0,0.0,518100000.0,1958300000.0,0.0,8100000.0,110000000.0,927800000.0,0.3342098628,817800000.0,0.2945859299,-8100000.0,809700000.0,0.2916681676,129600000.0,680700000.0,0.2452001009,1.6,1.6,424300000,425900000,,,6.542776337497054,1.6035823709639403,1.160028281876031,0.8435069526278577,6.9467358001414095,26.28800377091681,12.97218948856941,26.28800377091681,7.037237803440962,69967070000.0,70749770000.0,25.70806510875956,25.203368034292712,142.15170662332386,195.49335009779267,6.272823202438587,6.272823202438587,25.485310327437773,76.25541064884673,143.74191385615603,197.68027381950264,0.0097245747177922,0.0051152635089621,0.2676976869284561,0.1534567469780445,0.8436085363224833,2.795493640901272,0.0,0.7233980011757789,0.0,0.0,0.0,0.1427542235510248,0.2903698297837349,0.2728565623730191,0.0483772198407838,1.220909090909091,0.005979611685458,30.79751673162473,0.0431702554644223,0.0492768527705555,-3.4693023803912326,6367000000.0,5504100000.0,1609500000.0,13718800000.0,2613200000.0,514400000.0,3310100000.0,94.35070782752784,0.0,212.63921677544784,0.9538879153351888,0.0,0.423252123313839,0.0610005379236148,0.3165213292481734,2018-10-17,1.81,bmo,2699412154.0,2025-04-22,2018-09-30,0.0276243093922652,200.5168253968254,915691.3174603176
2018-06-30,ASML,EUR,937966,2018-06-30,2018-06-29 20:00:00,2018,Q2,2740400000.0,1553500000.0,1186900000.0,0.4331119545,380100000,0.0,0.0,117400000.0,0.0,497500000.0,2051000000.0,0.0,2200000.0,99700000.0,789100000.0,0.2879506641,689400000.0,0.251569114,-2200000.0,687200000.0,0.2507663115,107500000.0,588300000.0,0.2146766895,1.37,1.37,426000000,427600000,,,6.432863849765258,1.3708920187793427,1.781924882629108,1.4640845070422537,6.995305164319249,25.404225352112675,12.091079812206573,25.404225352112675,7.060328638497652,72292200000.0,72974200000.0,30.94700342465753,26.380163479783977,95.23409300487418,115.9086099086099,6.679991129345234,6.679991129345234,26.62903225806452,92.47775947281713,96.13252535897772,117.00208433541766,0.0080783265691181,0.0086274867828064,0.2779194618469442,0.1605065425747646,0.8642757571917374,2.7254495977283484,0.0,1.2998287671232878,0.0082595356068842,1.022431506849315,0.0,0.1387023792147131,0.3026554528571733,0.1783691213278883,0.0494088454240256,1.358074222668004,0.0033571741351627,27.992769066597717,0.0378666395250278,0.0446913693619235,-3.7342136150234735,5833400000.0,5150800000.0,1297600000.0,13216800000.0,2236100000.0,1004150000.0,3224500000.0,76.06517296745001,59.60218860637271,186.40167364016736,1.183195889642071,1.5100116640746502,0.4828282828282828,0.0539631498216628,0.3178403755868544,2018-07-18,1.41,bmo,2335129577.0,2025-04-22,2018-06-30,0.1560283687943262,200.79796875,818669.484375
2018-03-31,ASML,EUR,937966,2018-03-31,2018-03-30 20:00:00,2018,Q1,2285000000.0,1171500000.0,1113500000.0,0.4873085339,357100000,0.0,0.0,114200000.0,0.0,471300000.0,1642800000.0,0.0,10500000.0,102600000.0,744800000.0,0.32595186,642200000.0,0.2810503282,-10500000.0,631700000.0,0.2764551422,74400000.0,522100000.0,0.2284901532,1.26,1.26,427200000,428900000,,,5.34878277153558,1.2633426966292134,0.4470973782771535,0.1303838951310861,7.47682584269663,25.89349250936329,12.579588014981274,25.89349250936329,6.972378277153558,68416080000.0,68929880000.0,31.691717620900505,29.94139168490153,358.1993717277487,1228.2958707360865,6.184951680121501,6.184951680121501,30.166249452954048,92.54817400644468,360.88942408376965,1237.5202872531418,0.0078884963885683,0.000814136091983,0.2692714501387671,0.1597601398826444,0.6898496240601504,2.9412872741204263,0.0,0.3539003149898092,0.0,0.0,0.0,0.1562800875273522,0.305065382263653,0.7083769633507854,0.0592122538293216,1.3187134502923976,0.0053391684901531,27.129835599729788,0.0364656615558489,0.0416547678771273,-2.70499765917603,6080500000.0,5374000000.0,1630200000.0,13451700000.0,2180100000.0,908400000.0,3094950000.0,84.92297592997812,75.24967989756722,248.25864276568504,1.0597838690227726,1.196018376722818,0.362525143122389,0.0487899689921079,0.3167134831460674,2018-04-18,1.13,bmo,2153561946.0,2025-04-22,2018-03-31,0.3716814159292037,196.9009836065574,1052668.9180327868
2017-12-31,ASML,EUR,937966,2017-12-31,2017-12-30 19:00:00,2017,Q4,2560400000.0,1404300000.0,1156100000.0,0.4515310108,317400000,0.0,0.0,112700000.0,24000000.0,430100000.0,1834400000.0,0.0,12900000.0,102300000.0,828300000.0,0.32350414,750000000.0,0.2929229808,11100000.0,737100000.0,0.2878847055,77400000.0,643000000.0,0.2511326355,1.5,1.49,428400000,430300000,,,5.976657329598506,1.5009337068160598,2.419934640522876,2.0578898225957047,7.67577030812325,24.92110177404295,11.59920634920635,24.92110177404295,7.003034547152194,62546400000.0,63287500000.0,24.31819595645412,24.42837056709889,60.33220796758947,70.94646098003629,5.858488975478167,5.858488975478167,24.71781752851117,76.40649523119643,61.0470724414006,71.78709165154265,0.0102803678549045,0.0140951357712034,0.2810082238998895,0.1648732716361478,0.8947241337679585,2.695173404350818,0.0,1.6122861586314152,0.0,0.0,0.0,0.1239650054678956,0.3136389615528346,0.1496093373203434,0.0605764724261834,1.5161290322580645,0.0057412904233713,29.01052804469832,0.0451114888905973,0.0514840703642317,-2.5668183940242764,5665100000.0,4969100000.0,1486800000.0,12973000000.0,2040050000.0,836500000.0,2978450000.0,77.47578503358851,53.66161076693014,189.6005127109592,1.161653282518942,1.6771766391974203,0.4746822606814494,0.0602274217418182,0.3620448179271708,2018-01-17,1.3,bmo,2481618460.0,2025-04-22,2017-12-31,0.3538461538461538,176.4253968253968,862815.0158730159
2017-09-30,ASML,EUR,937966,2017-09-30,2017-09-29 20:00:00,2017,Q3,2447400000.0,1397900000.0,1049500000.0,0.4288224238,314500000,0.0,0.0,103300000.0,23900000.0,417800000.0,1815700000.0,0.0,12500000.0,101200000.0,732900000.0,0.2994606521,655600000.0,0.2678761134,-12500000.0,643100000.0,0.2627686524,86000000.0,557100000.0,0.2276293209,1.3,1.29,430100000,432000000,,,5.690304580330156,1.2952801674029295,0.9300162752848176,0.7026272959776796,6.225528946756568,24.05673099279237,10.674261799581492,24.05673099279237,6.967449430365031,61955905000.00001,62875005000.00001,27.802865284509068,25.314989376481165,154.88976250000002,205.01623097286569,5.987929118181467,5.987929118181467,25.690530767344946,85.78933688088416,157.18751250000005,208.05759430840504,0.0089918789823181,0.0048776625892237,0.2896257780183245,0.1712752337623739,1.2540592168099332,2.7886154259969067,0.0,0.7180039490217196,0.0,0.0,0.0,0.1285037182315927,0.3289705310806795,0.2445,0.0399607746996812,0.966403162055336,0.0060472337991337,26.478380753343007,0.0391076014149102,0.0474507265386777,-3.640432457568008,5319700000.0,4591000000.0,1144300000.0,12627500000.0,1773400000.0,909011000.0,3067700000.0,68.98749693552341,53.80427784533944,193.05028972029476,1.304584221748401,1.6727294483666388,0.4661997665499416,0.0538427339853867,0.2273889793071378,2017-10-18,1.29,bmo,2011041860.0,2025-04-22,2017-09-30,0.1782945736434108,153.18253968253967,817299.5873015873
2017-06-30,ASML,EUR,937966,2017-06-30,2017-06-29 20:00:00,2017,Q2,2101400000.0,1154900000.0,946500000.0,0.4504140097,312700000,0.0,0.0,102000000.0,24000000.0,414700000.0,1569600000.0,0.0,10800000.0,103900000.0,635700000.0,0.3025126106,555800000.0,0.2644903398,-10800000.0,545000000.0,0.2593509089,78700000.0,466300000.0,0.2218996859,1.08,1.08,430400000,432400000,,,4.882434944237918,1.083410780669145,1.2321096654275092,1.0896840148698883,5.841542750929368,23.309944237918216,9.656830855018589,23.309944237918216,6.959804832713755,49108640000.0,50189940000.0,26.328886982629204,23.369487008660897,92.60539317367528,104.70925373134328,4.894906604469429,4.894906604469429,23.884048729418485,78.95224162340726,94.6444276824439,107.0147974413646,0.0094952741513509,0.0095502542933381,0.2985766401531008,0.1734299824572576,1.7009595721252162,2.57328,0.0,1.1372506969761955,0.0105215701351126,1.108084923868754,0.0,0.1488055581992957,0.3402191974340121,0.1155949462568357,0.0291710288379175,0.5899903753609239,0.0048063195964595,23.83737632151528,0.0336139873448955,0.0409185840397339,-4.423210966542751,4916500000.0,4156300000.0,802000000.0,12360100000.0,1509750000.0,873811000.0,3066300000.0,71.55800894641668,76.55119923802927,244.45493116287125,1.25772085228633,1.175683737104534,0.3681660237814402,0.0464784801546956,0.1424256505576208,2017-07-19,1.03,bmo,1795370873.0,2025-04-22,2017-06-30,0.1456310679611649,132.39761904761903,847748.0793650794
2017-03-31,ASML,EUR,937966,2017-03-31,2017-03-30 20:00:00,2017,Q1,1943600000.0,1019000000.0,924600000.0,0.4757151677,315100000,0.0,0.0,98600000.0,23900000.0,413700000.0,1432700000.0,0.0,14100000.0,110100000.0,621000000.0,0.3195101873,534800000.0,0.2751594978,9800000.0,520700000.0,0.2679049187,68600000.0,452100000.0,0.2326095905,1.05,1.05,430100000,432300000,,,4.518949081608928,1.051150895140665,-0.3915368518949081,-0.4933736340385957,8.917926063706116,23.81539176935596,9.717275052313417,23.81539176935596,7.068821204371076,53504440000.0,53634140000.0,29.58661800486618,27.5285243877341,-317.7223277909739,-252.1415645617342,5.223512642780436,5.223512642780436,27.595256225560817,86.36737520128824,-318.49251781472685,-252.75278039585297,0.0084497660381082,-0.0039660259970948,0.2968173386703114,0.1754883173254525,0.2088566827697262,3.049871322250817,0.0,-0.3724839637248396,0.0,0.0,0.0,0.1621218357686766,0.3499953823420761,-0.2600950118764845,0.0225355011319201,0.3978201634877384,0.0069458736365507,23.733000936899938,0.0321357554812396,0.0401466983980392,-1.7131481050918391,5894200000.0,4179400000.0,1687800000.0,13580200000.0,1284750000.0,679250000.0,2888300000.0,62.4526651574398,67.59273797841021,264.585868498528,1.4410914213687254,1.3315039853652162,0.3401542210501719,0.0441374597285951,0.1018367821436875,2017-04-19,1.01,bmo,1731920792.0,2025-04-22,2017-03-31,0.108910891089109,122.98306451612903,1027700.7741935484
2016-12-31,ASML,EUR,937966,2016-12-31,2016-12-30 19:00:00,2016,Q4,1907400000.0,1006800000.0,900600000.0,0.4721610569,287400000,0.0,0.0,106800000.0,23500000.0,394200000.0,1401000000.0,0.0,74800000.0,103100000.0,707800000.0,0.3710810527,529900000.0,0.2778127294,74800000.0,604700000.0,0.3170284156,80500000.0,524200000.0,0.2748243682,1.23,1.22,427100000,429200000,,,4.465933036759541,1.2273472254741278,2.7939592601264343,2.567314446265512,9.49871224537579,22.993210021072347,8.483961601498478,22.993210021072347,7.192226644813861,45550215000.0,45715115000.0,21.723681323922168,23.88078798364265,38.17163747590715,41.54146374829001,4.638325831941673,4.638325831941673,23.96724074656601,75.00429040196883,38.30982569345512,41.69185134518924,0.0115081783916936,0.0240723342359635,0.3127978493747709,0.1785317827024451,0.2705496308449548,2.608486252514784,0.0,2.276421213277375,0.0,0.0,0.0,0.1506763133060711,0.3601613400054632,0.0811195843459314,0.0507497116493656,0.938894277400582,0.0062912865681031,25.19850554680592,0.0324148741784626,0.047615587246798,-2.394169983610396,5276800000.0,3623500000.0,1171900000.0,13160900000.0,1443100000.0,612250000.0,2738900000.0,57.60301981755269,53.02741358760429,248.5905840286055,1.5624180865006554,1.6972353337828725,0.3620410658419936,0.0533786811127856,0.2266448138609225,2017-01-18,1.01,bmo,1897957425.0,2025-04-22,2016-12-31,0.3366336633663367,104.74079365079363,718772.7777777778
2016-09-30,ASML,EUR,937966,2016-09-30,2016-09-29 20:00:00,2016,Q3,1814600000.0,980200000.0,834400000.0,0.4598258569,273400000,0.0,0.0,88800000.0,23400000.0,362200000.0,1342400000.0,0.0,33900000.0,87700000.0,559900000.0,0.3085528491,495600000.0,0.2731180425,-33900000.0,461700000.0,0.2544362394,65800000.0,395900000.0,0.2181748044,0.93,0.93,423800000,425800000,,,4.281736668239736,0.9341670599339312,-0.0063709296838131,-0.1689476168003775,10.17697026899481,20.087777253421425,12.383671543180746,20.087777253421425,5.640868334119868,41401022000.0,40878622000.0,26.143610760293,22.815508652044528,-15333.711851851853,-578.2265642458101,4.863156274961237,4.863156274961237,22.527621514383338,73.01057688873013,-15140.230370370373,-570.9304748603352,0.0095625658709584,-0.0017294259064425,0.2808109758962552,0.1615030198213779,-0.9330237542418288,2.816362080557423,0.0,-0.0068199040161656,8.453897587359075e-07,8.840616317251831e-05,0.0,0.150666813622837,0.2205753198848819,-25.51851851851852,0.0379698005069987,0.7856328392246295,0.0063925934090157,20.54799615272299,0.0368576479585137,0.0343150851159726,1.466493629070316,5943500000.0,5248200000.0,2926700000.0,10795900000.0,1549900000.0,682764500.0,2706100000.0,82.60002204342554,57.96470108141195,247.6239542950418,1.089588086946079,1.552669095517187,0.3634543364603804,0.0465042522200817,0.1625766871165644,2016-10-19,1.05,bmo,1831881904.0,2025-04-22,2016-09-30,-0.0095238095238095,105.8809375,773004.15625
2016-06-30,ASML,EUR,937966,2016-06-30,2016-06-29 20:00:00,2016,Q2,1739600000.0,998200000.0,741400000.0,0.4261899287,270300000,0.0,0.0,90400000.0,23500000.0,360700000.0,1358900000.0,0.0,0.0,84100000.0,464800000.0,0.2671878593,404200000.0,0.2323522649,-3600000.0,400600000.0,0.2302828236,46800000.0,353800000.0,0.2033800874,0.83,0.83,424500000,426500000,,,4.097997644287397,0.8334511189634864,1.1333333333333333,0.8972909305064782,6.893050647820965,19.197173144876324,11.382803297997643,19.197173144876324,2.1246171967020024,37521555000.0,36497355000.0,26.51325254381006,21.56907047597149,77.99117647058824,98.50762667366764,4.604323737299367,4.604323737299367,20.98031444010117,78.5227086919105,75.86230513406777,95.8187319506432,0.009429246735643,0.010151498252138,0.1106734403377018,0.067794189499004,-2.203528399311532,2.037714039945163,0.0,1.359807801017524,0.011883835837827,1.2603165630299604,0.0,0.1553805472522419,0.2493479159619649,0.2082727083766368,0.0575994481489997,1.1914387633769323,0.0062658082317774,18.973609892874677,0.0372497684385207,0.0354285370958212,0.483510011778563,3860400000.0,4832000000.0,2426200000.0,8786500000.0,1317050000.0,689364500.0,2732650000.0,74.2101632559209,66.19976958525345,244.81767180925664,1.2127718906860012,1.3595213482442126,0.3676205207527713,0.0434153045697737,0.2360424028268551,2016-07-20,0.87,bmo,1599632183.0,2025-04-22,2016-06-30,0.0804597701149424,97.2965625,743254.28125
2016-03-31,ASML,EUR,937966,2016-03-31,2016-03-30 20:00:00,2016,Q1,1333200000.0,765100000.0,568100000.0,0.4261176118,274700000,0.0,0.0,88800000.0,23400000.0,363500000.0,1128600000.0,0.0,0.0,82000000.0,286600000.0,0.2149714971,228000000.0,0.1710171017,-3600000.0,224400000.0,0.1683168317,26400000.0,198000000.0,0.1485148515,0.46,0.46,427000000,429100000,,,3.122248243559719,0.4637002341920375,-0.0135831381733021,-0.1512880562060889,7.349882903981265,19.445901639344264,11.849414519906324,19.445901639344264,2.6798594847775177,38122560000.0,37203460000.0,48.13454545454545,28.5947794779478,-6572.855172413792,-590.1325077399381,4.591198786039453,4.591198786039453,27.90538553855385,129.80969993021634,-6414.389655172414,-575.9049535603715,0.0051937750245523,-0.0016945346797276,0.1378110171736878,0.0870613834870203,-3.2069085833914865,2.3673155106566464,0.0,-0.0292929292929292,0.0,0.0,0.0,0.206045604560456,0.2467893119084573,-10.137931034482758,0.0441044104410441,0.7170731707317073,0.0099009900990099,14.243737421947351,0.0203274260961356,0.0200002020222426,1.3418618266978923,4439400000.0,5059700000.0,2846000000.0,9263400000.0,1182165500.0,586197000.0,2661850000.0,80.98784878487848,75.81361913475362,323.4871258658998,1.1112778194548638,1.187121799844841,0.2782181818181818,0.0238456535876869,0.1377049180327869,2016-04-20,0.46,bmo,1188286956.0,2025-04-22,2016-03-31,0.108695652173913,90.2016393442623,957047.1147540984
2015-12-31,ASML,EUR,937966,2015-12-31,2015-12-30 19:00:00,2015,Q4,1434200000.0,774400000.0,659800000.0,0.4600474132,273000000,0.0,0.0,89500000.0,20800000.0,362500000.0,1136900000.0,0.0,0.0,80500000.0,377819000.0,0.2634353647,318100000.0,0.2217961233,-4615000.0,313500000.0,0.2185887603,21100000.0,292374000.0,0.2038585971,0.68,0.68,428800000,430800000,,,3.3446245335820897,0.6818423507462686,2.296408582089552,2.015391791044776,7.949393656716418,19.563432835820898,11.72108208955224,19.563432835820898,2.624766791044776,35397440000.0,34064240000.0,30.26726042671373,24.681395227221223,35.94743576723875,40.9597778292062,4.219607095174519,4.219607095174519,23.751801558387225,90.16020898896032,34.59352086930029,39.4170793797732,0.0082597498576168,0.0244141949248307,0.1341669845508296,0.084655885671305,-3.528673782948978,2.4805612770339858,0.0,3.367647058823529,2.825063055407397e-07,3.420276768796131e-05,0.0,0.1903373019331671,0.2529371944339977,0.1223722961308012,0.084020429863859,1.4968944099378882,0.0102288772290689,17.324303254459164,0.0291088512219264,0.0294369827429975,1.54576317630597,4600400000.0,5026000000.0,2801400000.0,9583900000.0,1353865500.0,515847000.0,2555350000.0,73.08507678630572,61.35678411428704,299.1395152718928,1.2314415467216655,1.4668304621761188,0.300862959940941,0.0348528991035666,0.2810167910447761,2016-01-20,0.71,bmo,1394336805.0,2025-04-22,2015-12-31,0.0422535211267606,91.075,977945.71875
2015-09-30,ASML,EUR,937966,2015-09-30,2015-09-29 20:00:00,2015,Q3,1549200000.0,845700000.0,703500000.0,0.4541053447,266300000,0.0,0.0,85600000.0,20800000.0,351900000.0,1197600000.0,0.0,0.0,77500000.0,429100000.0,0.276981668,372400000.0,0.2403821327,-4200000.0,368200000.0,0.237671056,45800000.0,322400000.0,0.2081074103,0.75,0.75,429900000,432300000,,,3.603628750872296,0.7499418469411491,0.9765061642242382,0.7752965806001396,6.236101418934636,18.94603396138637,11.238427541288672,18.94603396138637,2.617585484996511,33600984000.0,32045384000.0,26.05535359801489,21.689248644461657,80.04045736064792,100.81303330333031,4.125401662389962,4.125401662389962,20.68511747998967,74.68045676998369,76.33488327775132,96.14576657665766,0.0095949571000658,0.0099193523618236,0.1381600756301489,0.0885672459387986,-3.6252621766488,2.709954634308265,0.0,1.3021091811414391,2.976103318878995e-07,3.1017369727047146e-05,0.0,0.1718951717015233,0.260790517567057,0.2060505002382086,0.0558352698166795,1.1161290322580646,0.0095533178414665,17.879863905445873,0.0326263536755874,0.0343267213935115,1.2701209583624098,4636200000.0,4831400000.0,2786800000.0,9482300000.0,1564450000.0,612774000.0,2564550000.0,89.6456235476375,53.61475700603051,269.9893579283434,1.0039530814594,1.6786423183803096,0.3333464722112731,0.0395830519711721,0.2012095836240986,2015-10-14,0.82,bmo,1530307317.0,2025-04-22,2015-09-30,0.0121951219512195,94.67296875,1446827.484375
2015-06-30,ASML,EUR,937966,2015-06-30,2015-06-29 20:00:00,2015,Q2,1654100000.0,900300000.0,753800000.0,0.4557160994,267400000,0.0,0.0,88300000.0,20800000.0,355700000.0,1256000000.0,0.0,0.0,72800000.0,470900000.0,0.2846865365,418900000.0,0.2532495012,-4200000.0,414700000.0,0.2507103561,45000000.0,369700000.0,0.2235052294,0.86,0.85,431400000,433800000,,,3.834260547056096,0.8569772832637923,0.6578581363004172,0.474269819193324,5.84144645340751,18.457579972183588,10.76031525266574,18.457579972183588,2.586462679647658,39990780000.0,38611580000.0,27.04272383013254,24.176760776252948,140.91183932346723,195.458357771261,5.0223268781553765,5.0223268781553765,23.34295387219636,81.99528562327458,136.0520789288231,188.71739980449652,0.0092446308874195,0.0051161792793238,0.1401301082560972,0.0880294746475428,-2.928859630494798,2.5620379130312907,0.0,0.7676494454963484,0.0075592424053744,0.8176900189342711,0.0,0.1616589081675835,0.2619740755642864,0.2790697674418604,0.0478810229127622,1.0879120879120878,0.0090683755516595,18.865281647889244,0.0380235250427223,0.0395202411621965,0.6784886416318961,4457900000.0,4642000000.0,2599100000.0,9297400000.0,1520200000.0,728524000.0,2599800000.0,86.28377969892993,72.1507497500833,259.1236254581806,1.043069743977803,1.2473882851078215,0.3473245630955596,0.0464295581845125,0.1835883171070932,2015-07-15,0.88,bmo,1522523863.0,2025-04-22,2015-06-30,0.0795454545454544,106.85936507936508,1081133.396825397
2015-03-31,ASML,EUR,937966,2015-03-31,2015-03-30 20:00:00,2015,Q1,1649900000.0,871300000.0,778600000.0,0.4719073883,261400000,0.0,0.0,82300000.0,20800000.0,343700000.0,1215000000.0,0.0,0.0,66100000.0,501000000.0,0.303654767,455700000.0,0.2761985575,-3500000.0,452200000.0,0.2740772168,49500000.0,402700000.0,0.2440753985,0.93,0.93,432600000,435300000,,,3.813915857605178,0.9308830328247804,0.7794729542302358,0.5790568654646324,6.561488673139158,18.67036523347203,10.846509477577438,18.67036523347203,2.671058714748036,41006154000.0,39383154000.0,25.45701142289546,24.85372083156555,121.60781138790036,163.69722155688623,5.077029764263075,5.077029764263075,23.87002484999091,78.60908982035929,116.79464412811387,157.21817964071855,0.0098204771898383,0.0061088391757003,0.1430640847860538,0.0882660738975334,-3.2395209580838324,2.3870957643302133,0.0,0.8373479016637696,0.0,0.0,0.0,0.1584338444754227,0.2585420629282489,0.2571174377224199,0.0525486393114734,1.3116490166414525,0.0088490211527971,19.774942219405283,0.0410048574352331,0.0414876629062999,0.5060101710587147,4430800000.0,4692200000.0,2610800000.0,9338800000.0,1394094000.0,615768000.0,2578668500.0,79.34662706830716,75.95202570871112,269.3389188568805,1.1342637151106834,1.1849585203318374,0.3341514860977948,0.049858854992076,0.2004160887656033,2015-04-15,1.0,bmo,1369417000.0,2025-04-22,2015-03-31,0.1699999999999999,105.10622950819672,871778.3770491803
2014-12-31,ASML,EUR,937966,2014-12-31,2014-12-30 19:00:00,2014,Q4,1493977000.0,837103000.0,656874000.0,0.4396814677,267935000,0.0,0.0,79410000.0,20206000.0,347345000.0,1184448000.0,0.0,0.0,62544000.0,372073000.0,0.2490486801,329735000.0,0.2207095558,-2600000.0,327135000.0,0.2189692345,22295000.0,304840000.0,0.2040459793,0.7,0.7,432600000,435300000,,,3.453483587609801,0.7046694405917707,0.9459223300970874,0.6504253351826167,6.366969486823856,17.366134997688395,10.243215441516412,17.366134997688395,2.6679079981507168,38717700000.0,37452350000.0,31.752476709093298,25.91586081981182,94.61664784973829,137.6022660231578,5.153708641094483,5.153708641094483,25.068893296215403,100.6586073163062,91.52444001309854,133.10522649569612,0.0078734015708577,0.0072673221808113,0.1536270447342394,0.0945708129625297,-3.400811131148995,2.473702010231679,0.0,1.3423632069282248,9.81463258406362e-07,0.0001246555570135,0.0,0.179343457094721,0.2524900759549474,0.3123903364075795,0.0855649049483358,2.043873113328217,0.0087551548651686,16.593406951750467,0.032970464527903,0.0334160220201105,0.7815661118816458,4257335000.0,4431215000.0,2454851000.0,8786233000.0,1275344000.0,606518000.0,2613318500.0,80.33786330043903,53.35214424031451,274.1422859552528,1.1202687786632752,1.6869050209980736,0.328296671512728,0.0405772177105365,0.2954969949144706,2015-01-21,0.57,bmo,1167660970.0,2025-04-22,2014-12-31,0.5263157894736843,101.41953125,706833.09375
2014-09-30,ASML,EUR,937966,2014-09-30,2014-09-29 20:00:00,2014,Q3,1322200000.0,744100000.0,578100000.0,0.4372258357,260100000,0.0,0.0,76900000.0,20300000.0,337000000.0,1081100000.0,0.0,0.0,60400000.0,301500000.0,0.2280290425,261400000.0,0.1977008017,-2000000.0,259400000.0,0.1961881712,15400000.0,244000000.0,0.1845409167,0.56,0.56,436100000,439000000,,,3.031873423526714,0.5595047007567072,0.4911717495987159,0.2980967667966063,6.155927539555148,16.79454253611557,9.966750745241916,16.79454253611557,2.608117404265077,34373402000.0,33366002000.0,35.21864959016393,25.997127514748147,160.47339869281043,264.4107846153846,4.693191245340723,4.693191245340723,25.235215549841172,110.66667330016584,155.77031746031747,256.6615538461538,0.0070985118086362,0.0037819939964045,0.1552955311915457,0.0940264206471239,-3.3412935323383084,2.4475734791524264,0.0,0.8778688524590164,1.1055059374105595e-06,0.000155737704918,0.0,0.1967175918923007,0.2461518112527487,0.3930905695611578,0.0636817425502949,1.3940397350993377,0.0103615186809862,14.54042893660089,0.0268119059228881,0.0267573198815659,0.3745127264388901,4235600000.0,4346500000.0,2389100000.0,8585600000.0,1347000000.0,694997000.0,2646150000.0,82.84601421872637,86.69802445907808,323.7629350893697,1.0863528058499712,1.0380859375,0.2779811715481171,0.0333146734752392,0.1930749828021096,2014-10-15,0.7,bmo,1246645714.0,2025-04-22,2014-09-30,0.0142857142857143,94.07125,1072647.875
2014-06-30,ASML,EUR,937966,2014-06-30,2014-06-29 20:00:00,2014,Q2,1643600000.0,891700000.0,751900000.0,0.4574714042,266900000,0.0,0.0,79900000.0,20300000.0,346800000.0,1238500000.0,0.0,0.0,67000000.0,472100000.0,0.2872353371,425400000.0,0.2588220978,-1400000.0,424000000.0,0.2579703091,25300000.0,398700000.0,0.2425772694,0.91,0.9,438500000,441600000,,,3.7482326111744575,0.909236031927024,0.4524515393386545,0.2843785632839224,6.18175598631699,16.14686431014823,9.755530216647662,16.14686431014823,2.550513112884835,29822385000.000004,28829785000.000004,18.699764860797597,18.144551594061817,150.31444052419357,239.15304731355252,4.211963307157788,4.211963307157788,17.54063336578243,61.06711501800467,145.3114163306452,231.19314354450685,0.0133691520647996,0.004181422780237,0.1579571775605898,0.0940741052277411,-2.102520652404152,2.3784092392013574,0.0,0.4976172560822673,0.0089865381323458,0.6721845999498369,0.0,0.1623874422000486,0.2357404214156538,0.3714717741935484,0.0448405938184473,1.1,0.0082136772937454,18.174968878983627,0.0453363778024266,0.0438811785293696,0.7252565564424174,4225100000.0,4277800000.0,2482200000.0,8302800000.0,1303850000.0,701097000.0,2581600000.0,80.87186663421757,67.94601323315017,263.9845239430302,1.112871555284718,1.3245810271630467,0.3409290766583827,0.0563103779447488,0.168072976054732,2014-07-16,1.03,bmo,1343326923.0,2025-04-22,2014-06-30,0.203883495145631,86.29222222222222,946892.3174603176
2014-03-31,ASML,EUR,937966,2014-03-31,2014-03-30 20:00:00,2014,Q1,1396500000.0,787000000.0,609500000.0,0.4364482635,279100000,0.0,0.0,84900000.0,20200000.0,364000000.0,1151000000.0,0.0,0.0,64700000.0,310200000.0,0.2221267454,265700000.0,0.1902613677,-2600000.0,263100000.0,0.1883995704,14000000.0,249100000.0,0.1783745077,0.57,0.56,440000000,443500000,,,3.1738636363636363,0.5661363636363637,0.4622727272727273,0.2906818181818182,6.813181818181818,16.03840909090909,9.718409090909091,16.03840909090909,2.493863636363636,29581200000.0,28280400000.0,29.68807707747893,21.182384532760477,145.43362831858408,231.2838154808444,4.19181226884326,4.19181226884326,20.250912996777657,91.16827852998064,139.03834808259586,221.113369820172,0.0084208889429772,0.004323692074696,0.155493205231759,0.0933213134551763,-4.193423597678917,2.448284023668639,0.0,0.8165395423524688,0.0,0.0,0.0,0.1998567848191908,0.2364967724926222,0.3711897738446411,0.05406373075546,1.166924265842349,0.0165413533834586,14.293297328744428,0.0285839525455531,0.0277471456418824,0.9507954545454546,4283300000.0,4276100000.0,2539400000.0,8295300000.0,1179653500.0,677435000.0,2470361000.0,72.8764769065521,83.36721728081322,291.3506988564168,1.234966395472232,1.0795610425240054,0.3089060721435019,0.0352987855857387,0.1715909090909091,2014-04-16,0.81,bmo,1298154929.0,2025-04-22,2014-03-31,-0.2345679012345679,89.01508196721312,1385814.8688524591
2013-12-31,ASML,EUR,937966,2013-12-31,2013-12-30 19:00:00,2013,Q4,1848300000.0,1042600000.0,805700000.0,0.4359140832,253100000,0.0,0.0,90000000.0,17200000.0,343100000.0,1385700000.0,0.0,0.0,67500000.0,530175000.0,0.2868446681,479800000.0,0.2595898934,-3500000.0,476300000.0,0.2576962614,-4800000.0,481100000.0,0.2602932424,1.09,1.08,442000000,445700000,,,4.181674208144797,1.0884615384615384,1.1805429864253394,1.0047511312217194,6.811262443438914,17.06967194570136,9.180830316742082,17.06967194570136,2.421133484162896,30073680000.000004,28813127000.000004,15.627561837455833,16.270994968349296,57.634495975469534,67.71826165278091,3.986016850027072,3.986016850027072,15.588988259481688,54.34644598481634,55.21871789957839,64.8798176086467,0.0159973771084882,0.0147670654206601,0.1418383136983841,0.0876922881516696,-2.377616824633376,2.392805026722701,0.0,1.0845977967158595,4.987750085789302e-07,3.1178549158179175e-05,0.0,0.1369366444841205,0.2857300424923781,0.1489076274434649,0.0420386300925174,1.1511111111111112,0.009668884921279,20.446095744876743,0.0518737989148681,0.0551941909691473,1.0631204751131222,3990619000.0,4057927000.0,2197216000.0,8695327000.0,614253500.0,674335000.0,2436361000.0,59.82017529621815,54.02676002301938,206.57201227699983,1.5045091318160988,1.6658411491204244,0.435683416199266,0.0637658147106714,0.1757918552036199,2014-01-22,1.26,bmo,1622553435.0,2025-04-22,2013-12-31,0.1587301587301587,92.71734375,1045589.21875
2013-09-30,ASML,EUR,937966,2013-09-30,2013-09-29 20:00:00,2013,Q3,1318200000.0,787400000.0,530800000.0,0.402670308,244100000,0.0,0.0,91200000.0,16700000.0,335300000.0,1122700000.0,0.0,0.0,67900000.0,263400000.0,0.1998179335,212200000.0,0.16097709,-11600000.0,200600000.0,0.1521772113,7500000.0,193100000.0,0.1464876347,0.44,0.43,443000000,447100000,,,2.9756207674943567,0.4358916478555305,0.2424379232505643,0.1176072234762979,6.148306997742663,14.905417607223477,10.504966139954853,14.905417607223477,2.437020316027088,32339000000.0,31357400000.0,41.86820300362506,24.53269610074344,301.1080074487896,620.7101727447217,4.897548121336948,4.897548121336948,23.788044302837204,119.04859529233106,291.9683426443203,601.869481765835,0.0059711184637743,0.0016110578558396,0.1634989626084717,0.097549515685991,-3.726651480637813,2.4756552949280355,0.0,0.5561885033661316,4.638362348866694e-07,7.767995857068877e-05,0.0,0.1851767561826733,0.1761421136330779,0.5148975791433892,0.0419511455014413,0.8144329896907216,0.0147170383856774,12.090732337733654,0.0245840365267014,0.0211783544276031,-1.129909706546275,4070300000.0,4653700000.0,2364500000.0,7192900000.0,432618000.0,617391500.0,2419350000.0,0.0,82.61620523241048,283.43027686055376,0.0,1.0893746541228555,0.3175384119046658,0.0292438400145386,0.1248306997742663,2013-10-16,0.71,bmo,1578126760.0,2025-04-22,2013-09-30,-0.1971830985915493,90.04765625,888146.96875
2013-06-30,ASML,EUR,937966,2013-06-30,2013-06-29 20:00:00,2013,Q2,1186700000.0,704500000.0,482200000.0,0.4063369006,200000000,0.0,0.0,67900000.0,16300000.0,267900000.0,972400000.0,0.0,0.0,48800000.0,280900000.0,0.2367068341,230600000.0,0.1943203843,-6000000.0,224600000.0,0.1892643465,3800000.0,245100000.0,0.2065391422,0.58,0.57,426100000,430400000,,,2.785026988969725,0.5752170851912697,1.1295470546819997,1.0110302745834312,5.516545411875146,15.249941328326685,8.679652663693968,15.249941328326685,1.7263553156536025,25881314000.0,25024614000.0,26.39872909016728,21.809483441476363,53.77376688136298,60.077330547818015,3.9829661434287473,3.9829661434287473,21.087565517822533,89.08726949092204,51.993795969249945,58.08870473537605,0.009470152867818,0.0166452136085517,0.1132040627885503,0.0708820751989824,-3.0498398006407976,2.4419137141479874,0.0,2.179800724637681,0.008349653344494,0.8816809465524276,0.0,0.1685345917249515,0.2697681589546917,0.1049241637232495,0.0425549844105502,1.0348360655737705,0.0079211258110727,14.0488648297613,0.0318400222710775,0.0323427726900847,0.7022459516545412,3589500000.0,3698400000.0,2199100000.0,7526300000.0,432618000.0,255991500.0,2182400000.0,65.61998820257858,67.10131061598952,309.1743119266055,1.371533315765872,1.3412554713730729,0.2910979228486647,0.037719298245614,0.1185167800985684,2013-07-17,0.68,bmo,1204151470.0,2025-04-22,2013-06-30,-0.0147058823529411,75.75484375,1794731.109375
2013-03-31,ASML,EUR,937966,2013-03-31,2013-03-30 20:00:00,2013,Q1,892100000.0,551400000.0,340700000.0,0.3819078579,184800000,0.0,0.0,62600000.0,14200000.0,247400000.0,798800000.0,0.0,0.0,44500000.0,137800000.0,0.154466988,107500000.0,0.1205021859,-3300000.0,104200000.0,0.116803049,8000000.0,96200000.0,0.1078354445,0.24,0.23,407500000,410600000,,,2.18920245398773,0.2360736196319018,-0.1381595092024539,-0.2149693251533742,6.429693251533743,10.238282208588958,9.862331288343558,10.238282208588958,0.0,21340775000.0,19560675000.0,55.459394490644485,23.92195381683668,-379.0546181172291,-243.6161529680365,5.115115888880899,5.115115888880899,21.92654971415761,141.94974600870827,-347.4365008880995,-223.2953767123288,0.004507802551688,-0.0041048181239903,0.0,0.0,-12.91799709724238,2.584810773951585,0.0,-0.5852390852390852,0.0,0.0,0.0,0.2071516646115906,0.0201221514415183,-0.5559502664298401,0.0350857527183051,0.7033707865168539,0.0063894182266562,7.37443134386484,0.018842748585532,0.0128949237966301,0.4456441717791411,3718600000.0,4018900000.0,2623600000.0,4884100000.0,463800000.0,94480500.0,1931400000.0,0.0,0.0,327.3884657236126,0.0,0.0,0.274902781932396,0.0230579324560772,0.0768098159509202,2013-04-17,0.53,bmo,1159730000.0,2025-04-22,2013-03-31,-0.0754716981132076,70.48033333333333,1899354.7333333332
2012-12-31,ASML,EUR,937966,2012-12-31,2012-12-30 19:00:00,2012,Q4,1023100000.0,602900000.0,420200000.0,0.4107125403,155400000,0.0,0.0,79500000.0,0.0,234900000.0,837800000.0,0.0,0.0,43500000.0,228800000.0,0.2236340534,185300000.0,0.1811162154,-3400000.0,181900000.0,0.1777929821,-115800000.0,297700000.0,0.290978399,0.66,0.65,452500000,455400000,,,2.260994475138121,0.6579005524861878,-0.5646408839779006,-0.6530386740331492,5.961546961325967,8.987624309392265,8.636022099447514,8.987624309392265,1.6704972375690608,21720000000.0,20708300000.0,18.23983876385623,21.229596324894928,-85.00978473581213,-73.50253807106598,5.3406771742604935,5.3406771742604935,20.24073893070081,90.50039332226204,-81.05009784735812,-70.07884940778342,0.0137062615101289,-0.0136049723756906,0.185866384715631,0.1020039133661696,-4.421379250065554,2.7953314480180222,0.0,-0.8582465569365133,3.683241252302027e-07,2.6872690628149144e-05,0.0,0.1518913107223145,0.0214695364685243,-0.1565557729941291,0.0390968624767862,0.9195402298850576,0.0049007917114651,11.534368967154984,0.0569210399735179,0.0410541412692721,2.161767955801105,3745600000.0,3907800000.0,2488300000.0,4934600000.0,756300000.0,94480500.0,1888500000.0,81.59906167530056,28.20781224083596,277.21015093713714,1.1029538594221646,3.190605468853361,0.324663435648896,0.0732007179915906,0.0883977900552486,2013-01-17,0.72,bmo,1252152238.0,2025-04-22,2012-12-31,0.3472222222222222,68.36580645161291,3393949.080645161
2012-09-30,ASML,EUR,937966,2012-09-30,2012-09-29 20:00:00,2012,Q3,1228800000.0,697800000.0,531000000.0,0.4321289063,143800000,0.0,0.0,69700000.0,0.0,213500000.0,911300000.0,0.0,0.0,36700000.0,354200000.0,0.2882486979,317500000.0,0.2583821615,-2500000.0,315000000.0,0.2563476563,40300000.0,274700000.0,0.2235514323,0.65,0.65,422500000,425700000,,,2.908402366863905,0.6501775147928994,1.1581065088757396,1.0392899408284024,14.577041420118343,16.344852071005917,15.982485207100591,16.344852071005917,1.768757396449704,17681625000.0,13310125000.0,16.09175919184565,14.38934326171875,36.136572654813,40.2678774766568,2.560439202398019,2.560439202398019,10.831807454427084,37.5779926595144,27.202380952380956,30.31228649510362,0.0155359023845376,0.0248336903423752,0.1082149528650245,0.0705819016405829,-12.34189723320158,3.9142410287601006,0.0,1.7812158718602111,0.0,0.0,0.0,0.1170247395833333,0.0144601754866496,0.1025955446556304,0.0408528645833333,1.3678474114441417,0.0039876302083333,15.463141473570127,0.0334158219059074,0.0263258773695206,9.172899408284025,6708000000.0,6752600000.0,5327800000.0,7898000000.0,681321000.0,173165500.0,1828760000.0,42.8466796875,0.0,247.6354256233878,2.1005128205128205,0.0,0.3634375,0.0397787335099989,0.1188165680473372,2012-10-17,1.12,bmo,1295221621.0,2025-04-22,2012-09-30,-0.0178571428571428,72.04126984126985,2143528.571428572
2012-06-30,ASML,EUR,937966,2012-06-30,2012-06-29 20:00:00,2012,Q2,1227700000.0,697300000.0,530400000.0,0.4320273682,144600000,0.0,0.0,54700000.0,0.0,199300000.0,896600000.0,0.0,0.0,56800000.0,387900000.0,0.3159566669,331100000.0,0.2696912927,-900000.0,330200000.0,0.2689582145,38300000.0,291900000.0,0.2377616682,0.71,0.71,409500000,412700000,,,2.998046398046398,0.7128205128205128,0.1809523809523809,0.0862026862026862,6.597728937728938,9.667807081807082,8.40649816849817,9.667807081807082,1.809787545787546,16404570000.0,15293888000.0,14.049820143884892,13.362034699030708,221.3842105263158,464.7186968838527,4.14364908825964,4.14364908825964,12.457349515353911,39.42739881412735,206.39524966261808,433.2546175637394,0.0177938220873817,0.0021518393959731,0.1871973168758416,0.0973570813211204,-2.863320443413251,2.6153710457684247,0.0,0.2538540596094553,0.0115150839064967,0.6471394313120932,0.0,0.1177812169096684,0.0678518065448579,0.5236167341430499,0.0316038120061904,0.6830985915492958,0.0035839374440009,12.452178606285289,0.0528322554733262,0.041137242522295,1.2221306471306472,3351525000.0,3442461000.0,1772997000.0,5037254000.0,808821000.0,173165500.0,1672560000.0,57.00723303738698,44.70068836942493,224.2604330990965,1.5787470326962794,2.0133918130343518,0.401319121506515,0.0737313546690336,0.0947496947496947,2012-07-18,1.11,bmo,1150277477.0,2025-04-22,2012-06-30,0.0630630630630629,62.79904761904762,2133742.8571428573
2012-03-31,ASML,EUR,937966,2012-03-31,2012-03-30 20:00:00,2012,Q1,1251900000.0,728300000.0,523600000.0,0.4182442687,145300000,0.0,0.0,55400000.0,0.0,200700000.0,929000000.0,0.0,600000.0,49600000.0,372500000.0,0.2975477275,322900000.0,0.2579279495,600000.0,323500000.0,0.258407221,41500000.0,282000000.0,0.2252576084,0.68,0.68,411800000,415000000,,,3.040067994171928,0.6847984458474988,0.960660514813016,0.8380281690140845,7.171928120446819,8.771248178727538,8.403108305002428,8.771248178727538,1.7892180670228266,15434263999.999998,13217663999.999998,13.682858156028368,12.328671619138907,39.01482305358948,44.72403361344537,4.273052048726467,4.273052048726467,10.558082913970765,35.48366174496644,33.41168857431749,38.30096783541002,0.0182710364420357,0.0223593428232146,0.2039867109634551,0.0995769870122849,-5.950604026845638,2.75726716389367,0.0,1.402836879432624,0.0,0.0,0.0,0.1160635833533029,0.0204884245807035,0.127654196157735,0.0403386851984982,1.0181451612903225,0.0035146577202651,11.625277855649076,0.0530318161602377,0.0389088952357299,1.4567751335599806,3675500000.0,3460400000.0,1979800000.0,4951700000.0,899750000.0,222134500.0,1616100000.0,60.38820992092021,0.0,198.65989290127692,1.490357142857143,0.0,0.4530355809902961,0.0780730897009966,0.1226323457989315,2012-04-18,1.12,bmo,1207189285.0,2025-04-22,2012-03-31,0.0357142857142855,58.73935483870968,2135133.870967742
2011-12-31,ASML,EUR,937966,2011-12-31,2011-12-30 19:00:00,2011,Q4,1210900000.0,714500000.0,496400000.0,0.4099430176,150400000,0.0,0.0,56300000.0,0.0,206700000.0,921200000.0,0.0,1519000.0,40085000.0,289700000.0,0.2392435379,289700000.0,0.2392435379,1519000.0,291200000.0,0.2404822859,6500000.0,284660000.0,0.2350813445,0.9,0.88,320012000,322630000,,,3.78402997387598,0.8895291426571503,0.4135469919878005,0.1207517218104321,8.53655487919203,10.762721397947576,10.280239491019088,10.762721397947576,2.293039011037086,10390789640.0,8392789640.0,9.125614452329094,8.580798837262115,78.5158654979598,268.8988572020082,3.016894965449161,3.016894965449161,6.930834140560807,22.624696770784755,63.41838930028714,217.1934589306972,0.027395415542259,0.003718870397611,0.2130538296266186,0.1010632437197003,-5.3860690053025015,2.555665024630542,0.0,0.4649055012997962,4.3307584465736526e-06,0.0001580833274783,0.0,0.1241767724939819,0.0212648743940061,0.7080096720568233,0.077376572648408,2.3374828489459896,0.0029976836081209,14.676834556535573,0.0562929439333721,0.0400568501632331,1.3972132295038937,3473800000.0,3289800000.0,1890200000.0,4681800000.0,943750000.0,222134500.0,1540200000.0,71.31266335517596,55.95758139795255,204.62532100847392,1.2620479416362689,1.6083611505641853,0.4398282654191801,0.0826490912258289,0.2927952701773683,2012-01-18,0.93,bmo,872394032.0,2025-04-22,2011-12-31,0.2795698924731181,51.658253968253966,2800339.6825396824
2011-09-30,ASML,EUR,937966,2011-09-30,2011-09-29 20:00:00,2011,Q3,1458500000.0,845100000.0,613400000.0,0.4205690778,149800000,0.0,0.0,56300000.0,0.0,206100000.0,1051200000.0,0.0,2200000.0,43000000.0,450300000.0,0.3087418581,407300000.0,0.2792595132,2200000.0,409500000.0,0.2807679122,54300000.0,355200000.0,0.2435378814,1.09,1.09,324863000,327481000,,,4.489584840378868,1.0933839803240135,1.041054229013461,0.7954122199203972,8.736298070263464,10.109492309065669,9.651145251998535,10.109492309065669,2.256643569750941,8472427039.999999,6367427039.999999,5.963138400900901,5.8090003702434,25.051528799526903,32.78803034055727,2.5797536812617987,2.5797536812617987,4.365736743229345,15.633260594156638,18.827401064458897,24.64174551083591,0.041924232374387,0.0304989348128986,0.2232202667316241,0.1031431144127413,-5.168180702185121,2.7581860258998474,0.0,0.9521396396396395,5.311347006890248e-06,0.0001266891891891,0.0,0.1027082619129242,0.0209494062693454,0.2359550561797752,0.0547137470003428,1.855813953488372,0.0027452862529996,15.770384622724883,0.0695908211262673,0.0510440168422262,1.3501075838122532,3570700000.0,3135300000.0,1778200000.0,4779900000.0,942500000.0,0.0,1533100000.0,57.264312649982855,0.0,155.03727369542065,1.5716594827586208,0.0,0.5805055639510922,0.1081541928019,0.2456420090930638,2011-10-17,1.42,bmo,1324975352.0,2025-04-22,2011-09-30,0.0915492957746479,45.76875,3133743.75
2011-06-30,ASML,EUR,937966,2011-06-30,2011-06-29 20:00:00,2011,Q2,1529400000.0,839400000.0,690000000.0,0.4511573166,144700000,0.0,0.0,50900000.0,0.0,195600000.0,1035000000.0,0.0,1800000.0,42900000.0,537300000.0,0.3513142409,494400000.0,0.3232640251,1800000.0,496200000.0,0.3244409572,64100000.0,432100000.0,0.2825290964,1.31,1.3,330715000,333333000,,,4.62452564897268,1.3065630527795835,1.5097591581875631,1.326217437975296,8.291429176178886,9.40205312731506,8.96844715238196,9.40205312731506,2.133861481940644,8400161000.0,6363761000.0,4.8600792640592445,5.492455211193932,16.823875425595833,19.152213862289106,2.7015375956776224,2.7015375956776224,4.160952661174317,10.72374698151584,12.745365511716402,14.509259005927952,0.0514394902669127,0.0522132849596573,0.2269569691901974,0.0997300773024688,-3.4315931024371995,2.552206673842842,0.0,1.1555195556584124,0.0205525822659827,0.3995487155750983,0.0,0.0946122662482019,0.0202654004324416,0.1215701982775886,0.0396887668366679,1.4149184149184149,0.0011743167255132,16.625235120727268,0.0888337000323473,0.062327808790226,0.9021362804831956,3460800000.0,2966000000.0,1723700000.0,4564400000.0,987900000.0,0.0,1588000000.0,56.316202432326406,0.0,172.6661901358113,1.5981191222570532,0.0,0.5212369597615499,0.1389657168585579,0.1835417202122673,2011-07-13,1.74,bmo,1415134482.0,2025-04-22,2011-06-30,0.0747126436781609,51.07936507936508,2658484.126984127
2011-03-31,ASML,EUR,937966,2011-03-31,2011-03-30 20:00:00,2011,Q1,1452200000.0,802600000.0,649600000.0,0.4473213056,145400000,0.0,0.0,54400000.0,0.0,199800000.0,1002400000.0,0.0,1900000.0,39200000.0,489000000.0,0.3367304779,449800000.0,0.3097369508,1900000.0,451700000.0,0.3110453106,56700000.0,395000000.0,0.2720011018,1.17,1.17,336182000,339262000,,,4.31968398070093,1.1749588020774462,3.2738219178897143,3.0754174821971434,8.02987667394447,9.0781184001523,8.645019661968815,9.0781184001523,2.0691173233546114,10455260200.0,8451360200.0,6.6172532911392405,7.199600743699215,9.499600399781938,10.112448205822613,3.425820046528392,3.425820046528392,5.8196943947114725,17.282945194274028,7.678866254770125,8.174253022536028,0.0377800257902715,0.0988880219355994,0.2279235885841606,0.0999899377578449,-4.097955010224949,2.321210631936766,0.0,2.7863291139240505,0.0,0.0,0.0,0.100123949869164,0.0209294636824931,0.0606033072869344,0.0459303126291144,1.701530612244898,0.0020658311527337,15.49175071489997,0.0871181614626275,0.0579935693206677,1.0161162703535584,3226000000.0,2906300000.0,1762900000.0,4220300000.0,1122011500.0,277698500.0,1531390000.0,63.14006335215535,0.0,175.55943184649888,1.4254024342363565,0.0,0.5126469085334696,0.129427569710672,0.1984044356925713,2011-04-13,1.43,bmo,1279560839.0,2025-04-22,2011-03-31,0.1188811188811189,54.27241935483871,3090033.870967742
2010-12-31,ASML,EUR,937966,2010-12-31,2010-12-30 19:00:00,2010,Q4,1521438000.0,836768000.0,684670000.0,0.4500150515,141026000,0.0,0.0,50045000.0,0.0,191071000.0,1027839000.0,15125000.0,16201000.0,39544000.0,548268000.0,0.3603617104,493599000.0,0.3244292571,-1076000.0,492523000.0,0.3237220314,85703000.0,406820000.0,0.2673917702,1.21,1.2,336182000,339262000,,,4.525637898519254,1.2101183287623969,0.8996555437233403,0.6946237454712031,5.799935749088292,8.251209166463404,7.790336781862206,8.251209166463404,2.1603208976090333,9715659800.0,8475885800.0,5.970490511774249,6.385840106530795,32.123405676347666,41.60525779376499,3.5025169544195407,3.5025169544195407,5.570970226851176,15.459384461613665,28.024274586044545,36.2961879068174,0.0418726065315708,0.0240354237187267,0.2559782083616327,0.1148897847017923,-2.261255444417693,2.2935468518649085,30.4671933831245,0.7434442751093849,4.117064700021711e-06,9.832358291136128e-05,0.0,0.092692571107071,0.0250692597419113,0.2279003332804317,0.0453045079720632,1.7430710095083957,0.0015176431770469,14.98870032900676,0.1013056311167062,0.0675172738967119,0.6273127353635828,2788649000.0,2618971000.0,1538015000.0,3688917000.0,1076261500.0,277698500.0,1473490000.0,72.47753112515922,59.73666536005201,161.0317316149757,1.241764152321659,1.5066123871753,0.5588960579222271,0.1466595143025651,0.2050317982521372,2011-01-19,1.28,bmo,1093533562.0,2025-04-22,2010-12-31,0.2812499999999999,44.25953125,2429665.625
2010-09-30,ASML,EUR,937966,2010-09-30,2010-09-29 20:00:00,2010,Q3,1176000000.0,663500000.0,512500000.0,0.4357993197,136800000,0.0,0.0,47900000.0,0.0,184700000.0,848200000.0,0.0,1600000.0,41000000.0,368800000.0,0.3136054422,327800000.0,0.2787414966,-1600000.0,326200000.0,0.2773809524,57700000.0,268500000.0,0.2283163265,0.79,0.79,335335000,338261000,,,3.5069408203736563,0.8006918454679649,1.2032743376026958,1.1000939359148314,4.616279243144914,6.916367214874677,6.451458988772422,6.916367214874677,2.197802197802198,7347189850.0,6534589850.0,6.840958891992551,6.247610416666666,18.20864894671623,19.91648102466793,3.167847992928901,3.167847992928901,5.556624022108844,17.71851911605206,16.194770384138785,17.713716047709408,0.0365445844576889,0.0502096730221283,0.3170784288362868,0.1346615150793796,-2.203362255965293,2.0100314349112427,204.875,1.5027932960893855,0.0,0.0,0.0,0.1163265306122448,0.0285473622530259,0.0857496902106567,0.0294217687074829,0.8439024390243902,0.0039115646258503,11.162538853561632,0.0818147862111461,0.050610721556209,-0.5171693977664127,2184900000.0,2163400000.0,1206300000.0,3061400000.0,869400000.0,0.0,1379550000.0,70.96683673469389,0.0,196.65712132629992,1.268197994176642,0.0,0.4576493309421989,0.1157676885267106,0.1031804016878643,2010-10-19,0.96,bmo,1114750000.0,2025-04-22,2010-09-30,0.0520833333333333,38.0715625,2897282.8125
2010-06-30,ASML,EUR,937966,2010-06-30,2010-06-29 20:00:00,2010,Q2,1068700000.0,609300000.0,459400000.0,0.429868064,125300000,0.0,0.0,41700000.0,0.0,167000000.0,776300000.0,0.0,2700000.0,36200000.0,328600000.0,0.3074763732,292400000.0,0.2736034434,-2700000.0,289700000.0,0.2710770095,50500000.0,239200000.0,0.2238233368,0.71,0.7,335027000,337953000,,,3.189892157945479,0.7139723067096084,0.5760729732230536,0.522345960176344,3.5477737615177283,6.206365457112412,5.700137600850081,6.206365457112412,2.182809146725488,7662067490.0,7202067490.0,8.008013681020067,7.169521371760083,39.69983155440415,43.7832428,3.684926412735056,3.684926412735056,6.739091877982595,21.91742997565429,37.31641186528498,41.15467137142857,0.0312187278841105,0.0228397883767531,0.3504063867647766,0.1497113033472373,-1.399878271454656,2.0942951702473778,108.29629629629628,0.8068561872909699,0.0113546376501572,0.3637123745819398,0.0,0.117245251239824,0.0348490763761892,0.0932642487046632,0.0168428932347712,0.4972375690607735,0.0022457190979694,9.985058532036309,0.0782844814193492,0.0509250388537608,-1.001486447360959,1950800000.0,1909700000.0,946100000.0,2863200000.0,732300000.0,0.0,1232400000.0,68.34003930008421,0.0,193.397341211226,1.31694393099199,0.0,0.4653631711601619,0.1150387149521473,0.0537270130467096,2010-07-14,0.75,bmo,840710666.0,2025-04-22,2010-06-30,0.2133333333333333,40.76492063492064,2714753.9682539683
2010-03-31,ASML,EUR,937966,2010-03-31,2010-03-30 20:00:00,2010,Q1,741800000.0,443200000.0,298600000.0,0.4025343758,120300000,0.0,0.0,41400000.0,0.0,161700000.0,604900000.0,0.0,2800000.0,34700000.0,171600000.0,0.2313291992,136900000.0,0.1845510919,-2800000.0,134100000.0,0.1807764896,26800000.0,107300000.0,0.1446481531,0.32,0.32,334180000,337183000,,,2.219761805015261,0.3210844455084086,0.1229876114668741,0.1014423364653779,3.2536357651565027,5.419235142737447,4.943742893051649,5.419235142737447,2.1383685438984976,8842402800.0,8466902800.0,20.602056849953403,11.92019789700728,215.14362043795623,260.8378407079646,4.882607840971839,4.882607840971839,11.413996764626583,49.34092540792541,206.00736739659368,249.76114454277285,0.0121347107146035,0.0038337995640732,0.3930425179458862,0.161964139437517,-2.188228438228438,2.0385616862988223,48.892857142857146,0.3830382106244175,0.0083439153439153,0.6876072730661696,0.0,0.1621730924777568,0.0361563666150905,0.1751824817518248,0.0097061202480452,0.207492795389049,0.0037746023186842,6.257053819084868,0.0393775316697127,0.025331098467858,-1.2835148722245495,1675200000.0,1652100000.0,704400000.0,2554800000.0,559695500.0,103113000.0,1059441000.0,79.23833917497979,0.0,234.6457581227437,1.1358138110549687,0.0,0.3835569017741237,0.059249033683048,0.0215452750014961,2010-04-14,0.41,bmo,669429268.0,2025-04-22,2010-03-31,0.0975609756097561,42.91573770491804,2491280.3278688523
2009-12-31,ASML,EUR,937966,2009-12-31,2009-12-30 19:00:00,2009,Q4,580566000.0,360233000.0,220333000.0,0.3795141293,115390000,0.0,0.0,37134000.0,0.0,152524000.0,512757000.0,0.0,0.0,31363000.0,141938000.0,0.2444821088,67809000.0,0.1167980901,-2885000.0,64924000.0,0.1118288015,14444000.0,50480000.0,0.0869496319,0.15,0.15,334180000,337183000,,,1.7372852953498117,0.1510563169549344,0.0570022143754862,0.0339846789155544,3.103339517625232,5.310814531091029,4.863181518941888,5.310814531091029,1.984265964450296,8020320000.0,7646348000.0,39.7202852614897,13.8146567315344,421.036274870072,706.2005811393853,4.5190808038008345,4.5190808038008345,13.170506023432306,53.871042286068565,401.4041681978056,673.2718147398081,0.0062940132064556,0.0014160282881481,0.3736274262326118,0.1778947105792439,-2.634756020234186,2.632601970943429,0.0,0.3773573692551505,0.0,0.0,0.0,0.1987543190610542,0.040131487698045,0.4038007244474775,0.0132491396327032,0.2452571501450754,0.0077768935831585,4.248555268522531,0.0196484282959734,0.014108807188113,-0.2520969238135137,1704714000.0,1625178000.0,796155000.0,2473010000.0,434753500.0,103113000.0,922875500.0,72.28495984952616,51.52315307037389,240.68972026438445,1.2450722831879664,1.7467875049702752,0.3739254003084965,0.0284431542601624,0.0230175354599317,2010-01-20,0.2,bmo,493481100.0,2025-04-22,2009-12-31,0.15,40.1875,2057493.75
2009-09-30,ASML,EUR,937966,2009-09-30,2009-09-29 20:00:00,2009,Q3,555272000.0,364013000.0,191259000.0,0.3444420032,115166000,0.0,0.0,37537000.0,0.0,152703000.0,516716000.0,0.0,2400000.0,39302000.0,77858000.0,0.1402159662,38556000.0,0.0694362403,-2400000.0,36173000.0,0.0651446498,16434000.0,19800000.0,0.0356581999,0.0519,0.0519,333179000,333179000,,,1.666671668982739,0.0594275149394169,-0.2237866132019124,-0.2538815471563334,3.0554986958962,5.121184108242116,4.678082952406965,5.121184108242116,1.9886937652132937,6696897900.0,6339060900.0,84.55679166666667,12.05996380334954,-89.81770496640335,-79.17077954319761,3.9248735400179697,3.9248735400179697,11.41556077795786,87.55608977900552,-85.01845334692399,-74.940427720244,0.0029565927830555,-0.0126309227440961,0.3869203661083145,0.1850488471708891,-4.9425,2.7355829145040467,16.083333333333332,-3.7773443436850895,0.0,0.0,0.0,0.2074554294975688,0.0413806480329672,-0.1344804924826652,0.0180569061768413,0.255126965548827,0.0050423194669547,2.616798237302872,0.0080632554732479,0.0057894296710025,-0.299426134300181,1647542000.0,1558639000.0,735428000.0,2356858000.0,308400000.0,0.0,904224500.0,65.35105348460291,0.0,218.16815934065937,1.3771774929566287,0.0,0.4125258253633117,0.0116042527828228,0.0300949339544208,2009-10-14,0.00889,bmo,5497192799.0,2025-04-22,2009-09-30,7.998875140607424,33.92828125,2816260.9375
2009-06-30,ASML,EUR,937966,2009-06-30,2009-06-29 20:00:00,2009,Q2,276600000.0,242162000.0,34438000.0,0.1245046999,117890000,0.0,0.0,40978000.0,0.0,158868000.0,401030000.0,0.0,900000.0,31660000.0,-88700000.0,-0.3206796819,-124430000.0,-0.4498553868,-900000.0,-124668000.0,-0.4507158351,-20715000.0,-103953000.0,-0.375824295,-0.31,-0.31,333025000,333025000,,,0.8305682756549808,-0.312288867202162,0.2133023046317844,0.0831709331131296,3.281014938818407,5.0784175362210044,4.6074739133698674,5.0784175362210044,1.960264244426094,5131915250.0,4691172250.0,-12.336334735576925,18.553562002892264,72.24488280425143,185.28107625099284,3.034409811735768,3.034409811735768,16.960131055676065,-52.88807497181511,66.04029351728022,169.3686276987508,-0.0202653385595173,0.0053972052636683,0.385466876374731,0.1838944379236351,4.96891770011274,2.681496155881809,-137.55555555555554,-0.6833376622127307,0.0143270603504218,-0.7069736490384615,0.0,0.4262472885032538,0.0442407055901153,0.6100795382557894,0.1566775126536514,1.3688250157927986,0.0093998553868402,,-0.0396481293679094,-0.0306945377004183,-0.4141821184595751,1582150000.0,1534404000.0,669247000.0,2330903000.0,255710500.0,0.0,931425000.0,69.49587852494577,0.0,344.1255161023947,1.295040827028242,0.0,0.2615324809951624,-0.0614933421631465,0.1301313715186547,2009-07-15,-0.43,bmo,276600000.0,2025-04-22,2009-06-30,-0.0,26.20968253968254,2874079.365079365
2009-03-31,ASML,EUR,937966,2009-03-31,2009-03-30 20:00:00,2009,Q1,183625000.0,171263000.0,12362000.0,0.0673219877,118315000,0.0,0.0,40995000.0,0.0,159310000.0,330573000.0,0.0,1700000.0,37876000.0,-107600000.0,-0.585976855,-146948000.0,-0.8002614023,-1700000.0,-147979000.0,-0.8058761062,-30788000.0,-117191000.0,-0.638208305,-0.35,-0.35,332717000,332717000,,,0.5518203157638474,-0.35225131267714,0.2471800358863538,0.1152270548243702,3.459426479560708,5.39783359431589,4.901072082280136,5.39783359431589,1.9929790182046605,4441771950.0,3952159950.0,-9.474769517918087,24.192657679738563,54.00921620602862,115.85820726172466,2.473214441819404,2.473214441819404,21.52592565359477,-36.73011105947956,48.05583528896779,103.08727502738796,-0.0263858661181378,0.0086312400617505,0.3682717401532669,0.1766107771351637,4.5502973977695165,2.6545457404444512,-86.05882352941177,-0.7017689071686393,0.0165378277153558,-0.6267684237201365,0.0,0.6443355119825708,0.0441344029701889,0.5338334893787771,0.2391230936819172,1.1591245115640512,0.0190631808278867,,-0.0424773802170707,-0.0327404847267873,-0.3192600618543687,1683540000.0,1630670000.0,752068000.0,2435465000.0,383667500.0,96845000.0,969144842.0,145.9985294117647,0.0,492.4608644859813,0.6164445653159278,0.0,0.1827556390576128,-0.0652579051432917,0.1319529810619836,2009-04-15,-0.45,bmo,183625000.0,2025-04-22,2009-03-31,-0.0,21.59754098360656,3238555.7377049183
2008-12-31,ASML,EUR,937966,2008-12-31,2008-12-30 19:00:00,2008,Q4,503616946.0,461110451.0,42506495.0,0.0844024319,151384388,0.0,0.0,47404795.0,-22249144.819999997,176540039.0,637650491.0,0.0,0.0,33273161.0,-100760383.7,-0.2000734576,-134033544.91,-0.2661418484,5038831.0,-128994713.26,-0.2561365623,-42200916.5,-86793796.76,-0.1723408981,-0.26,-0.26,332629220,332726240,,,1.5140490243160236,-0.2609325685819183,-0.4097547511610676,-0.6258796872385415,3.342503481804755,5.993115842318363,5.516547977955755,5.993115839312012,2.160931508061739,4241022555.0,3847997191.0,-12.215799726814486,8.421127582549614,-31.11617367186596,-20.37132736525541,2.1274409408818724,2.1274409408818724,7.640722222639426,-38.18958453410495,-28.232565927489716,-18.483469366609928,-0.020465299496621,-0.0490886029206699,0.3605689537797764,0.1820301143262146,3.9005941578207786,2.9486482993977003,0.0,1.5703472869942925,8.919266405552045e-05,-0.0043582388848131,0.0,0.3005943092312068,0.0401445869572868,-0.5274494937888319,0.1427463263120617,2.16058428924141,0.0,,-0.0410144568800128,-0.0228994320414392,0.0283997479235287,1969566162.0,1834965051.0,1025049630.0,2670008720.0,521538068.5,96845000.0,1067135697.5,83.90269695174237,37.80460833666943,195.4776157524133,1.0726711210697384,2.380662145696732,0.4604107721161873,-0.0435387160165207,0.2161249360774738,2009-01-15,-0.02056,bmo,8611849780.0,2025-04-22,2008-12-31,15.536964980544749,20.639375,3512284.375
2008-09-30,ASML,EUR,937966,2008-09-30,2008-09-29 20:00:00,2008,Q3,695702374.0,430572992.0,265129382.0,0.3810959857,130009191,0.0,0.0,51873879.0,0.0,181883070.0,612456063.0,0.0,0.0,29027638.0,112273949.0,0.1613821559,83246310.0,0.1196579358,7050853.0,90297163.0,0.1297928056,17086314.0,73210849.0,0.1052330015,0.22,0.22,332387440,334558070,,,2.09304651824389,0.2202575674941267,0.0602427817368791,-0.1441893782749432,3.945704581978188,6.379418419059396,5.904356003945275,6.379418416050859,1.7931530986850768,4124928130.4,3409447053.4,14.085781638729529,5.929156323965628,205.9997835790991,-86.06736604645289,1.9453183959177167,1.9453183959177167,4.900726489974576,30.36721415579673,170.2685072131644,-71.13872491458962,0.0177483938351431,-0.0116188056627673,0.28108410230209,0.1415153931650944,-6.3726366033495445,2.6436204402010053,0.0,0.2760936037699623,4.235114757819054e-05,0.002386196067744,0.0,0.1868747266916757,0.0374918597314044,3.393471451977692,0.097672057562937,2.3408960219222794,0.0,5.622729906619954,0.0229561295792272,0.018059791774249,0.6522276390768557,2089979666.0,1962533777.0,1270280582.0,2750370323.0,545463924.0,0.0,1132002291.5,74.20131691256813,0.0,236.7720592888464,1.212916478369886,0.0,0.3801124181219621,0.0345262770254966,0.2044321600118223,2008-10-15,0.28,bmo,546623293.0,2025-04-22,2008-09-30,0.2142857142857142,29.17546875,3525231.25
2008-06-30,ASML,EUR,937966,2008-06-30,2008-06-29 20:00:00,2008,Q2,844914654.0,507143748.0,337770906.0,0.39976926,130358119,0.0,0.0,56418428.0,0.0,186776547.0,693920296.0,0.0,0.0,26611789.0,177606147.0,0.2102060204,150994358.0,0.1787095978,6378011.0,157372369.0,0.1862583022,-34776907.6,192149277.0,0.2274185636,0.59,0.57,332040170,334630450,,,2.544615773446929,0.5786928641796564,0.4069865221427877,0.2094889211748084,4.102271261335639,6.2113693834092425,5.7595578540994,6.211369380397558,1.7832473944342335,5196428660.5,4426419581.5,6.760926636872019,6.150240898177155,38.4533618400988,74.70562124352546,2.5195732279889502,2.5195732279889502,5.238895503284762,24.92267106892421,32.7553258100806,63.63570950835407,0.0369771798197863,0.0133858735574957,0.2870940826771595,0.1427209986641701,-4.335486648443536,2.677775030692444,0.0,0.7025407375984868,0.3051738019169329,8.253030745022787,0.0,0.1542855463363759,0.0361604300515717,0.4852681585498163,0.0776139180679898,2.464213763681953,0.0,8.993091269827735,0.0635667325427024,0.0480529055703185,0.691059654770084,2094591896.0,1912404569.0,1256728195.0,2703122326.0,629243287.5,0.0,1141337980.5,55.10790204616335,0.0,200.75719927833956,1.6331596133819044,0.0,0.4483027274913296,0.0931667123204669,0.1974976001548246,2008-07-16,0.49,bmo,768182605.0,2025-04-22,2008-06-30,0.8367346938775511,35.96734375,3352400.0
2008-03-31,ASML,EUR,937966,2008-03-31,2008-03-30 20:00:00,2008,Q1,918739694.0,545305127.0,373434567.0,0.4064639521,128193747,0.0,0.0,57298629.0,0.0,185492377.0,730797504.0,0.0,0.0,30560282.0,218502471.0,0.2378284866,187942189.0,0.2045652215,4200582.0,192142771.0,0.2091373348,47094139.0,145049265.0,0.157878522,0.44,0.43,332332000,334918430,,,2.7645237112285304,0.4364589175884356,0.7900185176269514,0.6245094814823731,4.201919044810611,5.889159328623184,5.431345880023591,5.889159325614145,1.8505582279166617,5177732560.0,4396300117.0,8.924093065897301,5.635690494069368,19.72105672509933,24.94757959962174,2.6455388857008475,2.6455388857008475,4.785142239647262,20.12013913105816,16.744720393190384,21.182447305212666,0.0280140511930959,0.0400840488756337,0.3142313063034133,0.1397040683839726,-3.576309409333865,2.323098390718743,0.0,1.8100638703684573,0.0,0.0,0.0,0.1395321741698906,0.0345616800192575,0.2095001980472677,0.0598689152969154,1.7998508299105356,0.0,7.604831514055805,0.049944674398757,0.034129123691942,0.2497263414296547,2065971699.0,1805010039.0,1182432303.0,2619272116.0,690058680.5,141699370.0,1127684974.0,72.60197659425391,0.0,190.03686721251017,1.2396356713946968,0.0,0.4735923156392428,0.0741122617773496,0.1655090359038551,2008-04-16,0.65,bmo,932874151.0,2025-04-22,2008-03-31,-0.0153846153846153,33.0772131147541,3114245.901639344
2007-12-31,ASML,EUR,937966,2007-12-31,2007-12-30 19:00:00,2007,Q4,978096152.0,579828728.0,398267424.0,0.4071863724,129978553,0.0,0.0,57206062.0,-14527.240000009537,187170088.0,766998816.0,0.0,0.0,20789814.0,231887150.0,0.2370801168,211096635.0,0.2158240113,5496389.0,216593024.0,0.2214434885,9593339.0,206999685.0,0.2116353127,0.62,0.62,332332000,334918430,,,2.943129617370581,0.6228701569514823,0.2056597859971353,0.6589499295884838,3.83243266673086,5.749140191134167,5.247448695882431,5.749140188125128,1.8179789908886297,7198311120.0,6528843701.0,8.693625693198518,7.359512769047271,105.31956889375398,32.87047926923178,3.76751988840676,3.76751988840676,6.675053048363286,28.155263027727063,95.52449074527098,29.813412889241025,0.0287567016136418,0.0304224344223676,0.3162175440848829,0.1482936926091398,-2.887039747566866,2.5440298989444536,0.0,0.330180830951506,0.1223153277931671,4.253454705498707,0.0,0.1328893409244288,0.0409232916080702,2.2040776780622644,0.1540163711839242,7.245991714981192,0.0,8.976178287810209,0.0728710146836584,0.0529758579342689,0.4252061891421831,2017776042.0,1743895120.0,1161061312.0,2565998791.0,625424005.5,141699370.0,1062706868.5,58.79610569207106,43.98865625022981,171.35269867139112,1.5307136236428824,2.045982025184727,0.5252324632050065,0.1083414452543743,0.4532901435913484,2008-01-16,0.61,bmo,925984471.0,2025-04-22,2007-12-31,0.4262295081967213,43.52609375,1902779.6875
2007-09-30,ASML,EUR,937966,2007-09-30,2007-09-29 20:00:00,2007,Q3,940599422.0,553398069.0,387201353.0,0.4116538283,120110576,0.0,0.0,56060899.0,0.0,176171475.0,729569544.0,0.0,0.0,28294643.0,236942595.0,0.2519059543,211029877.0,0.2243568006,9529070.0,220559649.0,0.2344883952,52527616.0,166325657.0,0.1768294272,0.45,0.45,365408890,370927480,,,2.557777037115873,0.4551768212316892,0.4636229184243438,0.3266744550194167,6.693623255854558,5.044751946237542,4.558670272088892,5.044751943500882,2.4770792166550737,8656536604.1,7115773927.1,13.01142704053771,9.261948815801643,51.09756023389048,72.51867918044563,4.695969249889415,4.695969249889415,7.613429817463142,30.03163668018408,42.00278973908899,59.611199044146446,0.0192138801701852,0.0137895506551041,0.4910210143922492,0.176466497571406,-6.50268339046426,1.858599425367896,0.0,1.007547929228682,0.0,0.0,0.0,0.1285107495094007,0.0346283356599661,0.2953875991948997,0.0535419854107071,1.76860987608149,0.0,7.187886925568956,0.0578738918962589,0.0335898420721766,0.3548266587055394,2044101941.0,1665778644.0,1138955174.0,2565062066.0,589796156.0,0.0,997168419.0,58.91937238077549,0.0,167.2816867990932,1.5275111794871332,0.0,0.5380146609119909,0.09022779045025,0.1369484608050997,2007-10-17,0.56,bmo,839820912.0,2025-04-22,2007-09-30,0.107142857142857,43.17206349206349,2707784.095238095
2007-06-30,ASML,EUR,937966,2007-06-30,2007-06-29 20:00:00,2007,Q2,935143931.0,550654039.0,384489892.0,0.4111558438,120301306,0.0,0.0,56391791.0,-738.7700000107288,176692359.0,727346399.0,0.0,0.0,27042292.0,230710936.0,0.2467116861,207797531.0,0.2222091425,8169319.0,215966850.0,0.2309450373,55470545.0,159493055.0,0.1705545528,0.44,0.43,362204150,384565720,,,2.5680325915647293,0.4403402197351962,0.7187852762040413,0.6010392150393639,6.34748928746399,6.426121906665067,5.901813342006158,6.426121906665067,1.0490536179665528,7425185075.0,5506069687.0,11.63872789790126,7.982764730999436,28.52033935400295,34.107591463324724,3.190104435886556,3.190104435886556,5.919537150905117,23.865664031634807,21.14896455695804,25.29213394088931,0.02148001071879,0.0293189860994811,0.1632483219589239,0.0774758242934019,-8.31826796454937,3.144550508051545,0.0,1.6217941360520567,0.1951219512195122,9.083885188605862,0.0,0.1293350957491077,0.038721794134582,0.1638125635473977,0.0458506870675517,1.5770893650582576,0.0,7.979210391986554,0.0428197093376535,0.0338304502900529,1.7517597368776696,2833698612.0,2137661285.0,1578226225.0,3337089101.0,608069723.0,0.0,939654749.0,54.9321276675297,0.0,160.09485303609924,1.6383854735195131,0.0,0.5621667298679877,0.0685234774769029,0.1177460587351083,2007-07-18,0.56,bmo,801551941.0,2025-04-22,2007-06-30,0.1428571428571427,38.37,2740815.507936508
2007-03-31,ASML,EUR,937966,2007-03-31,2007-03-30 20:00:00,2007,Q1,959957086.0,567475101.0,392481985.0,0.4088536777,116407068,0.0,0.0,56313420.0,0.0,172720488.0,740195590.0,0.0,0.0,50416264.0,272326876.0,0.2836865105,196620512.0,0.2048221893,10256769.0,206877281.0,0.2155068013,53623095.0,152629138.0,0.1589957929,0.42,0.4,364651210,387012010,,,2.6008088441554875,0.4185619951734152,0.4750984618973292,-0.1758992133880482,4.011438950113452,5.912029870955316,5.37863773714065,5.912029870955316,1.7840836343310091,6742400872.9,5930193061.9,11.043764253094318,7.109326793297611,38.91824849560504,-105.11701356622626,3.1275214103429803,3.1275214103429803,6.252918095369759,21.776011053348988,34.23005121774522,-92.45433433713436,0.022637209041288,-0.0095132078630637,0.3017717557713762,0.1615380269032215,-2.9824739406183327,2.7257906410292625,0.0,1.1304437069695683,0.0,0.0,0.0,0.1227420177266418,0.048295444901847,1.3702373876050578,0.2503058526382256,4.708541870536063,0.0,7.461728882237509,0.0516795257177953,0.039821462772884,1.4556308012799408,2107088608.0,1961326759.0,1456520352.0,2590026582.0,660587966.5,163497378.5,857459885.5,61.53316222785303,0.0,146.54479028429728,1.4626259522749092,0.0,0.6141467043993838,0.0707983559470379,0.6509976752853776,2007-04-18,0.6,bmo,847962093.0,2025-04-22,2007-03-31,0.1166666666666667,36.07262295081967,3296147.147540984
2006-12-31,ASML,EUR,937966,2006-12-31,2006-12-30 19:00:00,2006,Q4,1070114519.0,630507487.0,439607032.0,0.4108037263,107200916,0.0,0.0,52223214.0,30.269999980926517,159424161.0,789931648.0,0.0,0.0,14701246.0,294884117.0,0.27556314,280182871.0,0.2618251281,5768130.0,285951000.0,0.2672153269,79997424.0,205954334.0,0.1924600875,0.56,0.53,364651210,387012010,,,2.934624895389762,0.5647981642512581,0.9994772484095144,0.9357654400762856,4.540930293361703,5.9137419947132495,5.86417076197279,5.9137419947132495,1.0663290353540853,6829917163.3,5562899610.3,8.290572272322272,6.382417061009898,18.739796258299403,20.015699659172167,3.1671993835280934,3.1671993835280934,5.198415227090289,18.86469731531861,15.263377696959653,16.30258832891791,0.0301547338094638,0.0499607816378155,0.1803137567224541,0.0984143292793185,-4.296662586951063,2.8999492692737263,0.0,1.769618443669168,0.0,0.0,0.0,0.1001770503031554,0.0045750602862289,0.0637451303513783,0.0217103751771449,1.580314191735857,0.0,8.669001615270721,0.0726673673408778,0.0523662965810758,2.1118478977486457,2244623286.0,2138376964.0,1631456592.0,2533589582.0,673296185.0,163497378.5,822419156.0,56.58134206662418,46.675937616582175,115.40421401847682,1.590630351150483,1.9281883684758896,0.7798675357347914,0.0955060543317876,0.0637118074831014,2007-01-17,0.65,bmo,872554916.0,2025-04-22,2006-12-31,0.1846153846153846,35.138888888888886,2274919.253968254
2006-09-30,ASML,EUR,937966,2006-09-30,2006-09-29 20:00:00,2006,Q3,957450983.0,566938007.0,390512976.0,0.40786733,100218268,0.0,0.0,51389175.0,0.0,151607443.0,718545451.0,0.0,0.0,29529236.0,268434768.0,0.2803639797,238906320.0,0.2495232907,-364826.0,238541494.0,0.2491422519,66699238.0,171841468.0,0.179478084,0.48,0.45,354769030,401448740,,,2.6988009156267108,0.4843756175672944,0.0056330931705058,-0.0410003590223193,4.451543070149048,4.903777866405081,4.848291580017568,4.903777866405081,1.6737171702952764,6541940913.200001,5556454313.200001,9.517407220357311,6.832664052108452,3273.51233893118,-449.752159242357,3.7603660896487994,3.7603660896487994,5.803382535354293,20.699458399517013,2780.386126427171,-382.0009012999179,0.0262676582194845,-0.0022234468016442,0.3413117836681833,0.1542072885226474,-3.671233079613592,2.2101921773941786,0.0,0.0116586934975837,0.0,0.0,0.0,0.1046719568723864,0.005112207681122,8.278480540139418,0.0172793227995463,0.5602618570964721,0.0,7.310511933523383,0.0737543160422124,0.044857080160243,1.104886650477918,1835933404.0,1720023701.0,1242150387.0,2136783622.0,607250625.5,0.0,876604598.0,63.33984582686465,0.0,132.7697670302778,1.42090652140217,0.0,0.677865164736455,0.098776011223034,0.0466334521928252,2006-10-18,0.54,bmo,833336967.0,2025-04-22,2006-09-30,0.1296296296296295,30.43936507936508,2273460.3174603176
2006-06-30,ASML,EUR,937966,2006-06-30,2006-06-29 20:00:00,2006,Q2,942423354.0,561229851.0,381193503.0,0.4044822334,92385930,0.0,0.0,51059171.0,-782.6000000238419,143444319.0,704674170.0,0.0,0.0,20754468.0,258503653.0,0.2742967393,237749184.0,0.2522742916,-1889979.0,235859205.0,0.2502688457,68628541.0,167230663.0,0.1774474946,0.45,0.43,368874660,415186310,,,2.5548606510406544,0.4533536215255339,0.8945426422080606,0.8564490144158994,4.697252801263172,4.496450875752756,4.438257843463685,4.496450875752756,1.6878398288459284,5842974614.4,4732878427.4,8.734903201334555,6.199946753866203,17.707372742903623,18.49497136826402,3.5227783951599845,3.5227783951599845,5.022030075243657,18.30874872549673,14.343180997959072,14.981145183911796,0.0286208094397433,0.0540687509100946,0.3753715709311214,0.1581013961208133,-4.294315279946933,2.0589033319346512,0.0,1.9720179124430897,0.1578282828282828,5.514459091751613,0.0,0.098030178908321,0.0054509909602598,0.0425844733765524,0.0149102563835658,0.6770481339247048,0.0,6.772433203215726,0.0738947187617125,0.0426987709528074,0.8600885352222352,1754348159.0,1637160853.0,1131746816.0,2063050989.0,493923518.0,0.0,928401580.0,51.63318028300899,0.0,147.02817461147484,1.743065205487961,0.0,0.6121275751251553,0.1008247691463186,0.0380936273313,2006-07-19,0.44,bmo,685398803.0,2025-04-22,2006-06-30,0.2727272727272728,29.816666666666663,2482402.793650794
2006-03-31,ASML,EUR,937966,2006-03-31,2006-03-30 19:00:00,2006,Q1,629075075.0,377579851.0,251495224.0,0.3997857076,86967604,0.0,0.0,50241458.0,0.0,137209063.0,514788914.0,0.0,0.0,22106967.0,136393128.0,0.2168153427,114286160.0,0.1816733241,-4374203.0,109911957.0,0.1747199362,29918162.0,79993794.0,0.1271609656,0.22,0.21,373437680,420213640,,,1.684551690124039,0.2142092195945519,-0.5862458861141169,-0.6315284884749712,4.472576572883593,4.818723265954309,4.756637254708737,4.818723263276485,1.6683160520920115,6292424908.000001,5245208365.000001,19.665353377288245,10.002661300799431,-28.742205956768164,-26.68129832224948,3.496776859632911,3.496776859632911,8.3379688266937,38.45654426959107,-23.958785574274067,-22.24086440364136,0.0127127133290535,-0.0374794355178024,0.3462153688729661,0.1636547095062302,-7.677927461272096,2.358672275473523,0.0,-2.7367911018197235,0.0,0.0,0.0,0.1382467807995731,0.00609037365675,-0.0772416547960898,0.0268810999545642,0.7649276343516502,0.0,4.819215326953422,0.0343352595202832,0.0211417747368404,1.253785938258828,1880897399.0,1776307581.0,1257885322.0,2182057399.0,374759607.5,171850435.0,858280944.5,63.97633589281851,0.0,224.04713505223563,1.406770155620974,0.0,0.4017011865785156,0.0444535217921812,0.0452826023608544,2006-04-19,0.28,bmo,674009008.0,2025-04-22,2006-03-31,-0.0714285714285714,31.08129032258065,2808302.5483870967
2005-12-31,ASML,EUR,937966,2005-12-31,2005-12-30 19:00:00,2005,Q4,548079875.0,343847354.0,204232521.0,0.3726327682,82269785,0.0,0.0,47297792.0,831.1899999976158,129568409.0,473415764.0,0.0,0.0,21312716.0,95976828.0,0.1751146728,74665787.0,0.1362315794,-1784804.0,72880983.0,0.1329751124,21216302.0,51664681.0,0.0942648752,0.14,0.12,373437680,420213640,,,1.467660882533332,0.1383488698837246,0.5610443863083125,0.5004378187011016,5.096334660176766,4.580516467968631,4.513774325076141,4.580516467968631,1.0236440575573411,6311096791.999999,4790200661.999999,30.538738795270987,11.514921601527512,30.122393900422857,33.77042934897357,3.689540277429636,3.689540277429636,8.73996816978547,49.909970581649134,22.86327019825405,25.63217430424056,0.0081863236617588,0.0296117052485859,0.2234778686455213,0.1018517954452367,-15.846492968073502,2.2576460088590697,0.0,4.055287092549744,0.0,0.0,0.0,0.1501054659231923,0.0066407918214109,0.1080245496752086,0.0412946668403031,1.061937663881037,0.0,3.7760374373956,0.0226751809217954,0.0138576316615591,1.2735483916620305,1784480424.0,1685613412.0,1160751477.0,2087774306.0,352698590.5,171850435.0,714502529.0,49.64752820015513,89.96165868416135,203.27300858042955,1.8127790700306965,1.000426196186236,0.4427543067745242,0.0302037708741345,0.0606065671787592,2006-01-18,0.15,bmo,401925242.0,2025-04-22,2005-12-31,0.2666666666666667,26.95857142857143,2422852.9206349207
2005-09-30,ASML,EUR,937966,2005-09-30,2005-09-29 20:00:00,2005,Q3,532579174.0,335588806.0,196990368.0,0.3698799683,79856579,0.0,0.0,48182421.0,831.1899999976158,128039832.0,463628638.0,0.0,0.0,21913427.0,90863962.0,0.1706111813,68951366.0,0.1294668837,-3906593.0,65044773.0,0.1221316495,17330311.0,47714461.0,0.0895913008,0.13,0.13,372800890,374340120,,,1.4285887944097988,0.1279891284594304,0.4652381167866847,0.4404383744899321,4.554533525925864,4.385736364524237,4.316927019675302,4.38573636184184,3.0147265125896023,5092460157.4,4518418732.4,26.681953702673077,9.561883764910416,29.36130877312277,31.01455456922782,3.114642302453248,3.114642302453248,8.484031958035219,49.72729157903108,26.051590678716767,27.518476337807822,0.0093696287305585,0.0322429263901853,0.6873934646002146,0.3189670098531343,-6.317591841306678,3.876151035273333,0.0,3.619681810352799,0.0,0.0,0.0,0.1499431124957957,0.0072802328452557,0.0533054807213493,0.0173596080007439,0.4219041453443133,0.0,3.553849733544151,0.0183334757863107,0.0136409387505002,1.174595417409009,2199222348.0,1609354235.0,1075330452.0,2517358657.0,443711155.0,0.0,673157171.0,68.11181700469572,0.0,174.96283556013486,1.3213566156045329,0.0,0.5143949554307888,0.0291830420024791,0.0247997414652094,2005-10-12,0.16,bmo,466006777.0,2025-04-22,2005-09-30,0.1249999999999999,24.89171875,1848856.96875
2005-06-30,ASML,EUR,937966,2005-06-30,2005-06-29 20:00:00,2005,Q2,761716420.0,463589553.0,298126867.0,0.3913882636,82009067,0.0,0.0,54812844.0,0.0,136821911.0,600411465.0,0.0,0.0,24877406.0,186182361.0,0.2444247703,161304954.0,0.2117651002,-3791018.0,157513936.0,0.2067881588,45925837.0,111588098.0,0.1464955922,0.3,0.29,372515990,417607960,,,2.04478852035318,0.2995525051152837,0.6017848790866669,0.5535199656798625,4.136587624064138,4.2609795380864055,4.186702243305046,4.2609795380864055,2.909696330082368,4850158189.8,4393121564.8,10.866208575846503,6.367406639074421,21.63563833601227,23.522186745347383,3.0556354198892133,3.0556354198892133,5.767397747313889,23.59579898549036,19.59688439483012,21.305660928659204,0.023007104847564,0.0425130541996822,0.6828702893487971,0.3145043570564319,-2.4547794030821213,3.780116155656021,0.0,2.01191163891938,0.0,0.0,0.0,0.1076635147237603,0.0080285123219168,0.0802029342856986,0.0236038654516598,0.7227221314794637,0.0,5.358984011430881,0.0427800797236129,0.0326401966520687,1.0524684604813876,2155175135.0,1559613531.0,1071266725.0,2489140755.0,484040542.0,0.0,711009724.5,57.23005506432433,0.0,134.71555020136532,1.5726002691914858,0.0,0.6680743230122507,0.0703013244813215,0.048264913111515,2005-07-13,0.34,bmo,649699299.0,2025-04-22,2005-06-30,0.1470588235294117,23.1421875,1986327.765625
2005-03-31,ASML,EUR,937966,2005-03-31,2005-03-30 19:00:00,2005,Q1,684418867.0,410409245.0,274009622.0,0.4003536945,79468861,0.0,0.0,50741579.0,0.0,130210441.0,540619686.0,0.0,0.0,22358355.0,166157536.0,0.2427717061,143799180.0,0.2101040561,-4599266.0,139199914.0,0.2033840981,38976500.0,100223414.0,0.1464357849,0.27,0.26,372515990,417607960,,,1.837287218194312,0.2690445959111714,0.278705177192528,0.2176416051294872,3.541185936743279,3.978610424212931,3.898718559705317,3.978610424212931,2.950531999982068,4853883349.7,4633855313.7,12.107658170824235,7.091977710924208,46.75191229404019,59.869067737520695,3.275012783534256,3.275012783534256,6.770496164156737,27.88832469025058,44.63263362576776,57.15518434923288,0.020648088711525,0.0167031162800834,0.7415986199668587,0.3284297260687308,-1.3242134019127487,3.5990719198742984,0.0,1.0359069887601315,0.0,0.0,0.0,0.1161114411534771,0.0088929261487472,0.2190973669535884,0.0332357237749847,1.0173895355897158,0.0,4.90759938891539,0.0401108954425759,0.0302166160509711,0.4871940799105026,1989268798.0,1452335004.0,890149219.0,2329227198.0,493247452.5,171487363.0,722629030.5,63.60757570991976,0.0,159.66752578880138,1.4149258008266503,0.0,0.5636712885439623,0.0676227544857939,0.0610635704792162,2005-04-13,0.38,bmo,630385798.0,2025-04-22,2005-03-31,0.0789473684210525,24.29295081967213,2691370.5409836066
2004-12-31,ASML,EUR,937966,2004-12-31,2004-12-30 19:00:00,2004,Q4,783615262.0,476350105.0,307265157.0,0.3921122672,74616125,0.0,0.0,51991305.0,804.1800000071526,126608235.0,602958341.0,0.0,0.0,17789676.0,198446597.0,0.2532449362,180653973.0,0.2305391201,-4555299.0,176098674.0,0.224725937,67614986.0,108483688.0,0.1384399887,0.29,0.26,372515990,417607960,,,2.103574834465495,0.2912188762689086,-0.127063322409328,-0.1633764323512663,3.294416677254579,3.732924355810874,3.6475729994838617,3.7329243531264256,2.192467096513092,4399413841.900001,3988920002.9000006,10.138422473939125,5.614252370061675,-92.9457830636184,-72.28704795443198,3.1637394393242406,3.1637394393242406,5.090406218887555,20.100722628667704,-84.27333880632428,-65.54219764228752,0.0246586686087136,-0.0138337368629353,0.5873323135189817,0.2519703550573921,-2.068535541579481,3.298334696924844,0.0,-0.4363155439553272,0.0,0.0,0.0,0.095220357002184,0.0098090464356572,-0.2857875054215685,0.0172625710038812,0.7603968785041392,0.0,4.945675463935356,0.0458204040019348,0.033800017955836,0.3009055698521827,1867490033.0,1358779267.0,829234941.0,2202751576.0,449890417.5,171487363.0,701507358.5,57.74557840349975,64.80050075773575,135.49739173459403,1.55856088878565,1.3888781559956695,0.6642194277531762,0.078013602398614,0.0363131099419383,2005-01-19,0.37,bmo,741257680.0,2025-04-22,2004-12-31,0.0540540540540541,21.74328125,2354684.734375
2004-09-30,ASML,EUR,937966,2004-09-30,2004-09-29 20:00:00,2004,Q3,610372620.0,378118198.0,232254422.0,0.3805125171,117547794,0.0,0.0,51500491.0,804.1800000071526,169049090.0,547167288.0,0.0,0.0,22138389.0,85343720.0,0.1398223269,63205331.0,0.1035520417,-3050255.0,60155076.0,0.0985546763,19249656.0,40905419.0,0.0670171264,0.1,0.1,372375850,372837850,,,1.6391305182653493,0.1098498170598335,0.2582705591675722,0.1807226784443728,3.53283808818429,3.4590772172792623,3.365318521595855,3.459077214593804,2.856758299443962,3857813806.0,3606058020.0,23.577645091473087,6.320424081276778,40.11297312938475,57.325400935715166,2.9950184275422616,2.9950184275422616,5.907961631699665,42.253349397003085,37.49525397889625,53.58442169304404,0.0106032641949646,0.017444273981117,0.8258729488290504,0.3248411491310425,-2.949904058552873,2.7777313077411345,0.0,2.3469032799663885,0.0,0.0,0.0,0.1925836614361895,0.0106612738126126,0.3002582963439315,0.0473103741448952,1.3043838474425578,0.0,2.9239575035261325,0.0182746878645449,0.0126255954392666,-0.0818938996715281,1640720203.0,1253163345.0,576932403.0,1991069261.0,396657147.5,0.0,638198372.5,58.53794457556107,0.0,163.24823316226636,1.537464300336469,0.0,0.5513076512781692,0.0317569716560181,0.0775478780914498,2004-10-13,0.3,bmo,824003037.0,2025-04-22,2004-09-30,-0.5,20.4159375,2855948.65625
2004-06-30,ASML,EUR,937966,2004-06-30,2004-06-29 20:00:00,2004,Q2,615626054.0,396309016.0,219317038.0,0.3562504163,68661600,0.0,0.0,50245534.0,0.0,118907134.0,515216150.0,0.0,0.0,24518093.0,124927997.0,0.2029283787,100409904.0,0.1631021029,-4394343.0,96015561.0,0.155964096,30724323.0,65291237.0,0.1060566501,0.18,0.17,372219540,394011310,,,1.653932660278931,0.1754105574360765,0.2512134585948927,0.1960711036287885,3.316173420127272,3.329071676355304,3.2949142057399783,3.329071676355304,2.820101548134738,5177573801.4,4992926157.4,19.82491847029947,8.410257765666298,55.37123718531058,70.94365127017949,4.178341998099839,4.178341998099839,8.110323019889602,39.96643088258271,53.396534576751286,68.41359017085645,0.0126103923390421,0.014095694006383,0.8471134965835909,0.3363369043445385,-1.4780325342124871,2.9081731182571864,0.0,1.4320317271867962,0.0,0.0,0.0,0.1115313420442078,0.0040737603702947,0.2195039834532247,0.0333401450874917,0.8371394121068062,0.0,3.624772015743624,0.0298314206438292,0.0210057566287301,-0.1476884495370662,1587840697.0,1226431450.0,538143796.0,1921802520.0,356642514.5,0.0,594449790.0,57.93830153588659,0.0,134.1089330655046,1.5533765680765532,0.0,0.6710962345516543,0.0526905319227363,0.0551423548586406,2004-07-14,0.21,bmo,556995001.0,2025-04-22,2004-06-30,0.0952380952380953,24.46741935483871,2799731.8870967743
2004-03-31,ASML,EUR,937966,2004-03-31,2004-03-30 19:00:00,2004,Q1,452916831.0,307130520.0,145786311.0,0.3218831826,69753248,0.0,0.0,47646876.0,811.6599999964237,117400937.0,424531458.0,0.0,0.0,25702025.0,54087399.0,0.1194201569,34239877.0,0.075598597,-4052619.0,30187258.0,0.0666507754,9659565.0,20526881.0,0.0453215239,0.0519,0.0519,371807590,373744910,,,1.2181484272550758,0.0552083431110161,0.2924470449890493,0.2601865093716887,3.0945553962467525,3.166457225900096,3.1297629991899845,3.166457225900096,2.843530980634365,5543651166.9,5450318383.9,67.51696917446932,12.239887739786822,50.983589184696,57.305046429983655,4.708732484381403,4.708732484381403,12.033817272513769,100.76872773822974,50.125230654789206,56.3402599919067,0.0037027728444678,0.0174504701121186,0.8980165458657238,0.3512475262401358,-1.7255919997188254,2.970699651178374,0.0,5.297153084289815,0.0,0.0,0.0,0.1540089553439448,0.0045326590239385,0.1103123959416164,0.0264832540082839,0.4666835192946859,0.0,1.9832635432316088,0.010419741871241,0.0068506693566781,-0.3904593246738185,1528113905.0,1163669638.0,470868316.0,1867483559.0,315458118.5,109884223.5,596168960.5,62.98579056338933,0.0,175.34038264904444,1.4288937107080268,0.0,0.5132873479587474,0.0174353667750312,0.0322605342187877,2004-04-21,0.13,bmo,627115612.0,2025-04-22,2004-03-31,-0.5384615384615385,28.318870967741937,3273856.6612903224
2003-12-31,ASML,EUR,937966,2003-12-31,2003-12-30 19:00:00,2003,Q4,523606913.0,374076891.0,149530022.0,0.2855768675,75738011,0.0,0.0,46093768.0,-857.8499999940395,121830921.0,495907813.0,0.0,0.0,32746586.0,60445686.0,0.1154409625,27722356.0,0.0529449771,-4293291.0,23429065.0,0.0447455227,7612010.0,15850491.0,0.0302717375,0.043,0.042,371807590,373744910,,,1.4082738682123193,0.0426308968033707,0.712534491294274,0.6719864191045697,2.7595246670462,3.0931215121240534,3.0539483150411213,3.063989874440164,2.309162096448865,5844815314.8,5677367092.8,92.1866602555088,11.16260150446104,22.06208989468792,23.393329914237103,5.130565257782477,5.130565257782477,10.84280392760972,93.92509984583516,21.43003267345884,22.723133973078877,0.0027118891096291,0.0427472276784077,0.7536454724318509,0.299853799321423,-2.7702261828908683,3.131488881690964,0.0,16.750280234875678,0.0,0.0,0.0,0.1446466979705441,0.0050867940344889,0.0569068168885912,0.0287927446061049,0.4603863169125477,0.0,1.7143407809523208,0.0085931425869862,0.0055640933679667,-0.4162598112911035,1460753964.0,1135481163.0,432845603.0,1822595022.0,307420569.5,109884223.5,634517858.5,53.96249737825749,52.87458462650664,142.90652878100403,1.667824959418255,1.702141031191798,0.6297822833407408,0.0139135240488221,0.0405480698228887,2004-01-15,,bmo,,2025-04-22,2003-12-31,,25.6746875,3244440.3125
2003-09-30,ASML,EUR,937966,2003-09-30,2003-09-29 20:00:00,2003,Q3,369779673.0,276416427.0,93363246.0,0.2524834457,61767773,0.0,0.0,50278588.0,0.0,112046362.0,388462789.0,0.0,0.0,45466196.0,26783081.0,0.0724298358,-18683115.15,-0.0505249924,-8388915.150000002,-27072030.3,-0.0732112452,-9512698.65,-30477694.8,-0.0824212282,-0.0821,-0.0821,371313250,371313250,,,0.995869856516028,-0.0820808166689446,-0.0429126953051096,-0.1302387368616659,2.970513255317444,3.0771919827800382,3.0354723430957558,3.0771919800868943,3.791014150451135,4177274062.5,4481936916.5,-34.26500995163847,11.296656813529069,-262.16018173671927,-86.37983038755412,3.65593049533501,3.65593049533501,12.120560549308507,167.34209617258,-281.28041851746497,-92.67980622350832,-0.007296072592795,-0.0115767766099258,1.2319719325227425,0.444386699987623,11.375198170815374,4.132579582854358,0.0,0.9003002415161877,0.0,0.0,0.0,0.1670393953753104,0.0048904204173874,-2.034969859983565,0.0876882064309684,0.713174163503804,0.0,,-0.0046453386585245,-0.0096688853102875,-0.966405855433384,1750996238.0,1127111101.0,284928873.0,2159089208.0,311860000.5,0.0,703695709.5,73.234327945333,0.0,219.79585366683003,1.2289318755977665,0.0,0.4094708726235728,-0.0266739342881775,0.0873260415565563,2003-10-15,-0.1,bmo,480713576.0,2025-04-22,2003-09-30,-0.3,19.70515625,3700990.3125
2003-06-30,ASML,EUR,937966,2003-06-30,2003-06-29 20:00:00,2003,Q2,328487946.0,256158004.0,72329942.0,0.2201905515,72824465,0.0,0.0,54786956.0,-1.4901161193847656e-08,127611421.0,383769426.0,0.0,0.0,31148949.0,-24132530.02,-0.0734654964,-73288569.86,-0.2231088561,-9376827.790000008,-82665397.65,-0.2516542803,-28817080.27,-63400705.39,-0.1930077075,-0.17,-0.17,371281680,371281680,,,0.8847405183040542,-0.1707617391464076,0.5729076479076479,0.5770670290007307,3.3600167721714684,3.1566378066378067,3.1218529661899828,3.1566378039444336,4.137062388857969,3070499493.6,3359002295.6,-12.107513136929152,9.347373415035449,14.435136326427806,14.331090816816582,2.6198761193527087,2.6198761193527087,10.225648570982877,-139.18981113112483,15.791455481049669,15.67763390043732,-0.0206483360515607,0.0697783590085526,1.3105914095334057,0.4508461352758513,-11.954933931954145,3.896634871549509,0.0,-3.945992596051111,0.0,0.0,0.0,0.2216960040293228,0.0037907600630643,0.0072601249228797,0.0047012440450402,0.0495779809456813,0.0,,-0.0173132477059763,-0.0186799747401467,-1.0212236239342594,1881426731.0,1159086814.0,295988447.0,2330625364.0,378264883.0,0.0,754372482.0,88.44840306560289,0.0,257.30229835020106,1.0175423962515897,0.0,0.3497831172790597,-0.0540960825258536,0.0041593810930827,2003-07-16,-0.11,bmo,313556676.0,2025-04-22,2003-06-30,0.3636363636363636,12.958888888888888,2250517.095238095
2003-03-31,ASML,EUR,937966,2003-03-31,2003-03-30 19:00:00,2003,Q1,317169819.0,264441352.0,52728467.0,0.1662467985,75657310,0.0,0.0,60895243.0,0.0,136552554.0,400993906.0,0.0,0.0,35185871.0,-48638215.5,-0.1533507055,-90250056.75,-0.2845480602,-7014476.0,-97264532.75,-0.3066638971,-28763561.75,-81675994.75,-0.2575150278,-0.22,-0.22,371280140,371280140,,,0.854260125521392,-0.2199848199529336,0.1258936634747013,0.057595054774543,1.8487609167568184,3.3118686418293204,3.275582079343107,3.3118686418293204,3.237451607295774,2209116833.0,2724710107.0,-6.761830204094331,6.965091571338949,47.26210863818152,103.30748053442076,1.7965688387669567,1.7965688387669567,8.590697928291847,-56.019943967722256,58.29277255096866,127.41876397663664,-0.0369722386475518,0.0096798411385786,0.9775301974258128,0.3717761265426483,-10.600579579240526,3.0098890941718044,0.0,-0.6823526194979046,0.0,0.0,0.0,0.2385388062412079,0.0041670051889796,0.5425102858110972,0.0799505973801372,0.7206846321922796,0.0,,-0.0255697851805914,-0.0253678940196109,-1.6257507787785257,1502096401.0,1216158573.0,245947810.0,1989795600.0,495000589.0,106641154.5,752976761.0,123.06796659615334,0.0,264.24385997693736,0.7313032179635693,0.0,0.3405944796895376,-0.066423171853647,0.0682986073534663,2003-04-16,-0.03677,bmo,1213174560.0,2025-04-22,2003-03-31,5.799020940984499,11.249016393442623,1913847.754098361
2002-12-31,ASML,EUR,937966,2002-12-31,2002-12-30 19:00:00,2002,Q4,572922427.0,0.0,572922427.0,1.0,0,0.0,0.0,0.0,-2051358457.15,-2051358457.15,-2051358457.15,0.0,0.0,0.0,-1478436029.45,-2.5805169422,-1478436029.45,-2.5805169422,1478436029.0,0.0,0.0,57587086.0,-57587086.12,-0.1005146306,-0.16,-0.16,371280140,371280140,,,1.5431001157239383,-0.1551041381313851,,,1.8000392183648712,3.5822757123502487,3.544406412365606,3.5408489449503007,2.919021367531266,2955389914.4,3370845763.4,-12.83008966733252,5.158446894591544,0.0,0.0,2.248048454976304,2.248048454976304,5.88359890369591,-2.280007857123182,0.0,0.0,-0.0194854444888674,,0.8243846074524473,0.3284656248635042,-0.2810103654972178,3.2085920762666253,0.0,0.0,,,0.0,0.0,0.0042612785986965,0.0,,0.0,,,,-0.0175279304210278,-1.398316370355818,1661471747.0,1315967709.0,444268896.0,2170927602.0,,,,87.38820295823399,0.0,0.0,1.029887295462687,0.0,0.0,-0.043804223377725,,2002-12-30,,bmo,,2025-04-22,2002-12-31,,12.585625,2203815.3125
2002-09-30,ASML,EUR,937966,2002-09-30,2002-09-29 20:00:00,2002,Q3,584872922.0,0.0,584872922.0,1.0,0,0.0,0.0,0.0,0.0,0.0,0.0,0.0,0.0,0.0,584872922.0,1.0,584872922.0,1.0,-584872922.26,0.0,0.0,54783893.0,-54783893.34,-0.0936680282,-0.15,-0.15,367338889,367338889,,,1.5921889555233015,-0.1491371999548896,,,,,,,,2284847889.58,,-10.426640707149858,3.90657150234765,0.0,0.0,0.0,0.0,,,0.0,0.0,-0.0239770417933906,,0.0,0.0,,0.0,0.0,0.0,,,0.0,0.0,0.0,0.0,,0.0,,,0.0,0.0,,,,,,,,,,0.0,0.0,0.0,0.0,0.0,0.0,,2003-01-16,-0.02041,bmo,7992267866.0,2025-04-22,2002-09-30,16.1484566389025,15.84296875,2445245.859375
2002-06-30,ASML,EUR,937966,2002-06-30,2002-06-29 20:00:00,2002,Q2,397398633.0,299679919.0,97718714.0,0.245895949,87073919,0.0,0.0,69959706.0,2.9802322387695312e-08,157033626.0,456713545.0,0.0,0.0,-1006.60000000149,68364245.0,0.1720293915,-59313905.0,-0.1492554329,117477266.0,-70181158.6,-0.1766014092,-22809556.0,-47371602.6,-0.1192042414,-0.13,-0.13,366129610,369024040,,,1.659985874947399,0.0257829297116941,,,1.5897385190998343,3.732784586857097,3.6768253433531366,3.732784586857097,3.208229214239187,5510250630.5,6102827997.5,145.92988624925238,9.066342206361783,0.0,0.0,4.031842623062182,4.031842623062182,10.04134489738808,89.26929563107147,0.0,0.0,0.00171315147586,,0.8594734412307539,0.3611009852434076,8.667942825961143,3.196709716662187,0.0,0.0,,,0.0,0.1237791588130444,0.0062984707804139,0.0,,0.0,,1.4715460438655046,0.0183874206132121,0.002920381513842,-1.1629819225765434,1563169272.0,1346194629.0,388541561.0,2179057481.0,,,,83.811042009987,0.0,208.12223073012512,1.0738441837923398,0.0,0.4324381863689718,0.0069071571401345,,2002-06-29,,bmo,,2025-04-22,2002-06-30,,29.2290625,2330206.859375
2002-03-31,ASML,EUR,937966,2002-03-31,2002-03-30 19:00:00,2002,Q1,451225058.0,0.0,451225058.0,1.0,0,0.0,0.0,0.0,0.0,0.0,0.0,0.0,0.0,0.0,451225058.0,1.0,451225058.0,1.0,-451225058.9,0.0,0.0,53993085.0,-53993085.3,-0.1196588805,-0.15,-0.15,362369700,362369700,,,1.2452063679717151,-0.149,,,,,,,,10381891905.0,,-48.07046979865772,23.008234407496047,0.0,0.0,0.0,0.0,,,0.0,0.0,-0.0052006980802792,,0.0,0.0,,0.0,0.0,0.0,,,0.0,0.0,0.0,0.0,,0.0,,,0.0,0.0,,,,,,,,,,0.0,0.0,0.0,0.0,0.0,0.0,,2002-07-18,-0.11,bmo,361271485.0,2025-04-22,2002-03-31,1.9090909090909087,30.242666666666665,2433426.65
2001-12-31,ASML,EUR,937966,2001-12-31,2001-12-30 19:00:00,2001,Q4,478804911.0,0.0,478804911.0,1.0,0,0.0,0.0,0.0,-2485040311.97,-2485040311.97,-2485040311.97,0.0,0.0,0.0,-2006235400.78,-4.1900894387,-2006235400.78,-4.1900894387,2006235400.0,0.0,0.0,203049029.0,-203049029.56,-0.4240746594,-0.56,-0.56,362369700,362369700,,,1.3213160785794176,-0.5603366660071193,,,2.5174928698508734,3.442801851258535,3.3920014642504603,3.3899699395396468,4.244575846159323,6993735210.0,7619577750.0,-8.610894650857448,14.606648865387264,0.0,0.0,5.693265823655332,5.693265823655332,15.913741849652832,-3.79794801100489,0.0,0.0,-0.0290329878760165,,1.2520983731011286,0.4213775361232292,-0.3119487073932999,3.1359265243195957,0.0,0.0,,,0.0,0.0,0.0050431757347293,0.0,,0.0,,,,-0.0559090210095267,-1.7297828833371005,1773139983.0,1229158553.0,200673006.0,2466067586.0,,,,107.35047222604616,0.0,0.0,0.8383754457128838,0.0,0.0,-0.1652925176331245,,2001-12-30,,bmo,,2025-04-22,2001-12-31,,23.75234375,2380423.65625
2001-09-30,ASML,EUR,937966,2001-09-30,2001-09-29 20:00:00,2001,Q3,415453105.0,0.0,415453105.0,1.0,0,0.0,0.0,0.0,0.0,0.0,0.0,0.0,0.0,0.0,415453105.0,1.0,415453105.0,1.0,-415453105.2,0.0,0.0,186595827.0,-186595827.6,-0.4491381226,-0.53,-0.53,353758811,353758811,,,1.1743964873287636,-0.5274662334841463,,,,,,,,6905371990.72,,-9.251777062136195,16.621303120890143,0.0,0.0,0.0,0.0,,,0.0,0.0,-0.0270218357317697,,0.0,0.0,,0.0,0.0,0.0,,,0.0,0.0,0.0,0.0,,0.0,,,0.0,0.0,,,,,,,,,,0.0,0.0,0.0,0.0,0.0,0.0,,2002-01-23,-0.17,bmo,,2025-04-22,2001-09-30,0.2941176470588234,26.61542372881356,2565892.305084746
2001-06-30,ASML,EUR,937966,2001-06-30,2001-06-29 20:00:00,2001,Q2,510918547.0,328557313.0,182361234.0,0.3569281935,99292097,0.0,0.0,80124106.0,0.0,179416204.0,507973518.0,0.0,0.0,40710360.0,43655389.0,0.0854449095,-64267068.6,-0.1257873079,673015.0,-63594053.4,-0.1244700428,-15261678.6,-48332374.8,-0.0945989827,-0.13,-0.13,361881520,361881520,,,1.411839286515653,-0.1335585602713285,,,2.4813937169270206,5.262661812628619,5.209612944590263,4.554448345414267,2.575536277729794,7063927270.4,7097995723.4,-36.53827946397536,13.825936270816175,0.0,0.0,4.285919724977029,4.285919724977029,13.892617062108728,162.59151243389445,0.0,0.0,-0.0068421393581623,,0.5654990642989774,0.2603290845659083,0.7803951305988821,3.5784292155893005,0.0,0.0,,,0.0,0.1943403651776219,0.0053620534772106,0.0,,0.0,,,-0.0172197752092022,-0.0135725585709174,0.7072697612467197,1917667390.0,1885262651.0,985628407.0,2530095925.0,,,,107.12605907806278,0.0,316.462758903802,0.8401317174789094,0.0,0.2843936528637738,-0.0293248600361895,,2001-06-29,,bmo,,2025-04-22,2001-06-30,,35.42285714285714,3060167.904761905
2001-03-31,ASML,EUR,937966,2001-03-31,2001-03-30 19:00:00,2001,Q1,495698681.0,0.0,495698681.0,1.0,0,0.0,0.0,0.0,0.0,0.0,0.0,0.0,0.0,0.0,495698681.0,1.0,495698681.0,1.0,-495698681.15,0.0,0.0,46892590.0,-46892590.9,-0.0945989826,-0.13,-0.13,351445111,351445111,,,1.4104583204744026,-0.1334279221201059,,,,,,,,6860208566.72,,-36.574053784688616,13.839473110722276,0.0,0.0,0.0,0.0,,,0.0,0.0,-0.0068354468299234,,0.0,0.0,,0.0,0.0,0.0,,,0.0,0.0,0.0,0.0,,0.0,,,0.0,0.0,,,,,,,,,,0.0,0.0,0.0,0.0,0.0,0.0,,2001-08-06,0.67,bmo,,2025-04-22,2001-03-31,-1.1991492537313433,35.817903225806454,2823873.7741935486
2000-12-31,ASML,EUR,937966,2000-12-31,2000-12-30 19:00:00,2000,Q4,484917722.0,0.0,484917722.0,1.0,0,0.0,0.0,0.0,-1672196529.54,-1672196529.54,-1672196529.54,0.0,0.0,0.0,-1187278806.84,-2.4484129018,-1187278806.84,-2.4484129018,1187278806.0,0.0,0.0,-84426108.24,84426108.0,0.1741039854,0.24,0.24,351445111,351445111,,,1.3797822385982772,0.2402255867488792,,,2.0235461434545323,3.0966838744841723,3.04641666220248,2.7559744514414373,2.331220749290776,6860208566.72,6968339302.72,20.31423907021747,14.147159931432656,0.0,0.0,7.082794250792345,7.082794250792345,14.370147731412464,-5.869168440112709,0.0,0.0,0.0123066386654138,,0.8458789405944945,0.3425823320863414,-0.0910744261390424,4.344598169928272,0.0,0.0,,,0.0,0.0,0.007386970460082,0.0,,0.0,,3.859566108049569,,0.0355648394629818,0.4575787170361291,1607930952.0,1070648242.0,785469345.0,1895536391.0,,,,124.90735440681624,0.0,0.0,0.7205340344242265,0.0,0.0,0.0871653895859723,,2000-12-30,,bmo,,2025-04-22,2000-12-31,,36.38507936507937,1995743.2698412696
2000-09-30,ASML,EUR,937966,2000-09-30,2000-09-29 20:00:00,2000,Q3,623194441.0,0.0,623194441.0,1.0,0,0.0,0.0,0.0,0.0,0.0,0.0,0.0,0.0,0.0,623194441.0,1.0,623194441.0,1.0,-623194441.54,0.0,0.0,-104535922.26,104535922.0,0.1677420643,0.32,0.32,322738500,322738500,,,1.930957852874696,0.3239028563372513,,,,,,,,6299855520.0,,15.066245649031536,10.1089725862943,0.0,0.0,0.0,0.0,,,0.0,0.0,0.0165933840336706,,0.0,0.0,,0.0,0.0,0.0,,,0.0,0.0,0.0,0.0,,0.0,,,0.0,0.0,,,,,,,,,,0.0,0.0,0.0,0.0,0.0,0.0,,2000-09-29,,bmo,,2025-04-22,2000-09-30,,56.1279365079365,1329022.9206349207
2000-06-30,ASML,EUR,937966,2000-06-30,2000-06-29 20:00:00,2000,Q2,487404736.0,275855424.0,211549312.0,0.4340321223,51768230,0.0,0.0,39979914.0,16134529.0,107882674.0,383738099.0,0.0,0.0,16134529.0,119801167.0,0.245794015,103666637.0,0.2126910745,-238306.0,103428331.0,0.2122021461,30975693.0,72452637.0,0.148649842,0.23,0.22,321809180,335393520,,,1.5145768557627846,0.2251416103170208,,,2.700756547715637,2.7583802767839005,2.699405995814041,2.4044171455891967,2.5388039986926416,6281715193.599999,6229597376.599999,21.675246939597244,12.888088132159634,0.0,0.0,8.118391617614535,8.118391617614535,12.781158894196713,51.99947156274362,0.0,0.0,0.0115338939711588,,1.0558916548028996,0.3840656237716109,-0.4350359708933386,4.492642878880482,0.0,0.0,,,0.0,0.1062119962658713,0.0089215213221795,0.0,,0.0,,3.4899889442110905,0.0426000576172698,0.0343656043478787,0.7277254396533995,1475939427.0,868693630.0,658928994.0,1704682527.0,,,,92.4735127727606,0.0,149.4626037151983,0.9732516620317122,0.0,0.6021573140228136,0.0936366681339108,,2000-06-29,,bmo,,2025-04-22,2000-06-30,,56.21380952380952,1671911.0634920634
2000-03-31,ASML,EUR,937966,2000-03-31,2000-03-30 19:00:00,2000,Q1,485775117.0,0.0,485775117.0,1.0,0,0.0,0.0,0.0,0.0,0.0,0.0,0.0,0.0,0.0,485775117.0,1.0,485775117.0,1.0,-485775117.7,0.0,0.0,-72210394.5,72210394.0,0.1486498412,0.23,0.22,312597353,332134688,,,1.5539962585671672,0.2310012970583279,,,,,,,,6101900330.559999,,21.12542250690392,12.561162803569454,0.0,0.0,0.0,0.0,,,0.0,0.0,0.0118340828411028,,0.0,0.0,,0.0,0.0,0.0,,,0.0,0.0,0.0,0.0,,0.0,,,0.0,0.0,,,,,,,,,,0.0,0.0,0.0,0.0,0.0,0.0,,2000-03-30,,bmo,,2025-04-22,2000-03-31,,62.99634920634921,1664300.5396825396
1999-12-31,ASML,EUR,937966,1999-12-31,1999-12-30 19:00:00,1999,Q4,465192710.0,0.0,465192710.0,1.0,0,0.0,0.0,0.0,-1112150389.0,-1112150389.0,-1112150389.0,0.0,0.0,0.0,-646957679.0,-1.390730476,-646957679.0,-1.390730476,646957679.0,0.0,0.0,-8217399.0,8217399.0,0.0176645051,0.026,0.025,312597353,332134688,,,1.4881530682699031,0.0262874874695436,,,1.929100698431058,1.955487540548688,1.89158687469756,1.955487540548688,2.5242352579997696,6101900330.559999,6287937818.559999,185.63965101852787,13.116930251465032,0.0,0.0,9.982165365534833,9.982165365534833,13.516845134052078,-9.719241339370514,0.0,0.0,0.0013466950547921,,1.2908470167452446,0.4632168484919199,-0.2875574307852059,4.86006600660066,0.0,0.0,,,0.0,0.0,0.0117262703459541,0.0,,0.0,,1.0754576792826398,,0.0048811971219668,0.128437159223162,1162336784.0,591305050.0,371279944.0,1384448849.0,,,,88.05818087734006,0.0,0.0,1.0220515470943554,0.0,0.0,0.0134429327338836,,1999-12-30,,bmo,,2025-04-22,1999-12-31,,41.5165625,1511441.671875
1999-09-30,ASML,EUR,937966,1999-09-30,1999-09-29 20:00:00,1999,Q3,337636080.0,0.0,337636080.0,1.0,0,0.0,0.0,0.0,0.0,0.0,0.0,0.0,0.0,0.0,337636080.0,1.0,337636080.0,1.0,-337636080.0,0.0,0.0,-69210720.0,69210720.0,0.2049861496,0.21,0.21,335176471,335176471,,,1.0073382507807358,0.2064903893567159,,,,,,,,6542644713.92,,23.63306115699996,19.37780083787254,0.0,0.0,0.0,0.0,,,0.0,0.0,0.010578401094094,,0.0,0.0,,0.0,0.0,0.0,,,0.0,0.0,0.0,0.0,,0.0,,,0.0,0.0,,,,,,,,,,0.0,0.0,0.0,0.0,0.0,0.0,,2000-02-03,0.27,bmo,465192710.0,2025-04-22,1999-09-30,0.0,30.509375,1811162.34375
1999-06-30,ASML,EUR,937966,1999-06-30,1999-06-29 20:00:00,1999,Q2,203803934.0,135894402.0,67909532.0,0.3332101136,26392251,0.0,0.0,28852398.0,10895352.0,66140002.0,202034405.0,0.0,0.0,10895352.0,12664880.0,0.0621424707,1769528.0,0.0086825017,-335167.0,1434361.0,0.0070379456,-323576.5,1757938.0,0.0086256333,0.0055,0.0055,320040490,322121030,,,0.6368067177999883,0.0054928612314023,,,0.3061606142397794,1.5883815482222263,1.5883815482222263,1.588381545097622,0.8501560880624823,6247190364.8,6421290942.8,888.4258666687904,30.65294296429037,0.0,0.0,12.28923872872138,12.28923872872138,31.50719820158133,507.0155376758406,0.0,0.0,0.0002813965794775,,0.53523417637683,0.2710773228119136,13.746721484925242,3.896931657122813,0.0,0.0,,,0.0,0.129498241187042,0.0,0.0,,0.0,,0.4430655557806167,0.0027788686052447,0.0017514314584035,0.1137814484036066,646839082.0,508346409.0,374754711.0,780430779.0,,,,133.00314212776678,0.0,275.3907127830034,0.6766757428448068,0.0,0.3268084064654581,0.0034581497426455,,1999-06-29,,bmo,,2025-04-22,1999-06-30,,22.919206349206352,2909468.761904762
1999-03-31,ASML,EUR,937966,1999-03-31,1999-03-30 19:00:00,1999,Q1,196006340.0,0.0,196006340.0,1.0,0,0.0,0.0,0.0,0.0,0.0,0.0,0.0,0.0,0.0,196006340.0,1.0,196006340.0,1.0,-196006340.0,0.0,0.0,-1672092.0,1672092.0,0.0085308057,0.0052,0.0052,319600870,319600870,,,0.6132847510709217,0.0052318130423111,,,,,,,,6238608982.4,,932.7550431435592,31.82860810726837,0.0,0.0,0.0,0.0,,,0.0,0.0,0.0002680232091347,,0.0,0.0,,0.0,0.0,0.0,,,0.0,0.0,0.0,0.0,,0.0,,,0.0,0.0,,,,,,,,,,0.0,0.0,0.0,0.0,0.0,0.0,,1999-07-27,0.00349,bmo,203803934.0,2025-04-22,1999-03-31,0.498567335243553,20.89,4344939.8852459015
1998-12-31,ASML,EUR,937966,1998-12-31,1998-12-30 19:00:00,1998,Q4,179815070.0,0.0,179815070.0,1.0,0,0.0,0.0,0.0,-686391300.0,-686391300.0,-686391300.0,0.0,0.0,0.0,-506576230.0,-2.8172067558,-506576230.0,-2.8172067558,506576230.0,0.0,0.0,-1655540.0,1655540.0,0.0092069035,0.0052,0.0052,319600870,319600870,,,0.562623843921326,0.0051800234461189,,,0.469548659238631,1.5559135117498273,1.5559135117498273,1.5559135117498273,0.847055109706053,6238608982.4,6359260372.4,942.0806779661016,34.69458362082777,0.0,0.0,12.545684482196712,12.545684482196712,35.365558472935554,-12.553412489172656,0.0,0.0,0.0002653700535921,,0.5444101508916324,0.2903520804755373,-0.2381702552447042,4.858350951374208,0.0,0.0,,,0.0,0.0,0.0,0.0,,0.0,,0.4258433286989939,,0.0017755994471417,0.2019592812747975,622441800.0,497271312.0,348652674.0,758270538.0,,,,104.21685724116448,0.0,0.0,0.8635838997882486,0.0,0.0,0.0033292489633908,,1998-12-30,,bmo,,2025-04-22,1998-12-31,,12.21453125,2229125.0
1998-09-30,ASML,EUR,937966,1998-09-30,1998-09-29 20:00:00,1998,Q3,176072050.0,0.0,176072050.0,1.0,0,0.0,0.0,0.0,0.0,0.0,0.0,0.0,0.0,0.0,176072050.0,1.0,176072050.0,1.0,-176072050.0,0.0,0.0,-1442518.0,1442518.0,0.0081927711,0.0045,0.0045,312529412,312529412,,,0.5633775358077339,0.0046156231849308,,,,,,,,6100574122.24,,1057.278682525972,34.648168873140285,0.0,0.0,0.0,0.0,,,0.0,0.0,0.0002364561057853,,0.0,0.0,,0.0,0.0,0.0,,,0.0,0.0,0.0,0.0,,0.0,,,0.0,0.0,,,,,,,,,,0.0,0.0,0.0,0.0,0.0,0.0,,1999-01-22,0.0314,bmo,295091475.0,2025-04-22,1998-09-30,-0.8528662420382166,12.0221875,1894291.71875
1998-06-30,ASML,EUR,937966,1998-06-30,1998-06-29 20:00:00,1998,Q2,224773100.0,128506825.0,96266275.0,0.4282820097,32787000,0.0,0.0,22495525.0,0.0,55282525.0,183789350.0,0.0,0.0,-6557400.0,34426350.0,0.1531604538,40983750.0,0.1823338736,6466325.0,47450075.0,0.211102107,16029200.0,31420875.0,0.1397893031,0.0946,0.0946,332062500,332062500,,,0.676899981178242,0.0946233766233766,,,0.5090463391680783,1.4977920572181442,1.4977920572181442,1.4977920572181442,0.8110183323922454,6481860000.0,6582133575.0,51.57287949492176,28.837347529575386,0.0,0.0,13.032516700785942,13.032516700785942,29.2834577402723,160.6034971177601,0.0,0.0,0.0048475090483287,,0.5414759201611427,0.2707627506638586,2.4466666666666668,3.925748502994012,0.0,0.0,,,0.0,0.1458670988654781,0.0,0.0,,0.0,,1.7857318369529136,0.0354069207359348,0.0315905136892225,0.2508890833803877,667488675.0,497360575.0,398362050.0,766487200.0,,,,129.56645056726094,0.0,236.51311126860384,0.6946242611877287,0.0,0.3805285868392664,0.063175242629555,,1998-06-29,,bmo,,2025-04-22,1998-06-30,,19.43809523809524,3055415.8571428573
1998-03-31,ASML,EUR,937966,1998-03-31,1998-03-30 19:00:00,1998,Q1,229156268.0,0.0,229156268.0,1.0,0,0.0,0.0,0.0,0.0,0.0,0.0,0.0,0.0,0.0,229156268.0,1.0,229156268.0,1.0,-229156268.0,0.0,0.0,-32033595.0,32033595.0,0.1397893031,0.0965,0.0965,332062500,332062500,,,0.6900998095238096,0.0964685714285714,,,,,,,,6481860000.0,,50.58642340954863,28.28576349480434,0.0,0.0,0.0,0.0,,,0.0,0.0,0.0049420374707259,,0.0,0.0,,0.0,0.0,0.0,,,0.0,0.0,0.0,0.0,,0.0,,,0.0,0.0,,,,,,,,,,0.0,0.0,0.0,0.0,0.0,0.0,,1998-08-03,0.25,bmo,233764024.0,2025-04-22,1998-03-31,-0.04,19.710655737704915,4633661.196721312
1997-12-31,ASML,EUR,937966,1997-12-31,1997-12-30 19:00:00,1997,Q4,241441781.0,0.0,241441781.0,1.0,0,0.0,0.0,0.0,-604272123.0,-604272123.0,-604272123.0,0.0,0.0,0.0,-362830342.0,-1.5027653478,-362830342.0,-1.5027653478,362830342.0,0.0,0.0,-37786511.0,37786511.0,0.1565036128,0.11,0.11,320405556,332062500,,,0.7535505439237764,0.1179333825284852,,,0.1078177932719743,1.3499922641790894,1.3499922641790894,1.3499922641790894,0.0,6254316453.12,6219771033.12,41.37929308371445,25.90403544579552,0.0,0.0,14.459342114726727,14.459342114726727,25.76095573582602,-17.14236741843382,0.0,0.0,0.0060416691869101,,0.0,0.0,0.0952109457262535,2.6658343736995422,0.0,0.0,,,0.0,0.0,0.0,0.0,,0.0,,1.89267164803972,,0.0575775088865544,0.4261640144592249,363908727.0,432545022.0,358636005.0,437817744.0,,,,99.56088660562028,0.0,0.0,0.9039694509401792,0.0,0.0,0.087358561717536,,1998-03-25,0.32,bmo,,2025-04-22,1997-12-31,0.1249999999999999,18.5546875,6310233.265625
1997-09-30,ASML,EUR,937966,1997-09-30,1997-09-29 20:00:00,1997,Q3,200487924.0,0.0,200487924.0,1.0,0,0.0,0.0,0.0,0.0,0.0,0.0,0.0,0.0,0.0,200487924.0,1.0,200487924.0,1.0,-200487924.0,0.0,0.0,-36616328.0,36616328.0,0.1826360774,0.23,0.23,320405556,320405556,,,0.6257317335658187,0.1142811893062179,,,,,,,,6254316453.12,,42.70169071240568,31.195477155621603,0.0,0.0,0.0,0.0,,,0.0,0.0,0.0058545691242939,,0.0,0.0,,0.0,0.0,0.0,,,0.0,0.0,0.0,0.0,,0.0,,,0.0,0.0,,,,,,,,,,0.0,0.0,0.0,0.0,0.0,0.0,,1997-12-31,0.32,bmo,,2025-04-22,1997-09-30,-0.6428125,20.935,4140475.015625
1997-06-30,ASML,EUR,937966,1997-06-30,1997-06-29 20:00:00,1997,Q2,173280992.0,0.0,173280992.0,1.0,0,0.0,0.0,0.0,0.0,0.0,0.0,0.0,0.0,0.0,173280992.0,1.0,173280992.0,1.0,-173280992.0,0.0,0.0,-33200354.0,33200354.0,0.1915983607,0.1,0.1,319977778,319977778,,,0.5415407066174451,0.1037583116162523,,,,,,,,6245966226.559999,,47.0323767222482,36.045305110903335,0.0,0.0,0.0,0.0,,,0.0,0.0,0.0053154872754227,,0.0,0.0,,0.0,0.0,0.0,,,0.0,0.0,0.0,0.0,,0.0,,,0.0,0.0,,,,,,,,,,0.0,0.0,0.0,0.0,0.0,0.0,,1997-06-29,,bmo,,2025-04-22,1997-06-30,,11.23328125,3989633.34375
1997-03-31,ASML,EUR,937966,1997-03-31,1997-03-30 19:00:00,1997,Q1,168276064.0,0.0,168276064.0,1.0,0,0.0,0.0,0.0,0.0,0.0,0.0,0.0,0.0,0.0,168276064.0,1.0,168276064.0,1.0,-168276064.0,0.0,0.0,-32241418.0,32241418.0,0.1915983607,0.1,0.1,319977778,319977778,,,0.5258992204139876,0.1007614285014504,,,,,,,,6245966226.559999,,48.4312308050471,37.11737770714675,0.0,0.0,0.0,0.0,,,0.0,0.0,0.0051619584273284,,0.0,0.0,,0.0,0.0,0.0,,,0.0,0.0,0.0,0.0,,0.0,,,0.0,0.0,,,,,,,,,,0.0,0.0,0.0,0.0,0.0,0.0,,1997-07-30,0.21,bmo,173280992.0,2025-04-22,1997-03-31,0.0,8.237868852459016,3061403.2622950817
1996-12-31,ASML,EUR,937966,1996-12-31,1996-12-30 19:00:00,1996,Q4,156394733.0,0.0,156394733.0,1.0,0,0.0,0.0,0.0,-466976764.0,-466976764.0,-466976764.0,0.0,0.0,0.0,-310582031.0,-1.9858854901,-310582031.0,-1.9858854901,310582031.0,0.0,0.0,-25632517.0,25632517.0,0.1638962931,0.08,0.08,319977778,319977778,,,0.4887674824718609,0.0801071785678816,,,0.1913395810880341,0.936609760444052,0.936609760444052,0.936609760444052,0.0,6245966226.559999,6184741812.559999,60.91838568330999,39.93719038198044,0.0,0.0,20.8411238323477,20.8411238323477,39.54571675095989,-19.91339226112537,0.0,0.0,0.0041038513610595,,0.0,0.0,0.1971279980457079,2.1917077175697863,0.0,0.0,,,0.0,0.0,0.0,0.0,,0.0,,1.2992906602785352,,0.0513393468831838,0.2568143786847598,233247341.0,299694310.0,229390685.0,295757307.0,,,,109.2581326891616,0.0,0.0,0.8237373070986779,0.0,0.0,0.0855288744053899,,1996-12-30,,bmo,,2025-04-22,1996-12-31,,5.06125,1875183.390625
1996-09-30,ASML,EUR,937966,1996-09-30,1996-09-29 20:00:00,1996,Q3,154333430.0,0.0,154333430.0,1.0,0,0.0,0.0,0.0,0.0,0.0,0.0,0.0,0.0,0.0,154333430.0,1.0,154333430.0,1.0,-154333430.0,0.0,0.0,-25228350.0,25228350.0,0.1634665283,0.0832,0.0832,303187500,303187500,,,0.5090362564419707,0.0832103896103896,,,,,,,,5918220000.0,,58.646522662005246,38.346973821549874,0.0,0.0,0.0,0.0,,,0.0,0.0,0.0042628273365978,,0.0,0.0,,0.0,0.0,0.0,,,0.0,0.0,0.0,0.0,,0.0,,,0.0,0.0,,,,,,,,,,0.0,0.0,0.0,0.0,0.0,0.0,,1997-01-27,0.24,bmo,156394733.0,2025-04-22,1996-09-30,0.0,4.6309375,1232633.34375
1996-06-30,ASML,EUR,937966,1996-06-30,1996-06-29 20:00:00,1996,Q2,154630188.0,0.0,154630188.0,1.0,0,0.0,0.0,0.0,0.0,0.0,0.0,0.0,0.0,0.0,154630188.0,1.0,154630188.0,1.0,-154630188.0,0.0,0.0,-25276860.0,25276860.0,0.1634665283,0.0834,0.0834,303187500,303187500,,,0.5100150500927644,0.0833703896103896,,,,,,,,5918220000.0,,58.53397138726882,38.27338035701024,0.0,0.0,0.0,0.0,,,0.0,0.0,0.0042710240579093,,0.0,0.0,,0.0,0.0,0.0,,,0.0,0.0,0.0,0.0,,0.0,,,0.0,0.0,,,,,,,,,,0.0,0.0,0.0,0.0,0.0,0.0,,1996-06-29,,bmo,,2025-04-22,1996-06-30,,5.463968253968254,1420986.238095238
1996-03-31,ASML,EUR,937966,1996-03-31,1996-03-30 19:00:00,1996,Q1,153375711.0,0.0,153375711.0,1.0,0,0.0,0.0,0.0,0.0,0.0,0.0,0.0,0.0,0.0,153375711.0,1.0,153375711.0,1.0,-153375711.0,0.0,0.0,-25071795.0,25071795.0,0.1634665283,0.0827,0.0827,303187500,303187500,,,0.5058774223871366,0.0826940259740259,,,,,,,,5918220000.0,,59.01272724988378,38.5864225920361,0.0,0.0,0.0,0.0,,,0.0,0.0,0.0042363742814562,,0.0,0.0,,0.0,0.0,0.0,,,0.0,0.0,0.0,0.0,,0.0,,,0.0,0.0,,,,,,,,,,0.0,0.0,0.0,0.0,0.0,0.0,,1996-08-14,0.21,bmo,147266845.0,2025-04-22,1996-03-31,0.0476190476190476,5.294444444444444,3126044.4444444445
1995-12-31,ASML,EUR,937966,1995-12-31,1995-12-30 19:00:00,1995,Q4,117627483.0,0.0,117627483.0,1.0,0,0.0,0.0,0.0,-345422139.0,-345422139.0,-345422139.0,0.0,0.0,0.0,-227794656.0,-1.9365768117,-227794656.0,-1.9365768117,227794656.0,0.0,0.0,-16862070.0,16862070.0,0.1433514479,0.056,0.056,303187500,303187500,,,0.3879694347557205,0.0556159802102659,,,0.1106118491032776,0.4869493729128015,0.4869493729128015,0.4869493729128015,0.0290677649969078,5918220000.0,5893496853.0,87.74456516904507,50.31324184672047,0.0,0.0,40.08630277771292,40.08630277771292,50.10306012413783,-25.87197152245749,0.0,0.0,0.0028491793140505,,0.0596936080295826,0.0274939172749391,0.1085326031529027,1.74581139301101,0.0,0.0,,,0.0,0.0,0.0,0.0,,0.0,,0.7806079364602276,,0.0526047034998517,0.0468171082251082,121509978.0,147636963.0,111527130.0,157307847.0,,,,99.53463783629545,0.0,0.0,0.9042078411740738,0.0,0.0,0.1142130646510251,,1995-12-30,,bmo,,2025-04-22,1995-12-31,,5.170793650793651,1236842.3015873015
1995-09-30,ASML,EUR,937966,1995-09-30,1995-09-29 20:00:00,1995,Q3,109571670.0,0.0,109571670.0,1.0,0,0.0,0.0,0.0,0.0,0.0,0.0,0.0,0.0,0.0,109571670.0,1.0,109571670.0,1.0,-109571670.0,0.0,0.0,-15696850.0,15696850.0,0.143256464,0.0497,0.0497,315700000,315700000,,,0.3470752929996832,0.0497207792207792,,,,,,,,6162464000.0,,98.14809977798092,56.24139889444051,0.0,0.0,0.0,0.0,,,0.0,0.0,0.0025471710666382,,0.0,0.0,,0.0,0.0,0.0,,,0.0,0.0,0.0,0.0,,0.0,,,0.0,0.0,,,,,,,,,,0.0,0.0,0.0,0.0,0.0,0.0,,1996-02-14,0.13,bmo,111972314.0,2025-04-22,1995-09-30,0.6153846153846153,5.870634920634921,1962091.0
1995-06-30,ASML,EUR,937966,1995-06-30,1995-06-29 20:00:00,1995,Q2,107594028.0,0.0,107594028.0,1.0,0,0.0,0.0,0.0,0.0,0.0,0.0,0.0,0.0,0.0,107594028.0,1.0,107594028.0,1.0,-107594028.0,0.0,0.0,-15413540.0,15413540.0,0.143256464,0.0488,0.0488,315693686,315693686,,,0.3408178014684779,0.0488243531104388,,,,,,,,6162340750.72,,99.9501209767516,57.27400363447681,0.0,0.0,0.0,0.0,,,0.0,0.0,0.0025012475978708,,0.0,0.0,,0.0,0.0,0.0,,,0.0,0.0,0.0,0.0,,0.0,,,0.0,0.0,,,,,,,,,,0.0,0.0,0.0,0.0,0.0,0.0,,1995-06-29,,bmo,,2025-04-22,1995-06-30,,3.732698412698413,2135280.412698413
1995-03-31,ASML,EUR,937966,1995-03-31,1995-03-30 19:00:00,1995,Q1,108114912.0,0.0,108114912.0,1.0,0,0.0,0.0,0.0,0.0,0.0,0.0,0.0,0.0,0.0,108114912.0,1.0,108114912.0,1.0,-108114912.0,0.0,0.0,-15488160.0,15488160.0,0.143256464,0.0491,0.0491,315700000,315700000,,,0.3424609185936015,0.0490597402597402,,,,,,,,6162464000.0,,99.47056332062684,56.99920469805312,0.0,0.0,0.0,0.0,,,0.0,0.0,0.0025133063657653,,0.0,0.0,,0.0,0.0,0.0,,,0.0,0.0,0.0,0.0,,0.0,,,0.0,0.0,,,,,,,,,,0.0,0.0,0.0,0.0,0.0,0.0,,1995-08-30,0.11,bmo,107594028.0,2025-04-22,1995-03-31,0.0,3.2084615384615387,15849928.076923076
