date,symbol,reportedCurrency,cik,fillingDate,acceptedDate,calendarYear,period,revenue,costOfRevenue,grossProfit,grossProfitRatio,researchAndDevelopmentExpenses,generalAndAdministrativeExpenses,sellingAndMarketingExpenses,sellingGeneralAndAdministrativeExpenses,otherExpenses,operatingExpenses,costAndExpenses,interestIncome,interestExpense,depreciationAndAmortization,ebitda,ebitdaratio,operatingIncome,operatingIncomeRatio,totalOtherIncomeExpensesNet,incomeBeforeTax,incomeBeforeTaxRatio,incomeTaxExpense,netIncome,netIncomeRatio,eps,epsdiluted,weightedAverageShsOut,weightedAverageShsOutDil,link,finalLink,revenuePerShare,netIncomePerShare,operatingCashFlowPerShare,freeCashFlowPerShare,cashPerShare,bookValuePerShare,tangibleBookValuePerShare,shareholdersEquityPerShare,interestDebtPerShare,marketCap,enterpriseValue,peRatio,priceToSalesRatio,pocfratio,pfcfRatio,pbRatio,ptbRatio,evToSales,enterpriseValueOverEBITDA,evToOperatingCashFlow,evToFreeCashFlow,earningsYield,freeCashFlowYield,debtToEquity,debtToAssets,netDebtToEBITDA,currentRatio,interestCoverage,incomeQuality,dividendYield,payoutRatio,salesGeneralAndAdministrativeToRevenue,researchAndDdevelopementToRevenue,intangiblesToTotalAssets,capexToOperatingCashFlow,capexToRevenue,capexToDepreciation,stockBasedCompensationToRevenue,grahamNumber,roic,returnOnTangibleAssets,grahamNetNet,workingCapital,tangibleAssetValue,netCurrentAssetValue,investedCapital,averageReceivables,averagePayables,averageInventory,daysSalesOutstanding,daysPayablesOutstanding,daysOfInventoryOnHand,receivablesTurnover,payablesTurnover,inventoryTurnover,roe,capexPerShare,report_date,epsEstimated,time,revenueEstimated,updatedFromDate,fiscalDateEnding,surprise(%),QuarterAvgPrice,QuarterAvgVolume
2025-03-31,ATLCY,SEK,748954,2025-03-31,2025-03-31 00:00:00,2025,Q1,42730000000.0,24240000000.0,18490000000.0,0.4327170606,1850000000,2724000000.0,5073000000.0,7797000000.0,238000000.0,9885000000.0,34125000000.0,0.0,0.0,2272000000.0,10877000000.0,0.2545518371,8605000000.0,0.2013807629,-135000000.0,8470000000.0,0.1982213901,1872000000.0,6597000000.0,0.1543880178,1.35,1.35,4868800000,4875400000,,,,,,,,,,,,,,,,,,,,,,,,,,,,,,,,,,,,,,,,,,,,,,,,,,,,,,,,,,,,2025-04-29,0.1477,bmo,43607465410.0,2025-05-11,2025-03-31,-0.084631008801625,14.935625,45993.55
2024-12-31,ATLCY,SEK,748954,2024-12-31,2024-12-31 00:00:00,2024,Q4,45988000000.0,26918000000.0,19070000000.0,0.4146733931,1737000000,2778000000.0,5331000000.0,8109000000.0,-794000000.0,9052000000.0,35970000000.0,0.0,0.0,2384000000.0,12402000000.0,0.2696790467,10018000000.0,0.2178394364,-37000000.0,9981000000.0,0.2170348787,2181000000.0,7798000000.0,0.1695659737,1.6,1.6,4874200000,4881300000,,,9.434984202535802,1.599852283451643,2.41290878503139,2.07459685692011,3.980550654466374,23.33921464035124,7.519798120717246,23.32690492798818,0.0,823008670000.0,804040670000.0,26.38524846114388,17.89616138992781,69.97777995068446,81.3893067642405,7.238422779243624,7.238422779243624,17.48370596677394,64.83153281728754,68.36499192245557,79.513515625,0.00947499131449,0.0122866263365123,0.0,0.0,-1.5294307369779068,1.7235586032662638,0.0,1.1739868237173088,0.0082927437447287,0.8752244165170556,0.0604070627120118,0.0377707227972514,0.3697503572490385,0.1402091658872545,0.0358571801339479,0.6916946308724832,0.0,28.977423066678632,0.0511282755587529,0.0593315123524891,-5.241321652784047,40096000000.0,36653000000.0,733000000.0,148028000000.0,46609500000.0,52291500000.0,29211000000.0,92.17034878664,165.80355152685934,97.00126309532656,0.9764528526233094,0.5428110506150433,0.9278229698055976,0.0685839929639401,0.3383119281112798,2025-01-28,0.1377,bmo,45425500000.0,2025-04-28,2024-12-31,0.0442992011619464,14.72125,42669.125
2024-09-30,ATLCY,SEK,748954,2024-09-30,2024-09-29 20:00:00,2024,Q3,43105000000.0,24375000000.0,18730000000.0,0.4345203573,1698000000,2495000000.0,4928000000.0,7423000000.0,272000000.0,9393000000.0,33768000000.0,0.0,50000000.0,1707000000.0,11044000000.0,0.2562115764,9337000000.0,0.216610602,-153000000.0,9184000000.0,0.2130611298,2010000000.0,7170000000.0,0.1663380118,1.47,1.47,4874900000,4882500000,,,8.842232661182793,1.470799401013354,1.8603458532482715,1.4863894643992697,3.953311862807442,20.996122997394817,6.10822786108433,20.984635582268357,5.599499476912347,957674105000.0,966054105000.0,33.39170519525802,22.217239415381048,105.59864428272137,132.16589911675408,9.361611224070852,9.361611224070852,22.411648416657,84.73415533725112,106.52267118756204,133.32239925476125,0.0074868892899636,0.0075662482280441,0.2663492932413145,0.1358471563685677,0.7350232435751249,1.5630296435519504,186.74,0.9712969904680304,0.0,0.0,0.0578819162510149,0.0393921818814522,0.3618519127889874,0.2010144448119969,0.0422920774852105,0.8412551915089986,0.0,26.352310382770725,0.051048221106508,0.0560182508555088,-6.081868346017354,34150000000.0,29777000000.0,-3413000000.0,135264000000.0,46918000000.0,55489000000.0,29822000000.0,96.29926922630786,203.05107692307692,108.59076923076924,0.9345865313733144,0.4432382303202226,0.8287997279836791,0.0700893468102993,0.373956388849002,2024-10-23,0.1488,bmo,4312921400.0,2025-04-24,2024-09-30,8.879032258064516,15.59828125,42739.859375
2024-06-30,ATLCY,SEK,748954,2024-06-30,2024-06-28 20:00:00,2024,Q2,44803000000.0,25643000000.0,19160000000.0,0.4276499342,1846000000,2787000000.0,5190000000.0,7977000000.0,-129000000.0,9823000000.0,35466000000.0,0.0,0.0,2160000000.0,11172000000.0,0.2493583019,9337000000.0,0.2084012231,-192000000.0,9274000000.0,0.2069950673,1629000000.0,7642000000.0,0.1705689351,1.57,1.57,4873800000,4882500000,,,9.192621773564776,1.567975706840658,1.8903114612827776,1.4680536747507078,3.1037383561081704,20.11900365218105,5.252780171529402,20.10464114243506,7.032089950346752,968911440000.0,988689440000.0,31.6969196545407,21.62603932772359,105.16785411917942,135.41739203354297,9.888264037719676,9.888264037719676,22.06748298105037,85.99542837261895,107.31460327797676,138.18161285814116,0.0078872017446713,0.0073845758287258,0.349774457575572,0.1731344339146072,1.72027485430982,1.5070433937823835,0.0,1.2055744569484428,0.0070408911675147,0.8926982465323213,0.0622056558712586,0.0412025980403098,0.3660156802521772,0.2233800065125366,0.0459344240341048,0.9527777777777776,0.0039283083722072,26.632325290649447,0.055250404861311,0.0608919450841029,-6.9495055193073165,31315000000.0,25601000000.0,-6825000000.0,131528000000.0,47562500000.0,52894000000.0,30649500000.0,95.84759949110553,196.4922200990524,106.113169285965,0.9389906526386386,0.4580334018040546,0.8481510881788714,0.0779907333700732,0.4222577865320694,2024-07-18,0.148,bmo,4292756542.0,2025-04-24,2024-06-30,9.608108108108109,15.795873015873015,31966.698412698413
2024-03-31,ATLCY,SEK,748954,2024-03-31,2024-03-29 20:00:00,2024,Q1,42875000000.0,24091000000.0,18784000000.0,0.4381107872,1784000000,2693000000.0,4900000000.0,7593000000.0,0.0,9377000000.0,33468000000.0,0.0,61000000.0,2074000000.0,10991000000.0,0.2563498542,9407000000.0,0.2194052478,-46000000.0,9361000000.0,0.2183323615,2186000000.0,7172000000.0,0.1672769679,1.47,1.47,4871400000,4878300000,,,8.8013712690397,1.4722666995114342,1.6652297080921297,1.2973683130106335,3.3682308987149483,21.460771030915136,6.580654431990803,21.44907008252248,7.0827688138933365,877095570000.0,895584570000.0,30.57360464305633,20.4570395335277,108.12322115384616,138.78094462025317,8.394303310459675,8.394303310459675,20.888269854227406,78.00579827541155,110.40243713017752,141.70641930379747,0.008176988056159,0.0072056001833414,0.3302133279738149,0.1734089229980549,1.6103997909589758,1.7071301343984455,0.0,1.1310652537646402,0.0,0.0,0.0628104956268221,0.0416093294460641,0.3643130336886651,0.2209072978303747,0.0417959183673469,0.8640308582449373,0.0032886297376093,26.655616882838377,0.0492349260837304,0.0567037206875286,-5.527415116804204,39303000000.0,32057000000.0,459000000.0,138644000000.0,42914000000.0,33797500000.0,30174000000.0,99.52163265306122,186.0557884687227,116.05371300485658,0.90432600029529,0.4837258799670703,0.7755029776275552,0.068640117909405,0.367861395081496,2024-04-24,0.1348,bmo,3942034970.0,2025-04-24,2024-03-31,9.905044510385755,14.624426229508195,18221.65573770492
2023-12-31,ATLCY,SEK,748954,2023-12-31,2023-12-29 19:00:00,2023,Q4,44954000000.0,25276000000.0,19678000000.0,0.4377363527,1736000000,2822000000.0,5003000000.0,7825000000.0,0.0,9561000000.0,34837000000.0,0.0,253000000.0,2112000000.0,11463000000.0,0.2549939939,10117000000.0,0.2250522757,-253000000.0,8833000000.0,0.1964897451,2053000000.0,6779000000.0,0.1507985941,1.39,1.39,4873300000,4880400000,,,9.224550099521885,1.3910491863829435,2.237498204502083,1.8244310836599429,2.3015205302361847,18.775778220097266,4.924589087476659,18.76551823199885,6.763794553998317,833334300000.0,855156300000.0,30.732198701873436,18.53748943364328,76.42464233308877,93.72784838600832,9.1124581738655,9.1124581738655,19.02291898385016,69.92855507400442,78.4259262655906,96.18224046788887,0.0081347905636429,0.0106691876237423,0.3576708583925642,0.1737945325575834,1.7844468067707908,1.590182985316904,39.98814229249012,1.608496828440773,0.006724792199241,0.8266706003835373,0.0627752813987631,0.0386172531921519,0.358656783826147,0.184611151870873,0.0447791075321439,0.953125,0.0115673799884326,24.234986580256585,0.0567928310767094,0.0561621818663838,-8.625520694395995,31995000000.0,23999000000.0,-10498000000.0,123962000000.0,42885500000.0,36895000000.0,30631000000.0,76.9126217911643,63.35179617028011,104.26768476024688,1.1701590441731524,1.420638489208633,0.8631629272957005,0.0741279387643521,0.4130671208421398,2024-01-25,0.146,bmo,4271319248.0,2025-04-24,2023-12-31,8.52054794520548,12.731904761904762,24738.14285714286
2023-09-30,ATLCY,SEK,748954,2023-09-30,2023-09-30 00:00:00,2023,Q3,44485000000.0,25413000000.0,19072000000.0,0.428728785,1713000000,2537000000.0,4939000000.0,7476000000.0,0.0,8955000000.0,34368000000.0,0.0,143000000.0,1990000000.0,11694000000.0,0.2628751264,10117000000.0,0.2274249747,-189000000.0,9928000000.0,0.2231763516,2125000000.0,7798000000.0,0.1752950433,1.6,1.6,4873208905,4879900000,,,9.128482046882413,1.6001776554251783,1.6209032188001389,1.3438783618080907,2.789948115306581,18.980922386704044,4.357087991490486,18.970046596022133,7.532613667010444,717580011261.25,741239011261.25,23.00525811942966,16.13083087020906,90.84441211055196,109.5709285785998,7.7622371276029,7.7622371276029,16.662673064207038,61.45750860303872,93.83960137501585,113.1835411912124,0.0108670808517838,0.0091265083993758,0.3955324787711612,0.1885960387868784,1.961611806649532,1.4670455442418502,70.74825174825175,0.7807650489275477,0.0,0.0,0.0570304597055187,0.0385073620321456,0.3675727253971528,0.1709077098366881,0.0303473080813757,0.678391959798995,-0.0001573564122738,26.134220964473084,0.0585318088544476,0.0635974391387676,-7.444991730761848,29585000000.0,21233000000.0,-8452000000.0,125440000000.0,47338500000.0,56647000000.0,32186500000.0,95.80442845903112,198.3166096092551,113.25345295714791,0.9394137770832454,0.4538197792778313,0.7946777572782139,0.0843528584563794,0.277024856992048,2023-09-30,0.1362,bmo,3986253305.0,2025-04-24,2023-09-30,10.747430249632894,11.872380952380952,31456.984126984127
2023-06-30,ATLCY,SEK,748954,2023-06-30,2023-06-30 00:00:00,2023,Q2,43364000000.0,24447000000.0,18917000000.0,0.436237432,1690000000,2876000000.0,4884000000.0,7760000000.0,278000000.0,9728000000.0,34175000000.0,156000000.0,164000000.0,1881000000.0,10664000000.0,0.2459182732,9189000000.0,0.2119038834,-163000000.0,9026000000.0,0.2081450051,2085000000.0,6940000000.0,0.1600405867,1.42,1.42,4870900000,4878800000,,,8.90266685828081,1.4247880268533537,0.7824016095588084,0.5118150649777249,2.114188343016691,17.597363936849455,2.7005276232318463,17.586688291691473,8.205465109117412,756937860000.0,787232860000.0,27.267213976945246,17.455443686006827,198.61922330097087,303.62529482551145,8.836228710178258,8.836228710178258,18.15406466193156,71.11407949412828,206.5685804250853,315.7773204973927,0.0091685201213214,0.0032935332366648,0.4646580203821953,0.2073524585466991,2.736675700090334,1.3440840948456072,56.03048780487805,0.4147350092501904,0.0073969083802995,0.8067723342939481,0.0663222949912369,0.0389724195184946,0.3779947177320629,0.3458409866176856,0.0303938751037727,0.7006911217437534,0.006895120376349,23.744248050319293,0.0532369031925026,0.0581229795145809,-9.086770412038844,23044000000.0,13154000000.0,-16232000000.0,119849000000.0,44624000000.0,53137000000.0,31106500000.0,98.21672354948804,210.9314026260891,119.25635047245062,0.9163408913213448,0.4266790002792516,0.7546767919985182,0.0810151407258676,0.2705865445810835,2023-06-30,0.1315,bmo,3843067630.0,2025-04-24,2023-06-30,9.79847908745247,12.36225806451613,66273.3870967742
2023-03-31,ATLCY,SEK,748954,2023-03-31,2023-03-31 00:00:00,2023,Q1,39861000000.0,22411000000.0,17450000000.0,0.4377712551,1554000000,2414000000.0,4561000000.0,6975000000.0,222000000.0,8751000000.0,31162000000.0,91000000.0,49000000.0,1778000000.0,10100000000.0,0.2533804972,8699000000.0,0.2182333609,-44000000.0,8655000000.0,0.2171295251,2127000000.0,6523000000.0,0.1636436617,1.34,1.34,4868200000,4875800000,,,8.18803664598825,1.3399202990838504,1.245224107472988,0.9629842652315024,2.186639825808307,17.659093710200896,3.8381742738589217,17.64779589992194,6.655231913232817,640363028000.0,662831028000.0,24.542504522458987,16.064901231780436,105.6356034312108,136.5962090443686,7.453622012966606,7.453622012966606,16.628559945811695,63.26534580509688,109.34197096667766,141.38887116040956,0.0101864094502345,0.0073208473865858,0.3765437128257656,0.1838799522537373,2.1445070153669943,1.5328086919313129,177.53061224489795,0.6968617082423267,0.0,0.0,0.0605604475552545,0.0389854745239707,0.3824418802932984,0.2266578686902012,0.0344697824941672,0.7727784026996626,-0.0009031384059607,23.06619602597855,0.0524249071417843,0.0600384732206135,-6.771239883324432,28639000000.0,18685000000.0,-7572000000.0,117536000000.0,38300000000.0,34061500000.0,28519000000.0,94.66019417475728,196.69001829458747,119.74967649814823,0.9507692307692308,0.4575727877822695,0.7515677923471612,0.0759256457113591,0.2822398422414856,2023-03-31,0.1157,bmo,3595846054.0,2025-04-24,2023-03-31,10.581676750216078,10.798548387096774,14231.983870967742
2022-12-31,ATLCY,SEK,748954,2022-12-31,2022-12-31 00:00:00,2022,Q4,40054000000.0,23054000000.0,17000000000.0,0.4244270235,1526000000,2469000000.0,4450000000.0,6919000000.0,364000000.0,8809000000.0,31863000000.0,275000000.0,459000000.0,1768000000.0,9845000000.0,0.2457931792,7810000000.0,0.1949867679,-190000000.0,7620000000.0,0.1902431717,1565000000.0,6053000000.0,0.1511209867,1.24,1.24,4867300000,4875200000,,,8.229203048918292,1.2436052842438312,1.388038542929345,1.107390134160623,2.4335874098576213,16.441558975201858,2.6624617344318207,16.431286339448977,7.55244180551846,599164630000.0,624211630000.0,24.74659796794978,14.958921206371398,88.68629810538779,111.1622690166976,7.491805416624986,7.491805416624986,15.584252009786788,66.00524796447077,92.39366933096508,115.8092077922078,0.0101023987347183,0.0089958581166581,0.4538986696008802,0.2106836292302424,2.648514328010997,1.3051514855673794,17.015250544662308,0.865044814340589,0.0077157424996866,0.7637535106558732,0.0616417835921506,0.0380985669346382,0.3892432429295245,0.2021906453522794,0.0341039596544664,0.7726244343891403,-0.0037699106206621,21.442149534734156,0.0502891082304646,0.0575194328829085,-8.385398475540855,18754000000.0,12959000000.0,-12063000000.0,105982000000.0,37655500000.0,35058000000.0,27166000000.0,77.9135666849753,74.73974147653335,106.25965125357855,1.155126171593367,1.2041786367197702,0.8469818876520078,0.0756852055616685,0.2806484087687219,2022-12-31,0.1263,bmo,3646968301.0,2025-04-24,2022-12-31,8.817893903404592,10.31031746031746,74658.38095238095
2022-09-30,ATLCY,SEK,748954,2022-09-30,2022-09-29 20:00:00,2022,Q3,38074000000.0,22151000000.0,15923000000.0,0.4182119031,1377000000,2250000000.0,4088000000.0,6338000000.0,-170000000.0,7545000000.0,29696000000.0,46000000.0,46000000.0,1633000000.0,9670000000.0,0.2539790933,8378000000.0,0.2200451752,70000000.0,8448000000.0,0.2218837002,1912000000.0,6533000000.0,0.1715869097,1.34,1.34,4866300000,4872500000,,,7.824014138051497,1.3424984074142572,1.4581920555658303,1.1824178533999137,2.3313400324682,15.763310934385467,1.9168567494811253,15.753036187657974,7.033886114707273,509988240000.0,534288240000.0,19.51585182917496,13.394658822293428,71.86981961668545,88.63194994786235,6.652685790318162,6.652685790318162,14.032889635972056,52.75878740001975,75.2942841037204,92.85509906152242,0.0128100993073879,0.011282613104961,0.4459098083721415,0.2008708733414035,2.399526019551693,1.2410952455672368,182.1304347826087,0.8469801862019575,0.0,0.0,0.0590954457109838,0.0361664127751221,0.3959535534217918,0.1891206313416009,0.0352471502862846,0.8218003674219229,0.0023900824709775,21.81374761158831,0.0552007937374305,0.0635549113266467,-7.826582824733371,15365000000.0,9328000000.0,-14370000000.0,101982000000.0,38618000000.0,48249500000.0,25361000000.0,96.05610127646165,207.09629362105548,110.16071509186943,0.9369524559503888,0.434580447705558,0.8169881606609376,0.0852215656348243,0.2757742021659166,2022-09-29,0.1069,bmo,3182448173.0,2025-04-24,2022-09-30,11.53507951356408,9.21859375,44352.171875
2022-06-30,ATLCY,SEK,748954,2022-06-30,2022-06-29 20:00:00,2022,Q2,33111000000.0,19392000000.0,13719000000.0,0.4143336051,1300000000,1675000000.0,3710000000.0,5385000000.0,-245000000.0,6440000000.0,25832000000.0,0.0,26000000.0,1491000000.0,8453000000.0,0.255292803,7279000000.0,0.2198363082,26000000.0,7305000000.0,0.2206215457,1627000000.0,5678000000.0,0.1714837969,1.17,1.16,4868200000,4874600000,,,6.801487202662175,1.16634485025266,0.8319296659956452,0.6006326773756214,2.348917464360544,13.525738465962778,1.8567437656628736,13.525533051230434,6.1408734234419295,465253874000.0,484729874000.0,20.48493633321592,14.05133864878741,114.8774997530864,159.1155519835841,7.065895269192801,7.065895269192801,14.63954196490592,55.271365336374,119.6863886419753,165.7762906976744,0.012204089675135,0.0062847407907881,0.4540208064393651,0.2003109023538792,2.220752565564424,1.2947501581277672,0.0,0.5563951092182993,0.0099451079476664,0.8148996125396266,0.0505874180785841,0.0392618767177071,0.3806342676038407,0.2780246913580247,0.0340068255262601,0.7551978537894031,-0.0071577421400742,18.84004527535848,0.0554848566068438,0.0614262841317235,-6.718602358161127,16310000000.0,9039000000.0,-11752000000.0,89651000000.0,34495000000.0,41141500000.0,21985000000.0,99.483555313944,211.29950495049505,109.57147277227725,0.904672131147541,0.4259356879283078,0.8213816764793087,0.0862328195003417,0.2312969886200238,2022-06-29,0.1057,bmo,3111405487.0,2025-04-24,2022-06-30,9.974456007568593,9.725483870967745,67285.2741935484
2022-03-31,ATLCY,SEK,748954,2022-03-31,2022-03-30 20:00:00,2022,Q1,30086000000.0,17344000000.0,12742000000.0,0.4235192448,1186000000,1567000000.0,3381000000.0,4948000000.0,-141000000.0,5993000000.0,23337000000.0,0.0,22000000.0,1441000000.0,7879000000.0,0.2618826032,6749000000.0,0.2243236057,-78000000.0,6671000000.0,0.2217310377,1458000000.0,5213000000.0,0.1732699594,1.07,1.07,4871700000,4881100000,,,6.1756676314222965,1.070057680070612,0.7133033643286738,0.467598579551286,5.118336514974239,15.279265964652996,4.76650861095716,15.279060697497794,5.859761479565655,557712216000.0,562054216000.0,26.74622175330904,18.53726703450109,160.49272402877696,244.82538015803337,7.492607187479009,7.492607187479009,18.68158665159875,68.6268884004884,161.7422204316547,246.7314381035997,0.009347114605788,0.0040845438465346,0.3832202592866259,0.1928094414102633,0.5301587301587302,1.6913983410619815,306.77272727272725,0.5148910949770337,0.000448259860243,0.0479570305006714,0.0520840257927275,0.039420328391943,0.346178283674904,0.3444604316546762,0.0397859469520707,0.8306731436502429,-0.0074453234062354,19.17976056893066,0.0481331795280407,0.0538928346204344,-2.8942668883551943,31758000000.0,23221000000.0,4183000000.0,98238000000.0,28959000000.0,25957000000.0,19081000000.0,96.8922422389151,190.72589944649448,105.6555581180812,0.9288669342389626,0.4718813766834444,0.851824566573351,0.0700342580775173,0.2457047847773877,2022-03-30,,bmo,,2025-04-24,2022-03-31,,12.329354838709676,77494.0
2021-12-31,ATLCY,SEK,748954,2021-12-31,2021-12-30 19:00:00,2021,Q4,29533000000.0,17157000000.0,12376000000.0,0.4190566485,1116000000,1959000000.0,3244000000.0,5203000000.0,373000000.0,6692000000.0,23849000000.0,0.0,0.0,1450000000.0,7941000000.0,0.2688856533,6248000000.0,0.2115599499,2000000.0,6250000000.0,0.2116276707,1361000000.0,4889000000.0,0.1655436292,4.01,4.0,1218400000,1221100000,,,6.0585086615507135,1.0029475111340345,1.6489449978513742,1.4380572822764537,4.016098062072201,13.874688477815358,3.5461138632568865,13.874483334123164,5.098025894700734,710282624057.28,716143624057.28,36.32044508372264,24.05047316755088,88.36559144778303,101.32419744041084,10.50201268696169,10.50201268696169,24.248929132065147,92.3222410799639,89.09475293073899,102.16028873855636,0.0068831755619657,0.0098693108384905,0.3674389720994189,0.1818148562732746,0.7555756091272399,1.6666911746685291,0.0,1.286491677336748,0.0062608880597385,0.9095929637962774,0.0663325771171232,0.0377882368875495,0.3683559769686061,0.1278925105747698,0.0348085192835133,0.7089655172413794,0.0232621135678732,17.69451940249192,0.0489423851153102,0.056628250419876,-4.395306177091891,27203000000.0,17286000000.0,-1043000000.0,92128000000.0,28121500000.0,26072000000.0,17211500000.0,77.79500897301324,79.51914670396923,93.3782129742962,1.1568865559385773,1.13180288937265,0.9638222571765632,0.0722871970783493,0.2108877155749207,2021-12-30,0.1085,bmo,3284969654.0,2025-04-24,2021-12-31,35.86635944700461,13.6496875,28125.875
2021-09-30,ATLCY,SEK,748954,2021-09-30,2021-09-29 20:00:00,2021,Q3,27824000000.0,16134000000.0,11690000000.0,0.4201408856,1024000000,1750000000.0,3079000000.0,4829000000.0,-163000000.0,5690000000.0,21824000000.0,0.0,71000000.0,1400000000.0,7112000000.0,0.2556066705,6000000000.0,0.2156411731,-55000000.0,5945000000.0,0.2136644623,1388000000.0,4557000000.0,0.163779471,0.94,0.93,4873600000,4884400000,,,5.709126723571898,0.935037754432042,1.1225787918581749,0.9459126723571898,3.6381730137885753,12.692260341431384,2.483379842416284,12.69205515430072,5.11346848325673,603887776000.0,611631776000.0,33.1296782971253,21.70384473835537,110.37977993054284,130.99517917570498,9.762800310398346,9.762800310398346,21.98216561242093,82.474619201726,111.79524328276366,132.67500563991322,0.0075461040628846,0.0076338687140439,0.4017395240558717,0.1879258581443361,1.0442286947141315,1.5627896923557243,84.50704225352112,0.9118333333333334,0.0,0.0,0.0628953421506613,0.0368027602070155,0.3762600863627082,0.157375251325169,0.0309445083381253,0.615,0.0039174813110983,16.3407433089383,0.0492299346739184,0.0552504273815152,-4.370024212081418,23434000000.0,12103000000.0,-5303000000.0,87285000000.0,30198500000.0,36000000000.0,15932000000.0,99.3512794709603,206.31275567125329,92.72220156191894,0.9058766075207554,0.4362309044207111,0.9706413187342076,0.0736711070874288,0.1766661195009849,2021-09-29,,bmo,,2025-04-24,2021-09-30,,14.1378125,17417.625
2021-06-30,ATLCY,SEK,748954,2021-06-30,2021-06-29 20:00:00,2021,Q2,27534000000.0,15907000000.0,11627000000.0,0.4222779109,1007000000,1708000000.0,3002000000.0,4710000000.0,-14000000.0,5703000000.0,21610000000.0,12000000.0,64000000.0,1338000000.0,6981000000.0,0.2535410765,5924000000.0,0.2151521755,-52000000.0,5872000000.0,0.2132636014,1301000000.0,4569000000.0,0.165940292,0.94,0.94,4869100000,4879700000,,,5.654843810971227,0.9383664332217452,0.915364235690374,0.7570187508985233,2.9459242981249103,11.445647039493952,1.684500215645602,11.442155634511511,5.117988950730115,594030200000.0,605166200000.0,32.503293937404244,21.57442434807874,133.28027821404532,161.15849158979924,10.66232656651051,10.66232656651051,21.978869761022736,83.33326907188102,135.77881983396904,164.17965274009768,0.0076915281411618,0.0062050717286764,0.44614362895554,0.2006538849646821,1.533461856237951,1.4888598628519756,92.5625,0.7523632680621202,0.0074777342970104,0.9722039833661632,0.0620323963100167,0.0365729643350039,0.3836770938446014,0.1729863136638995,0.0280017432991937,0.5762331838565022,0.0037045107866637,15.542877222390484,0.0529957580540795,0.0598451805571928,-4.912304121911647,19462000000.0,8202000000.0,-8872000000.0,80860000000.0,29086500000.0,32368500000.0,14969000000.0,97.02113750272392,198.11089457471556,86.23750550072295,0.9276329088336366,0.454291018135085,1.0436294449547303,0.0820095848365731,0.1583454847918506,2021-06-29,,bmo,,2025-04-24,2021-06-30,,13.39968253968254,19696.88888888889
2021-03-31,ATLCY,SEK,748954,2021-03-31,2021-03-30 20:00:00,2021,Q1,26021000000.0,15185000000.0,10836000000.0,0.4164328811,978000000,1866000000.0,2853000000.0,4719000000.0,-248000000.0,5449000000.0,20634000000.0,0.0,42000000.0,1278000000.0,6388000000.0,0.2454940241,5387000000.0,0.2070250951,-44000000.0,5343000000.0,0.2053341532,1226000000.0,4115000000.0,0.1581415011,0.85,0.85,4866000000,4875200000,,,5.347513357994246,0.8456637895602137,1.0657624332100288,0.9221126181668722,3.166872174270448,12.570489108097,2.749486230990547,12.503493629264282,4.941224825318537,602264820000.0,611520820000.0,36.589600243013365,23.14533722762384,116.13282298495947,134.2243860040116,9.898833371684034,9.898833371684034,23.50104992121748,91.7510607651913,117.9176282298496,136.28723423222644,0.0068325425350263,0.0074502110217893,0.3944972223135334,0.1945245891010471,1.3887471867966992,1.6977721122924936,128.26190476190476,0.9626879524781884,0.0,0.0,0.0717113100956919,0.0375850274778063,0.387306707297306,0.134785962205939,0.0268629184120518,0.5469483568075117,0.0100687905922139,15.42431248446674,0.0452325843361918,0.0544319369303826,-3.718403205918619,24085000000.0,13379000000.0,-3618000000.0,85707000000.0,26859500000.0,20462000000.0,14073000000.0,98.54309980400446,176.15936779716827,87.10174514323346,0.9133059562668912,0.5109010160823633,1.0332743603701688,0.0676342000591696,0.1436498150431566,2021-03-30,,bmo,,2025-04-24,2021-03-31,,12.416229508196722,13400.32786885246
2020-12-31,ATLCY,SEK,748954,2020-12-31,2020-12-30 19:00:00,2020,Q4,25738000000.0,14984000000.0,10754000000.0,0.4178257829,917000000,1559000000.0,2809000000.0,4368000000.0,-186000000.0,5099000000.0,20083000000.0,0.0,0.0,1312000000.0,6755000000.0,0.262452405,5373000000.0,0.2087574792,-80000000.0,5293000000.0,0.2056492346,1097000000.0,4196000000.0,0.1630274303,3.45,3.44,1216500000,1218800000,,,5.291116932952368,0.8625971967778434,1.5206462022320562,1.3654362681121153,2.395989115454186,11.005309421426375,1.5817022955216222,10.939730654559805,5.06272191731362,476952396248.0,489924396248.0,28.417087479027643,18.5310589885772,64.47916672272542,71.80855107618187,8.962743516827961,8.962743516827961,19.035060853523973,73.6950054524669,66.23285064864135,73.7615772731105,0.0087975236795292,0.0139259180837543,0.4627830498919477,0.2172344441896159,1.9512635379061367,1.6190491323968728,0.0,1.3766983063465477,0.0089233223975396,1.0142993326978074,0.0605719170098686,0.0356282539435853,0.4043540391298978,0.1020684061105853,0.029334058590411,0.5754573170731707,0.0121221540135208,14.57130990724164,0.0501834373364601,0.0621390279299825,-4.631834471068062,19479000000.0,7694000000.0,-8887000000.0,78710000000.0,26346000000.0,19324500000.0,14077000000.0,88.21664464993394,67.28376935397758,80.78617191671115,1.020215633423181,1.3376182824495626,1.1140520446096651,0.0788499483228413,0.1552099341199408,2020-12-30,,bmo,,2025-04-24,2020-12-31,,10.77234375,12320.0
2020-09-30,ATLCY,SEK,748954,2020-09-30,2020-09-29 20:00:00,2020,Q3,24849000000.0,14681000000.0,10168000000.0,0.4091915168,938000000,1582000000.0,2792000000.0,4374000000.0,96000000.0,5408000000.0,20089000000.0,0.0,66000000.0,1300000000.0,5781000000.0,0.2326451769,4760000000.0,0.1915570043,-64000000.0,4696000000.0,0.1889814479,1078000000.0,3618000000.0,0.1455994205,0.75,0.74,4862000000,4865600000,,,5.110859728506787,0.74413821472645,1.269847799259564,1.125051419169066,2.1367749897161663,11.738584944467297,1.702591526120938,11.668860551213491,5.2599753187988485,485422080000.0,500679080000.0,33.542155887230514,19.534873837981408,78.62359572400389,88.74261060329067,8.556105333662353,8.556105333662353,20.14886232846392,82.59305179808644,81.0947651441529,91.53182449725776,0.0074533074391671,0.0112685438618696,0.4496069376388056,0.2144736952738096,2.5168261299901022,1.6307902330054915,72.12121212121212,1.2970588235294118,0.0,0.0,0.0636645337840556,0.0377479979073604,0.4102730108548511,0.1140265630061548,0.0283311199645861,0.5415384615384615,0.0040645498812829,13.97758969978794,0.0409521763858562,0.0515840200747098,-4.837721102426984,20331000000.0,8278000000.0,-9298000000.0,83255000000.0,27756500000.0,27768000000.0,15370000000.0,99.4712060847519,168.26033648933998,90.14099856957974,0.9047844450917564,0.5348854155281088,0.9984357997823722,0.0637712835336835,0.1447963800904977,2020-09-29,,bmo,,2025-04-24,2020-09-30,,10.05625,10618.9375
2020-06-30,ATLCY,SEK,748954,2020-06-30,2020-06-29 20:00:00,2020,Q2,24102000000.0,14547000000.0,9555000000.0,0.3964401294,927000000,1709000000.0,2653000000.0,4362000000.0,377000000.0,5666000000.0,20213000000.0,0.0,71000000.0,1286000000.0,4880000000.0,0.2024728238,3889000000.0,0.1613559041,-63000000.0,3826000000.0,0.1587420131,697000000.0,3129000000.0,0.1298232512,0.65,0.64,4858800000,4862800000,,,4.960484070140775,0.6439861694245492,0.803284761669548,0.6765044867045361,1.1204412612167614,11.21305672182432,1.0035399687165556,11.14472709310941,5.3113937597760765,446426544000.0,466885544000.0,35.66846788111218,18.5223858600946,114.38035972328976,135.81580285975053,8.244257506925207,8.244257506925207,19.371236577877355,90.08017441636116,119.6222249551627,142.0400194706419,0.0070089918309158,0.0073629134382296,0.4752723915050785,0.2200598546387345,3.947327802431024,1.499788058616931,54.77464788732394,1.0035998971457958,0.0095200432347051,1.3582614253755194,0.0709069786739689,0.0384615384615384,0.4241641727233861,0.1578273123238534,0.0255580449755207,0.47900466562986,0.009833208862335,12.707620842408078,0.0365350587052029,0.0464629365645046,-5.75641104799539,16507000000.0,4876000000.0,-12933000000.0,80523000000.0,28056500000.0,28860500000.0,16097500000.0,104.73861090365943,173.7822231387915,99.21220870282532,0.85928197083675,0.5178895653102638,0.907146420553754,0.0577839335180055,0.1267802749650119,2020-06-29,,bmo,,2025-04-24,2020-06-30,,8.261904761904763,22806.984126984127
2020-03-31,ATLCY,SEK,748954,2020-03-31,2020-03-30 20:00:00,2020,Q1,25098000000.0,14395000000.0,10703000000.0,0.4264483226,980000000,1643000000.0,3080000000.0,4723000000.0,-124000000.0,5579000000.0,19974000000.0,0.0,65000000.0,1291000000.0,6116000000.0,0.2436847558,5124000000.0,0.204159694,-114000000.0,5010000000.0,0.1996174994,1170000000.0,3836000000.0,0.1528408638,0.79,0.79,4861600000,4866800000,,,5.162497943064012,0.7890406450551258,0.972930722395919,0.8246256376501563,2.808129011025177,12.097251933519829,3.598198124074379,12.084087543195656,5.039698864571335,377940784000.0,389539784000.0,24.63117726798749,15.058601641565064,79.90291416490486,94.27308156647544,6.433253625655341,6.433253625655341,15.520750019921906,60.72327108339829,82.35513403805497,97.166321776004,0.0101497381663895,0.010607481832392,0.4159460747599918,0.2036604880650753,1.8081060015588464,1.6978408824219666,78.83076923076923,0.9231069476971115,0.0,0.0,0.0654633835365367,0.0390469360108375,0.3443709161221496,0.1524312896405919,0.0287273886365447,0.5584817970565453,-0.0021914096740776,14.646972901411353,0.0442815758702572,0.0487637449945973,-3.783219516208656,23788000000.0,17493000000.0,-3296000000.0,80343000000.0,27644000000.0,20765000000.0,15330000000.0,100.63590724360506,185.26432789162905,101.02882945467177,0.8943129988597491,0.4857923866090712,0.8908348288879262,0.0652958398583781,0.1483050847457627,2020-03-30,,bmo,,2025-04-24,2020-03-31,,7.918225806451613,32594.451612903227
2019-12-31,ATLCY,SEK,748954,2019-12-31,2019-12-30 19:00:00,2019,Q4,27319000000.0,15534000000.0,11785000000.0,0.4313847505,957000000,1959000000.0,3133000000.0,5092000000.0,169000000.0,6218000000.0,21752000000.0,0.0,0.0,1248000000.0,6075000000.0,0.2223727076,5627000000.0,0.2059738643,-55000000.0,5572000000.0,0.2039606135,1241000000.0,4326000000.0,0.1583513306,3.56,3.56,1215400000,1216700000,,,5.611286571428261,0.8885546948277263,1.1044287087583644,0.9355909928202252,3.097001314982075,10.945695720612468,3.438579321800963,10.93357719842226,4.853365437837343,423517811779.68,432141811779.68,24.47513937700416,15.502683545506056,78.76470369716942,92.97866339839295,7.956224977544663,7.956224977544663,15.818361278951643,62.85699080431709,80.3685720252334,94.87196745986388,0.0102144464286438,0.0107551556824948,0.4438954744415848,0.2114981829899214,1.2544,1.7727244696595954,0.0,0.9555713524080328,0.0090503867686065,0.886037910309755,0.0717083348585233,0.0350305648083751,0.3271423712429065,0.1528733494513669,0.0300889490830557,0.6586538461538461,0.0242688238954573,14.784766836027153,0.0529862542726699,0.0575472576589999,-3.22178101380497,25061000000.0,16741000000.0,-939000000.0,76046000000.0,27864000000.0,22412500000.0,14973500000.0,89.68703100406312,68.93395133256084,84.01506373117033,1.0034895680282103,1.3055975794251136,1.0712364664505896,0.0812684338073678,0.1688377159381394,2019-12-30,,bmo,,2025-04-24,2019-12-31,,7.87609375,9034.6875
2019-09-30,ATLCY,SEK,748954,2019-09-30,2019-09-29 20:00:00,2019,Q3,26676000000.0,15348000000.0,11328000000.0,0.424651372,933000000,1695000000.0,3040000000.0,4735000000.0,-183000000.0,5485000000.0,20833000000.0,0.0,90000000.0,1240000000.0,6818000000.0,0.2555855451,5843000000.0,0.2190358375,-65000000.0,5778000000.0,0.2165991903,1354000000.0,4418000000.0,0.165617034,0.91,0.91,4861600000,4864800000,,,5.4870824419944055,0.9087543195655752,1.0338160276452195,0.903611979595195,2.850501892381109,10.404393615270692,2.5970873786407767,10.392669080138226,4.837090669738358,343180344000.0,352961344000.0,19.419440018107743,12.864760233918128,68.28100756068444,78.11981424994309,6.792287857496289,6.792287857496289,13.231419403208877,49.83218184385147,70.22708794269798,80.34631094923742,0.0128736976847368,0.0128008496896896,0.4636516575952499,0.2045402951191827,1.3809120429196668,1.5467290969899663,64.92222222222222,0.8601745678589765,0.0,0.0,0.0635402609086819,0.0349752586594691,0.3314066183532699,0.1259450855551134,0.0237291947818263,0.510483870967742,0.0013870145449092,14.57733225469606,0.0561023298075423,0.0576958236477133,-4.317302945532335,20434000000.0,12626000000.0,-6139000000.0,73132000000.0,27932000000.0,32256000000.0,15023000000.0,96.16734143049932,193.0824863174355,90.57466770914776,0.9358686500140332,0.4661220275154129,0.993655315291985,0.0874418604651162,0.1302040480500247,2019-09-29,,bmo,,2025-04-24,2019-09-30,,6.76984375,10704.5625
2019-06-30,ATLCY,SEK,748954,2019-06-30,2019-06-29 20:00:00,2019,Q2,25580000000.0,14395000000.0,11185000000.0,0.4372556685,878000000,1838000000.0,3033000000.0,4871000000.0,57000000.0,5806000000.0,20201000000.0,0.0,79000000.0,1133000000.0,6259000000.0,0.2446833464,5379000000.0,0.2102814699,-64000000.0,5315000000.0,0.2077795152,1230000000.0,4080000000.0,0.1594996091,0.84,0.84,4855600000,4860000000,,,5.268143998681934,0.8402669083120521,0.5529697668671225,0.4258999917620891,2.438215668506466,9.115660268555894,2.6556965153637035,9.103509350028832,4.031221682181399,340863120000.0,348638120000.0,20.886220588235293,13.32537607505864,126.95088268156424,164.82742746615088,7.71131190190711,7.71131190190711,13.62932447224394,53.53779484029484,129.84659962756052,168.5870986460348,0.0119696140785192,0.0060669514496024,0.4410334140216727,0.1901969775314881,1.1939496314496314,1.5127657181419414,68.0886075949367,0.4991634132738427,0.0112068445539077,0.9362745098039216,0.0718530101641907,0.0343236903831118,0.3060224977804661,0.2297951582867784,0.0241204065676309,0.5445719329214475,0.0083268178264268,13.119108097260964,0.0598143595278765,0.057358151043131,-3.826097701622869,18236000000.0,12895000000.0,-4437000000.0,63957000000.0,26783500000.0,30016000000.0,14303000000.0,96.26270523846756,197.47481764501563,91.28169503299756,0.9349415204678364,0.4557543137565299,0.9859589041095892,0.0923014275049204,0.1270697751050333,2019-06-29,,bmo,,2025-04-24,2019-06-30,,6.706666666666666,11149.015873015873
2019-03-31,ATLCY,SEK,748954,2019-03-31,2019-03-30 20:00:00,2019,Q1,24181000000.0,13747000000.0,10434000000.0,0.4314958025,863000000,1734000000.0,2912000000.0,4646000000.0,-123000000.0,5386000000.0,19133000000.0,0.0,123000000.0,1079000000.0,5891000000.0,0.2436210248,5048000000.0,0.208758943,-141000000.0,4907000000.0,0.2029279186,1204000000.0,3698000000.0,0.1529299864,0.76,0.76,4849600000,4853200000,,,4.986184427581656,0.7625371164632134,0.6315984823490597,0.5066397228637414,2.8027053777631146,9.78554932365556,3.4167766413724845,9.77441438469152,3.9104256021115145,293449296000.0,298777296000.0,19.83837858301785,12.135531863860056,95.80453672869736,119.4339829059829,6.190652208767562,6.190652208767562,12.355870145982385,50.71758546936004,97.54400783545545,121.60248107448108,0.0126018363322296,0.0083728263570276,0.3970929496645711,0.1851600464301875,0.9044304871838398,1.6876607490119817,35.801418439716315,0.6067749603803486,0.0,0.0,0.0717091931681899,0.0356891774533724,0.3038226209447363,0.197845249755142,0.0250609983044539,0.561631139944393,0.0079401182746784,12.949921219854298,0.0532686883362068,0.0522523031707454,-2.8768867535466844,21924000000.0,16570000000.0,-396000000.0,66976000000.0,25106500000.0,20488000000.0,13362000000.0,97.5406310739837,186.23917945733612,91.69564268567687,0.9226924104246956,0.4832495517980806,0.981507925174925,0.0780135859246445,0.1249587594853183,2019-03-30,,bmo,,2025-04-24,2019-03-31,,6.045245901639344,11011.2131147541
2018-12-31,ATLCY,SEK,748954,2018-12-31,2018-12-30 19:00:00,2018,Q4,25321000000.0,14570000000.0,10751000000.0,0.4245882864,812000000,1478000000.0,2934000000.0,4412000000.0,-81000000.0,5386000000.0,19956000000.0,0.0,0.0,868000000.0,6912000000.0,0.272975001,5661000000.0,0.2235693693,273000000.0,5934000000.0,0.234350934,731000000.0,5200000000.0,0.2053631373,4.29,4.29,1212400000,1213300000,,,5.216942854889076,1.0713677518827531,1.111338010318379,0.9629947831346132,3.4042710316074487,8.750602145762365,2.564483539939352,8.740918629543424,4.196465071220754,237778297463.52,241732297463.52,11.431648916515384,9.39055714480155,44.08199804662959,50.87254973545571,5.604674071031703,5.604674071031703,9.546712114984402,35.53841479910615,44.81503475408232,51.7185060897561,0.0218691110815013,0.0196569663836418,0.4800942840306423,0.2106961828902451,0.5812996177594825,1.5333999143957768,0.0,0.9528351881293058,0.0,0.0,0.0583705224912128,0.0320682437502468,0.310592738181442,0.1334816462736373,0.0284348959361794,0.8294930875576036,0.0007108723984044,14.515736725508988,0.0734362627388647,0.0780253582414284,-2.74259842868986,18693000000.0,12447000000.0,-460000000.0,59105000000.0,24151500000.0,20221000000.0,12924500000.0,85.32601398049052,77.39258750857927,78.56005490734385,1.0547779721736232,1.1629020672040866,1.1456203805629817,0.1225692398350029,0.1483432271837658,2018-12-30,,bmo,,2025-04-24,2018-12-31,,5.640476190476191,32272.88888888889
2018-09-30,ATLCY,SEK,748954,2018-09-30,2018-09-29 20:00:00,2018,Q3,23675000000.0,13370000000.0,10305000000.0,0.4352692714,779000000,1516000000.0,2806000000.0,4322000000.0,59000000.0,5042000000.0,18412000000.0,0.0,0.0,823000000.0,6086000000.0,0.2570644139,5263000000.0,0.2223020063,-95000000.0,5168000000.0,0.2182893347,1269000000.0,3775000000.0,0.1594508976,0.78,0.78,4855600000,4860000000,,,4.875813493697998,0.7774528379602933,0.8789850893813329,0.7412060301507538,2.5360408600378945,7.697709860779306,1.529985995551528,7.689266002141856,4.255086909959634,289490872000.0,298128872000.0,19.17158092715232,12.227703146779303,67.8282268041237,80.43647457627118,7.7536659524319695,7.7536659524319695,12.592560591341076,48.98601248767663,69.85212558575445,82.83658571825507,0.013040134819864,0.0124321709183286,0.553380115706021,0.2233959734446294,1.4193230364771607,1.394064234067597,0.0,0.8109443283298499,0.0,0.0,0.0640337909186906,0.0329039070749736,0.3238111714205393,0.1567478912839737,0.0282576557550158,0.8128797083839611,0.0024920802534318,11.597669493994372,0.0630455660297176,0.0603632991141386,-3.708450037070599,14061000000.0,7429000000.0,-5366000000.0,54067000000.0,24929500000.0,28303500000.0,13028500000.0,92.36451953537488,187.89603590127152,88.39117427075543,0.9744001317035024,0.4789882850284813,1.0182012032594625,0.1011088493679022,0.1377790592305791,2018-09-29,,bmo,,2025-04-24,2018-09-30,,6.4471428571428575,111787.1746031746
2018-06-30,ATLCY,SEK,748954,2018-06-30,2018-06-29 20:00:00,2018,Q2,24461000000.0,13898000000.0,10563000000.0,0.4318302604,826000000,1630000000.0,2830000000.0,4460000000.0,153000000.0,5133000000.0,19031000000.0,0.0,0.0,1137000000.0,6567000000.0,0.2684681738,5430000000.0,0.2219860186,-201000000.0,5229000000.0,0.2137688565,1335000000.0,92774000000.0,3.7927312865,19.12,19.08,4852400000,4861600000,,,5.041010633913115,19.119198747011787,0.5714697881460721,0.4164949303437474,1.9823180281922348,7.2133377297832,0.9766301211771494,7.203033550408046,4.321160662764817,294637728000.0,306084728000.0,0.7939663267725872,12.045203712031396,106.2523360980887,145.7880890648194,8.429781643396657,8.429781643396657,12.513173132741915,46.60952154712959,110.38035629282366,151.4521167738743,0.3148748146741071,0.0068592709213397,0.5999084458686198,0.2292737332429418,1.74310948682808,1.3100236908749283,0.0,0.4002598152424942,0.0288048650714548,0.0914803716558518,0.0666366869710968,0.0337680389190957,0.3309095282874451,0.2711864406779661,0.030742815093414,0.6613896218117854,0.0022484771677363,55.66520614991038,0.0662594760543874,1.5161379941494664,-4.36866292968428,11385000000.0,4739000000.0,-8344000000.0,51616000000.0,24532500000.0,28056500000.0,12490000000.0,94.0509382282,185.8152252122608,83.70556914663982,0.956928252875362,0.484352129365024,1.0751972768064366,2.6543259327077133,0.1549748578023246,2018-06-29,,bmo,,2025-04-24,2018-06-30,,9.4646875,28685.125
2018-03-31,ATLCY,SEK,748954,2018-03-31,2018-03-30 20:00:00,2018,Q1,21906000000.0,12304000000.0,9602000000.0,0.4383273989,749000000,1432000000.0,2585000000.0,4017000000.0,-3000000.0,4769000000.0,17073000000.0,0.0,0.0,1094000000.0,5927000000.0,0.270565142,4833000000.0,0.2206244864,-320000000.0,4513000000.0,0.2060166165,1173000000.0,4415000000.0,0.2015429563,0.91,0.91,4853600000,4862000000,,,4.513350914784902,0.9096340860392286,0.9022169111587276,0.7569639030822483,4.807771551013681,13.92595187077633,7.952447667710565,13.90720290093951,4.731745508488545,399111528000.0,398828528000.0,22.59974677236693,18.219279101616,91.1421621374743,108.63133587370712,5.912763377777778,5.912763377777778,18.206360266593627,67.29011776615488,91.0775355103905,108.55430811105064,0.0110620708505317,0.0092054469546667,0.340237037037037,0.170588584841192,-0.0477475957482706,2.048408035733932,0.0,0.6898235664776308,0.0,0.0,0.0653702182050579,0.0341915456952433,0.2153563894583593,0.1609956611098424,0.0321829635716242,0.6444241316270567,0.0007303934994978,16.871143426085855,0.0374556463100988,0.0417948596582572,-4.130490769737927,47647000000.0,38598000000.0,26057000000.0,86223000000.0,27048000000.0,20812500000.0,15234500000.0,96.56121610517668,200.56160598179457,88.17132639791939,0.932051227502872,0.4487399248696159,1.0207400033184004,0.0654074074074074,0.1452530080764793,2018-03-30,,bmo,,2025-04-24,2018-03-31,,9.837049180327869,39578.03278688525
2017-12-31,ATLCY,SEK,748954,2017-12-31,2017-12-30 19:00:00,2017,Q4,30865000000.0,18231000000.0,12634000000.0,0.4093309574,1060000000,2043000000.0,3168000000.0,5211000000.0,312000000.0,5948000000.0,24179000000.0,0.0,0.0,1283000000.0,6309000000.0,0.2044062854,6233000000.0,0.2019439495,-287000000.0,5946000000.0,0.1926453912,1703000000.0,4182000000.0,0.1354932772,3.45,3.44,1213400000,1215500000,,,6.3546171334962285,0.861007900608496,1.33680638418244,1.1663342316946748,5.056105218350895,12.50190883516253,5.264871839875768,12.484614558823193,5.1773710369684,390559273338.08,391210273338.08,23.34763709577236,12.653791457575894,60.15081985801324,68.94250191316505,6.440727474695823,6.440727474695823,12.674883309187752,62.00828551879536,60.251081678435234,69.0574180649744,0.0107077216839758,0.014504840588169,0.4147001104899487,0.1999952281728673,0.1031859248692344,2.0601033977495784,0.0,1.041713460612867,0.010566897988945,0.9868483978957436,0.0661914790215454,0.0343431070792159,0.2795574925639027,0.1275219467118435,0.0268265025109347,0.6453624318004677,0.0138020411469301,15.5518621023969,0.048833992464164,0.0461655645953613,-1.7098171598704943,38345000000.0,25572000000.0,9501000000.0,85953000000.0,29405000000.0,23951500000.0,18188000000.0,89.20686862141585,70.12999835445122,90.90834293236794,1.0088909227601086,1.2833309869069407,0.9900081455335324,0.0689655172413793,0.1704721524877653,2017-12-30,,bmo,,2025-04-24,2017-12-31,,9.736825396825395,24319.174603174604
2017-09-30,ATLCY,SEK,748954,2017-09-30,2017-09-29 20:00:00,2017,Q3,28499000000.0,16711000000.0,11788000000.0,0.4136285484,931000000,1752000000.0,3111000000.0,4863000000.0,274000000.0,5520000000.0,22231000000.0,0.0,0.0,1531000000.0,7799000000.0,0.2736587249,6268000000.0,0.2199375417,-222000000.0,6067000000.0,0.2128846626,1621000000.0,4429000000.0,0.1554089617,0.91,0.91,4856000000,4860800000,,,5.868822075782537,0.9079489291598024,1.3206342668863262,1.1698929159802307,4.427924217462932,11.281301482701812,4.075370675453048,11.265856672158154,5.068986820428336,381293120000.0,386166120000.0,21.620158766160127,13.379175409663498,59.45627943240293,67.11725400457667,6.9697318441881295,6.9697318441881295,13.550163865398783,49.514824977561226,60.21614221113363,67.97502552367541,0.0115632823377458,0.0148992984714751,0.4499424205311934,0.2025142537454647,0.6248236953455572,1.852638757737908,0.0,1.0287135065768367,0.0,0.0,0.0614758412575879,0.0326678129057159,0.2878886356717977,0.1141431467331982,0.0256851117583073,0.4781188765512736,0.0015439138215375,15.170646205253114,0.0540228896503016,0.050938709491075,-3.1136223228995057,32506000000.0,19790000000.0,3865000000.0,79557000000.0,28579000000.0,33656500000.0,17997000000.0,89.10944243657671,181.4810603793908,96.73209263359465,1.0099939752631393,0.4959195180579873,0.9304047658816323,0.0805929771327252,0.1507413509060955,2017-09-29,,bmo,,2025-04-24,2017-09-30,,8.712222222222222,7913.523809523809
2017-06-30,ATLCY,SEK,748954,2017-06-30,2017-06-29 20:00:00,2017,Q2,29030000000.0,16812000000.0,12218000000.0,0.4208749569,880000000,1961000000.0,3122000000.0,5083000000.0,-267000000.0,6230000000.0,23042000000.0,0.0,0.0,1138000000.0,7126000000.0,0.2454702032,5988000000.0,0.2062693765,-395000000.0,5620000000.0,0.193592835,1536000000.0,4079000000.0,0.1405098174,0.84,0.83,4854000000,4860400000,,,5.980634528224145,0.8391017717346518,0.9754841367943964,0.8541409147095179,3.358879274824887,10.669962917181708,3.1926246394726,10.65471775854965,5.188298310671611,356963160000.0,367597160000.0,21.91033390621164,12.296354116431278,75.38820696937698,86.09820549927642,6.902106810008122,6.902106810008122,12.662664829486738,51.58534381139489,77.63403590285111,88.66308731307284,0.0114101410352821,0.0116146439313233,0.486948451216211,0.2115431460995052,1.4922817850126298,1.7380703496576595,0.0,0.7906161295708799,0.0115586157406271,1.0130125214829364,0.0675508095074061,0.030313468825353,0.3048744634562239,0.1243928194297782,0.0202893558387874,0.5175746924428822,0.0045814674474681,14.183047357389828,0.052647510817124,0.0492181646808613,-4.167851256695509,28243000000.0,15497000000.0,-748000000.0,76880000000.0,29540000000.0,32059500000.0,17901000000.0,89.72407853944195,179.95717344753749,96.53640256959316,1.0030752220033865,0.5001189909566873,0.932290800199634,0.0787540121427742,0.1213432220848784,2017-06-29,,bmo,,2025-04-24,2017-06-30,,8.222539682539683,8172.825396825397
2017-03-31,ATLCY,SEK,748954,2017-03-31,2017-03-30 20:00:00,2017,Q1,28027000000.0,16351000000.0,11676000000.0,0.4165982802,852000000,1963000000.0,3022000000.0,4985000000.0,-128000000.0,5965000000.0,22316000000.0,0.0,0.0,1158000000.0,6869000000.0,0.2450850965,5711000000.0,0.2037677953,-232000000.0,5496000000.0,0.1960966211,1507000000.0,3992000000.0,0.1424340814,0.82,0.82,4857200000,4862000000,,,5.770196821213868,0.8249608828131434,0.7697850613522194,0.6433747838260726,3.466194515358642,11.651362925142058,3.954953471135634,11.63345137116034,5.158939306596393,349766972000.0,359633972000.0,21.822246818068383,12.479643629357405,93.5455929392886,111.92543104,6.189908540685946,6.189908540685946,12.83169700645806,52.35608851361188,96.18453383257555,115.08287104,0.0114561989003352,0.0089345199809203,0.4434573319647471,0.2063779670230114,1.4364536322608823,1.9013624591825244,0.0,0.6527583798882681,2.859046393894504e-06,0.0002495632642874,0.0700396046669283,0.0303992578584935,0.3078868042629594,0.1642150307568868,0.0219074463909801,0.5302245250431779,0.0043529453741035,14.6947508331926,0.0471805489178982,0.0476825132385315,-3.3970703285843697,32020000000.0,19210000000.0,2719000000.0,82077000000.0,29656500000.0,20393000000.0,17340500000.0,96.7820316123738,167.8961531404807,97.80502721546084,0.9299246823053188,0.536045634855588,0.920198097810794,0.0709128234169822,0.1264102775261467,2017-03-30,,bmo,,2025-04-24,2017-03-31,,7.373387096774193,15018.32258064516
2016-12-31,ATLCY,SEK,748954,2016-12-31,2016-12-30 19:00:00,2016,Q4,26253000000.0,15543000000.0,10710000000.0,0.4079533768,744000000,1852000000.0,2854000000.0,4706000000.0,83000000.0,5032000000.0,20575000000.0,0.0,0.0,1204000000.0,7109000000.0,0.2707881004,5830000000.0,0.2220698587,-113000000.0,5672000000.0,0.2160514989,1374000000.0,2450000000.0,0.0933226679,2.02,2.02,1214300000,1215500000,,,5.396868876178869,0.5036502017536368,1.339709536664674,1.212049628383446,2.38504066969212,10.931676236184956,3.155317121108805,10.916875087398727,5.082138892960575,307338306350.4,320602306350.4,31.36105166840816,11.70678803757285,47.15947619309499,52.12657841763908,5.7873704236964505,5.7873704236964505,12.212025534239896,45.872414701731294,49.19476850550868,54.3762392046133,0.0079716714427609,0.0191840713577626,0.4655305526786555,0.2133192972767749,1.8978394620117327,1.846109614744424,0.0,1.13437771975631,0.0124781061155054,1.5653061224489797,0.0705443187445244,0.0283396183293337,0.3264073447692679,0.0952892435169556,0.0236544394926294,0.5157807308970099,0.0133318096979392,11.122564571917373,0.052328461082379,0.0313845050215208,-4.2710564966263,27958000000.0,15349000000.0,-1714000000.0,78674000000.0,28687500000.0,20688000000.0,17687000000.0,100.01371271854646,59.54255935147655,97.92704111175448,0.8998766024542401,1.5115238743557329,0.9190515610217596,0.0461350155352603,0.1276599082812279,2016-12-30,,bmo,,2025-04-24,2016-12-31,,6.73015873015873,20387.68253968254
2016-09-30,ATLCY,SEK,748954,2016-09-30,2016-09-29 20:00:00,2016,Q3,26528000000.0,16144000000.0,10384000000.0,0.3914354644,796000000,1798000000.0,2834000000.0,4632000000.0,67000000.0,5361000000.0,21505000000.0,0.0,0.0,1111000000.0,6134000000.0,0.2312273824,5023000000.0,0.1893471049,-304000000.0,4716000000.0,0.177774427,1325000000.0,3389000000.0,0.1277518094,0.7,0.69,4866800000,4870000000,,,5.450809566861182,0.6963507849100025,1.134420974767815,1.009698364428372,2.5602038300320538,10.376838990712583,2.287334593572779,10.362661296950767,5.106846387770198,286216508000.0,300285508000.0,21.113640306875187,10.78922300965018,51.8414251041478,58.24511762311762,5.675183074574187,5.675183074574187,11.319568305186973,48.95427257906749,54.389695345046185,61.10816198616199,0.0118406867014113,0.0171688210241178,0.4928122459500724,0.214319590918106,2.293609390283665,1.7171356389929435,0.0,1.0991439378857255,0.0,0.0,0.0677774427020506,0.030006031363088,0.3394931316667672,0.1099438507516754,0.0228814837153196,0.5463546354635463,0.00625753920386,12.742098134823946,0.0434741539170165,0.0442445526587203,-4.64848565792718,24696000000.0,11132000000.0,-6332000000.0,77232000000.0,27611000000.0,30483000000.0,18379500000.0,95.67588962605548,173.33808225966305,102.92244796828544,0.9406758625580652,0.5192165439166372,0.874444805546528,0.0671980647591854,0.1247226103394427,2016-09-29,,bmo,,2025-04-24,2016-09-30,,6.4096875,10613.8125
2016-06-30,ATLCY,SEK,748954,2016-06-30,2016-06-29 20:00:00,2016,Q2,25438000000.0,15603000000.0,9835000000.0,0.3866263071,782000000,1643000000.0,2731000000.0,4374000000.0,96000000.0,5060000000.0,20663000000.0,0.0,0.0,1042000000.0,5817000000.0,0.2286736379,4775000000.0,0.1877112981,-341000000.0,4420000000.0,0.1737557984,1232000000.0,3185000000.0,0.1252063841,0.66,0.66,4864400000,4864400000,,,5.229421922539265,0.6547570101142998,0.4824849930104432,0.3581119973686374,2.2738672806512623,9.501685716635144,2.419414521832086,9.471055011923362,4.915714168242743,240641868000.0,255662868000.0,18.888686656200942,9.459936630238229,102.53168640818063,138.14114121699197,5.223282932864492,5.223282932864492,10.050431165972167,43.950982980918,108.93177162334896,146.76398851894373,0.0132354358219991,0.0072389730618281,0.519024983178138,0.223947553266214,2.5822588963383186,1.512053200332502,0.0,0.4915183246073298,0.0159157674091858,1.2025117739403457,0.0645884110386036,0.0307414104882459,0.3226504331538281,0.2577758841073711,0.0237833162984511,0.5806142034548945,0.0018476295306234,11.812192531460337,0.0457419650399858,0.0440379403794037,-4.127898610311652,19096000000.0,11769000000.0,-4166000000.0,65577000000.0,26500000000.0,28470500000.0,18004000000.0,95.60067615378568,172.3110940203807,105.53931936166124,0.9414159357536732,0.5223111170622301,0.852762747991474,0.0691324260380716,0.1243729956418057,2016-06-29,,bmo,,2025-04-24,2016-06-30,,5.90046875,9414.625
2016-03-31,ATLCY,SEK,748954,2016-03-31,2016-03-30 20:00:00,2016,Q1,23137000000.0,13947000000.0,9190000000.0,0.3971992912,774000000,1531000000.0,2625000000.0,4156000000.0,-90000000.0,5020000000.0,18967000000.0,0.0,0.0,1035000000.0,5205000000.0,0.2249643428,4170000000.0,0.1802307992,-181000000.0,3997000000.0,0.1727535981,1089000000.0,2907000000.0,0.1256429096,0.6,0.6,4861600000,4862000000,,,4.759132795787395,0.5979512917558005,0.8013822609840382,0.6855767648510779,2.7005512588448246,10.127530031265428,3.232269211782129,10.097910153036038,4.7803192364653615,226113016000.0,237863016000.0,19.445563811489507,9.772788866318018,58.03722176591376,67.84068886888689,4.605903528069747,4.605903528069747,10.280633444266758,45.69894639769453,61.05313552361396,71.36604140414042,0.0128564027468458,0.0147404163588707,0.4733968874765746,0.2188612434784246,2.2574447646493754,1.888165326599774,0.0,0.9342925659472422,0.0,0.0,0.0661710679863422,0.0334529109218999,0.3156913340741717,0.1445071868583162,0.0243333189263949,0.5439613526570048,0.0,11.655741694587396,0.0390634828951173,0.0400060552680832,-3.1843940266578903,26732000000.0,15714000000.0,-120000000.0,72146000000.0,22995500000.0,17470500000.0,17308500000.0,101.05502009767903,174.66982146698217,114.28909442890944,0.8906039493437007,0.5152578690704891,0.7874767093896449,0.0592153507699828,0.1158054961329603,2016-03-30,,bmo,,2025-04-24,2016-03-31,,5.342950819672131,21673.508196721312
2015-12-31,ATLCY,SEK,748954,2015-12-31,2015-12-30 19:00:00,2015,Q4,25582000000.0,15514000000.0,10068000000.0,0.3935579704,850000000,1626000000.0,2785000000.0,4411000000.0,-39000000.0,5477000000.0,20991000000.0,0.0,0.0,1105000000.0,6202000000.0,0.2424360879,4824000000.0,0.1885700883,-180000000.0,4644000000.0,0.181533891,3614000000.0,1030000000.0,0.0402626847,0.85,0.85,1215400000,1215500000,,,5.255637477557635,0.2116060746573514,1.115554354747008,0.9429824103662554,1.8255646401992471,9.604450475952602,2.718008123996854,9.571785072194816,4.70957053926711,230964541444.0,245027541444.0,56.05935471941748,9.028400494253772,42.53490634327809,50.31907221002179,4.957278046060398,4.957278046060398,9.578122955359238,39.50782674040632,45.12477742983425,53.38290663267974,0.0044595590022624,0.0198731804081402,0.4920263570217424,0.2225415008251626,2.2674943566591423,1.83579418344519,0.0,1.1256218905472637,0.0158206102856959,3.5475728155339805,0.0635603158470799,0.0332264873739348,0.3254053004562663,0.154696132596685,0.0328355875224767,0.7601809954751131,0.0,6.750746403050333,0.0142549893495544,0.0148222765865592,-4.912548016705425,24284000000.0,13230000000.0,-2921000000.0,69827000000.0,23414500000.0,17857500000.0,17583500000.0,70.40419044640764,45.67294056980791,98.07528683769496,1.27833300019988,1.9705321986536264,0.9176623683899208,0.0221072739370264,0.1725719443807526,2015-12-30,,bmo,,2025-04-24,2015-12-31,,5.979375,14719.125
2015-09-30,ATLCY,SEK,748954,2015-09-30,2015-09-29 20:00:00,2015,Q3,25723000000.0,15440000000.0,10283000000.0,0.3997589706,870000000,1401000000.0,2650000000.0,4051000000.0,-49000000.0,4970000000.0,20410000000.0,0.0,0.0,1148000000.0,6461000000.0,0.2511759904,5313000000.0,0.2065466703,-271000000.0,5042000000.0,0.1960113517,1236000000.0,3805000000.0,0.1479220931,0.78,0.78,4871200000,4873600000,,,5.280629003120381,0.7811216948595828,1.1118410247988175,0.983125307932337,2.0432337001149614,9.585112497947115,2.648628674659222,9.551855805550993,4.802102151420595,223003536000.0,238116536000.0,14.652006307490144,8.669421762624888,41.17495125553914,46.56578325328879,4.792785918459456,4.792785918459456,9.256950433464215,36.85443986998917,43.965387001477104,49.72155690123199,0.0170625097173347,0.0214749958045508,0.5027402265253927,0.222834008097166,2.3391115926327197,1.808366717015827,0.0,1.0193864106907584,0.0,0.0,0.0544648757920926,0.0338218714768883,0.3218766372945939,0.1157680945347119,0.0243750728919643,0.5461672473867596,-0.0028768028612525,12.95670252832265,0.053091259561776,0.0534515213665608,-3.918490310395795,24618000000.0,12902000000.0,-3212000000.0,70553000000.0,27107500000.0,27898000000.0,18614500000.0,93.82770283403958,162.29145077720207,106.44365284974091,0.9592049819144572,0.5545578622225414,0.8455177701111659,0.0817769563068194,0.1287157168664805,2015-09-29,,bmo,,2025-04-24,2015-09-30,,5.9140625,15990.0625
2015-06-30,ATLCY,SEK,748954,2015-06-30,2015-06-29 20:00:00,2015,Q2,26111000000.0,15779000000.0,10332000000.0,0.3956953008,792000000,1517000000.0,2844000000.0,4361000000.0,-107000000.0,5260000000.0,21039000000.0,0.0,0.0,1059000000.0,6131000000.0,0.2348052545,5072000000.0,0.1942476351,-222000000.0,4850000000.0,0.1857454713,1199000000.0,3648000000.0,0.1397112328,0.75,0.74,4869600000,4874400000,,,5.362042056842451,0.7491375061606703,0.9409397075735172,0.7840479710859208,1.6861754558896007,8.845490389354362,1.892147198948579,8.806267455232463,5.380934779037292,257212272000.0,277114272000.0,17.6269375,9.85072467542415,56.13537145351375,67.36832687270822,5.998000886132033,5.998000886132033,10.612932174179464,45.198870004893166,60.47888956787429,72.58100366684128,0.0141828380568093,0.0148437707513426,0.6110346757456334,0.2500715771792865,3.2461262436796607,1.7931113737851327,0.0,0.9033911671924292,0.0141945015749481,1.0008223684210529,0.0580981195664662,0.0303320439661445,0.3231471054188696,0.1667394151025752,0.0292596989774424,0.7214353163361662,-0.0026808624717551,12.183384911424502,0.0507249530117087,0.051436789712642,-4.818568260226713,24155000000.0,9214000000.0,-7097000000.0,70636000000.0,27259500000.0,26119500000.0,19386500000.0,94.43606143004864,159.44356423093987,108.18936561252298,0.9530257683042558,0.5644630464334264,0.8318747363981442,0.0850686752326096,0.1568917364875965,2015-06-29,,bmo,,2025-04-24,2015-06-30,,6.954285714285715,14366.79365079365
2015-03-31,ATLCY,SEK,748954,2015-03-31,2015-03-30 20:00:00,2015,Q1,24745000000.0,15298000000.0,9447000000.0,0.3817740958,775000000,1810000000.0,2719000000.0,4529000000.0,376000000.0,4928000000.0,20226000000.0,0.0,0.0,1035000000.0,5554000000.0,0.2244493837,4519000000.0,0.1826227521,-232000000.0,4287000000.0,0.1732471206,1051000000.0,3234000000.0,0.1306930693,0.67,0.66,4870000000,4874000000,,,5.081108829568788,0.6640657084188911,0.551129363449692,0.4193018480492813,2.563655030800821,11.292607802874745,4.130800821355236,11.251745379876796,4.8583162217659135,302475700000.0,315806700000.0,23.382475262832408,12.223709840371791,112.69586438152012,148.1271792360431,5.520032484122929,5.520032484122929,12.762444938371388,56.86112711559237,117.6627049180328,154.65558276199803,0.0106917679668151,0.0067509555313038,0.4317833418497701,0.2129248823333543,2.4002520705797625,2.208574825382672,0.0,0.5939367116618721,0.0,0.0,0.073146090119216,0.0313194584764598,0.3138797145402676,0.2391952309985097,0.0259446352798545,0.6202898550724638,0.0100222267124671,12.966021402085127,0.0399976892204511,0.0424181214831914,-2.750667351129364,32530000000.0,20117000000.0,3322000000.0,80379000000.0,23763000000.0,16080500000.0,19084500000.0,98.6417458072338,142.87161720486338,116.51523074911752,0.9123926108919288,0.6299361745933704,0.7724312042413531,0.0590189064895247,0.1318275154004106,2015-03-30,,bmo,,2025-04-24,2015-03-31,,7.009508196721312,18394.22950819672
2014-12-31,ATLCY,SEK,748954,2014-12-31,2014-12-30 19:00:00,2014,Q4,25360000000.0,15751000000.0,9609000000.0,0.3789037855,788000000,1481000000.0,2604000000.0,4085000000.0,-188000000.0,5205000000.0,20956000000.0,0.0,0.0,1009000000.0,5868000000.0,0.2313880126,4771000000.0,0.1881309148,-335000000.0,4436000000.0,0.1749211356,1101000000.0,3333000000.0,0.1314274448,2.74,2.74,1217500000,1218500000,,,5.209002534053205,0.6846058929810462,1.2363164926051358,1.0623407376231535,1.96693250260621,10.42478334427454,3.6060429214447183,10.388221733428267,5.002984019003703,236462776116.48,251415776116.48,17.736481856921692,9.324241960429022,39.28605683942183,45.71979429939675,4.675487417033712,4.675487417033712,9.913871297968456,42.84522428706203,41.77035655698289,48.61093892430008,0.0140952417743678,0.0218723643735465,0.4816015818091942,0.231352285787559,2.548227675528289,2.092929292929293,0.0,1.2615803814713895,0.0,0.0,0.0583990536277602,0.0310725552050473,0.3153180535899165,0.140721050008307,0.0333990536277602,0.8394449950445986,0.0068217665615141,12.649756948918911,0.0443725384781465,0.0462377226569002,-4.203814988665868,29214000000.0,17556000000.0,1416000000.0,75021000000.0,22882500000.0,14844000000.0,18462500000.0,72.41522082018928,45.00285696146277,104.93048060440609,1.242832639059054,1.999873031995937,0.8577107384012198,0.0659021255561047,0.173975754981982,2014-12-30,,bmo,,2025-04-24,2014-12-31,,6.40953125,7801.875
2014-09-30,ATLCY,SEK,748954,2014-09-30,2014-09-29 20:00:00,2014,Q3,23590000000.0,15007000000.0,8583000000.0,0.3638406104,755000000,1428000000.0,2494000000.0,3922000000.0,239000000.0,4438000000.0,19445000000.0,0.0,0.0,1033000000.0,5178000000.0,0.219499788,4145000000.0,0.1757100466,-266000000.0,3879000000.0,0.1644340822,1001000000.0,2878000000.0,0.1220008478,0.59,0.59,4864800000,4867600000,,,4.849120210491695,0.5915967768459135,0.8966452886038481,0.7642657457654991,1.6999671106725869,9.183728005262292,2.7240585430027955,9.149605328071042,5.27503700049334,223926744000.0,243343744000.0,19.451593467685893,9.492443577787196,51.33579642365887,60.22774179666487,5.030818089910359,5.030818089910359,10.315546587537092,46.99570181537273,55.78719486474095,65.45017321140398,0.0128524174852468,0.0166036442703779,0.5765316438633147,0.2593116549786787,3.749903437620703,1.979711024308848,0.0,1.0523522316043423,0.0,0.0,0.0605341246290801,0.0320050869012293,0.3175461288171217,0.1476386978450252,0.0272997032640949,0.6234269119070668,0.0025010597710894,11.035838571840747,0.0405570112726998,0.0426136784281208,-3.641362440388094,25834000000.0,13252000000.0,-2082000000.0,69296000000.0,25073000000.0,21221000000.0,18602000000.0,96.7528613819415,130.81095488771905,111.3140534417272,0.930205047318612,0.688015771135155,0.8085232476698454,0.0646581743838601,0.1323795428383489,2014-09-29,,bmo,,2025-04-24,2014-09-30,,6.6996875,6149.5625
2014-06-30,ATLCY,SEK,748954,2014-06-30,2014-06-29 20:00:00,2014,Q2,23348000000.0,14591000000.0,8757000000.0,0.3750642453,715000000,1429000000.0,2425000000.0,3854000000.0,151000000.0,4418000000.0,19009000000.0,0.0,0.0,847000000.0,5186000000.0,0.2221175261,4339000000.0,0.1858403289,-165000000.0,4174000000.0,0.1787733425,967000000.0,3204000000.0,0.1372280281,0.66,0.66,4860400000,4862400000,,,4.803719858447864,0.6592050037033989,0.744177433956053,0.6133240062546292,1.5033742078841248,8.275039091432804,2.67220804872027,8.24335445642334,5.293185746029134,208705576000.0,229068576000.0,16.284767166042446,8.938905944834675,57.7012927840752,70.0119342502516,5.209044476613587,5.209044476613587,9.811057735137911,44.17056999614346,63.33109648880288,76.84286346863469,0.0153517699977503,0.0142832791396047,0.6421155094094744,0.2773800539083558,3.926532973389896,2.1245028676686064,0.0,0.8336022124913575,0.0320116027949344,2.085205992509364,0.0612043858146308,0.0306236080178173,0.2936064690026954,0.1758363284489909,0.027240020558506,0.7508854781582054,0.0018416995031694,11.057412055356217,0.0470533101526214,0.0489025916542018,-3.561846761583409,26861000000.0,12988000000.0,-1782000000.0,65232000000.0,24020500000.0,20090500000.0,18408500000.0,95.54308720232996,127.24967445685698,114.99348913713932,0.9419833777132252,0.7072709646146389,0.7826530064903717,0.0799680527130235,0.1308534277014237,2014-06-29,,bmo,,2025-04-24,2014-06-30,,6.802698412698413,8899.682539682539
2014-03-31,ATLCY,SEK,748954,2014-03-31,2014-03-30 20:00:00,2014,Q1,21423000000.0,13320000000.0,8103000000.0,0.378238342,675000000,1330000000.0,2302000000.0,3632000000.0,-36000000.0,4343000000.0,17663000000.0,0.0,0.0,820000000.0,4580000000.0,0.2137889185,3760000000.0,0.1755122999,-158000000.0,3602000000.0,0.168137049,847000000.0,2754000000.0,0.1285534239,0.57,0.57,4855600000,4857200000,,,4.412019111953208,0.5671801631106351,0.4920092264601697,0.3667929812999423,2.4394513551363373,8.696556553258095,3.2906334953455803,8.666282230826262,5.286061454815059,201604512000.0,217372512000.0,18.30106318082789,9.410657330906036,84.3886613645877,113.19736777091522,4.79098174904943,4.79098174904943,10.146688699061755,47.46124716157205,90.98891251569694,122.05082088714204,0.0136604085527609,0.0088341276806344,0.6099572243346008,0.2740063839099847,3.442794759825328,2.0137203764599163,0.0,0.6353723404255319,0.0,0.0,0.0620828081967978,0.0315081921299537,0.2802194869386056,0.2544997907074089,0.0283807123185361,0.7414634146341463,0.001727115716753,10.516426475184613,0.039442708358083,0.0408459895586141,-2.692303731773622,26820000000.0,15978000000.0,1831000000.0,63746000000.0,20118000000.0,12984500000.0,17500000000.0,97.69640106427671,132.10135135135135,122.79729729729728,0.921221242743496,0.6812950744207458,0.7329151535160119,0.0654467680608365,0.1252162451602273,2014-03-30,,bmo,,2025-04-24,2014-03-31,,6.434098360655738,10981.245901639344
2013-12-31,ATLCY,SEK,748954,2013-12-31,2013-12-30 19:00:00,2013,Q4,21266000000.0,13323000000.0,7943000000.0,0.3735070065,572000000,1212000000.0,2163000000.0,3375000000.0,162000000.0,3818000000.0,17141000000.0,0.0,0.0,705000000.0,5161000000.0,0.2426878586,4155000000.0,0.1953823004,-230000000.0,3925000000.0,0.1845669143,1022000000.0,2902000000.0,0.1364619581,2.39,2.39,1213900000,1214300000,,,4.3819466258476885,0.5979690166561644,0.5410980833008573,0.4067508059542621,3.668381255523672,8.199717108482222,4.63930820469109,8.16942715484733,5.259531064834113,192425187250.4,200317187250.4,16.576945834803585,9.048489948763285,73.27691822178217,97.47983143383992,4.853461478810503,4.853461478810503,9.419598760951754,38.8136382969192,76.28224952414318,101.47780509138803,0.0150811857920848,0.0102585323065387,0.6438065931848563,0.2904165386672128,1.5291610153071111,2.354443766524303,0.0,0.6320096269554754,0.0,0.0,0.0569923822063387,0.0268973949026615,0.1965957834135463,0.2482863670982482,0.0306592683156211,0.924822695035461,0.0044672246778895,10.483985275391944,0.044601850508858,0.0410978303970996,-1.8844163161870395,33299000000.0,22515000000.0,9787000000.0,59905000000.0,19394000000.0,12533500000.0,17102000000.0,71.86541897865136,43.355100202657056,113.6635892816933,1.2523408515399563,2.0758803365534435,0.7918102935932485,0.0731959542966681,0.1343472773465951,2013-12-30,,bmo,,2025-04-24,2013-12-31,,6.3128125,39376.0625
2013-09-30,ATLCY,SEK,748954,2013-09-30,2013-09-29 20:00:00,2013,Q3,20552000000.0,12604000000.0,7948000000.0,0.3867263527,516000000,1253000000.0,2035000000.0,3288000000.0,68000000.0,3736000000.0,16340000000.0,0.0,0.0,688000000.0,4900000000.0,0.2384196185,4212000000.0,0.2049435578,-195000000.0,4017000000.0,0.1954554301,963000000.0,3051000000.0,0.1484527053,0.63,0.63,4849600000,4854400000,,,4.237875288683603,0.6291240514681623,0.6128340481689212,0.4985978225008248,3.650197954470472,7.436902012537116,4.035590564170241,7.40700263939294,5.243112834048169,202955760000.0,212326760000.0,16.630265486725666,9.875231607629429,68.2892866756393,83.93538461538462,5.650058740012806,5.650058740012806,10.331196963799144,43.33199183673469,71.44238223418573,87.81090157154674,0.0150328327710433,0.01191392646358,0.7078589126137914,0.2950692212177828,1.912448979591837,2.1737867787542986,0.0,0.7056030389363722,0.0,0.0,0.060967302452316,0.0251070455430128,0.1914172652687036,0.1864064602960969,0.0269560140132347,0.8052325581395349,0.0052063059556247,10.239544861415023,0.0482484921980483,0.0437871351072074,-1.5178055922137907,30718000000.0,19571000000.0,6781000000.0,56274000000.0,22205000000.0,19241000000.0,17751500000.0,95.4958154924095,133.16486829577912,124.08917803871786,0.94244967212363,0.675853933186766,0.7252848429048222,0.0849363881851841,0.1142362256680963,2013-09-29,,bmo,,2025-04-24,2013-09-30,,6.0796875,8531.0
2013-06-30,ATLCY,SEK,748954,2013-06-30,2013-06-29 20:00:00,2013,Q2,21843000000.0,13479000000.0,8364000000.0,0.3829144348,518000000,1133000000.0,2130000000.0,3263000000.0,-50000000.0,3831000000.0,17310000000.0,0.0,0.0,677000000.0,5210000000.0,0.2385203498,4533000000.0,0.2075264387,-254000000.0,4279000000.0,0.1958979994,1142000000.0,3133000000.0,0.1434326787,0.65,0.64,4849600000,4854400000,,,4.504082810953481,0.6460326624876278,0.8074892774661828,0.6946964698119432,3.224802045529528,7.0172797756516,3.5819449026723853,6.986143187066975,5.412817551963048,175264544000.0,187438544000.0,13.985360995850623,8.023831158723619,44.75601225740552,52.02272009498368,5.173097520661157,5.173097520661157,8.581172183308153,35.97668790786948,47.86479673135853,55.6362552686257,0.0178758346012071,0.0192223704983935,0.7747933884297521,0.3042561083035838,2.336660268714012,2.041135573580533,0.0,0.8638870505184205,0.0380453447560962,2.128311522502394,0.0518701643547131,0.0237146912054205,0.1931012100700078,0.1396833503575076,0.0250423476628668,0.8079763663220089,-0.002289062857666,10.077138749782366,0.0508805350202727,0.0450040220638933,-2.18394300560871,28752000000.0,17371000000.0,4123000000.0,54546000000.0,21942500000.0,19327000000.0,17885000000.0,93.1314379892872,132.42599599376808,121.02158913866016,0.9663761447595453,0.6796248676448343,0.7436689655172414,0.0924734356552538,0.1127928076542395,2013-06-29,,bmo,,2025-04-24,2013-06-30,,5.86296875,9321.4375
2013-03-31,ATLCY,SEK,748954,2013-03-31,2013-03-30 20:00:00,2013,Q1,20227000000.0,12360000000.0,7867000000.0,0.3889355812,511000000,1203000000.0,2010000000.0,3213000000.0,13000000.0,3711000000.0,16071000000.0,0.0,0.0,633000000.0,4789000000.0,0.2367627429,4156000000.0,0.2054679389,-111000000.0,4045000000.0,0.1999802245,1057000000.0,2986000000.0,0.1476244624,0.62,0.61,4850400000,4857200000,,,4.170171532244764,0.615619330364506,0.4851146297212601,0.3797624938149431,3.832879762493815,7.454436747484744,4.136153719280884,7.424129968662379,5.139782285997031,201146088000.0,208940088000.0,16.840764233087743,9.94443506204578,85.48495027624308,109.1998306188925,5.585839711191335,5.585839711191335,10.32976160577446,43.62916851117144,88.79731746706332,113.4311009771987,0.014844932007825,0.0091575233618264,0.6923076923076923,0.2882280851850995,1.6274796408436,2.745668050980954,0.0,0.5661693936477382,0.0,0.0,0.0594749592129332,0.0252632619765659,0.1860822716026545,0.2171695707607309,0.0252632619765659,0.8072669826224329,0.0020764324912246,10.140752102115377,0.0461528392493257,0.0424153752183979,-1.4353455385122875,36570000000.0,20062000000.0,7182000000.0,61610000000.0,18835500000.0,12760500000.0,17649000000.0,94.69422059623275,137.04611650485435,128.48300970873785,0.9504275913917865,0.6567132458424101,0.7004817228676679,0.0829214107192446,0.105352135906317,2013-03-30,,bmo,,2025-04-24,2013-03-31,,6.363,11460.0
2012-12-31,ATLCY,SEK,748954,2012-12-31,2012-12-30 19:00:00,2012,Q4,22748000000.0,14097000000.0,8651000000.0,0.380297169,506000000,1285000000.0,2201000000.0,3486000000.0,28000000.0,3964000000.0,18061000000.0,0.0,0.0,691000000.0,5378000000.0,0.2364163883,4687000000.0,0.2060400914,-211000000.0,4476000000.0,0.1967645507,1070000000.0,3403000000.0,0.1495955688,0.7,0.7,4859600000,4863600000,,,4.681043707301012,0.7002633961642933,1.0544077701868466,0.9109803275989792,2.558646802205943,7.229401596839246,3.961848711828134,7.21828957115812,4.322166433451313,197105376000.0,205693376000.0,14.480265647957683,8.664734306312642,38.46709133489462,44.52346419697312,5.619059695535664,5.619059695535664,9.042262001055038,38.24718780215694,40.143125683060106,46.463378360063246,0.0172648766312695,0.0224600672484955,0.59877986202178,0.2588325179607881,1.5968761621420602,2.4448992882727825,0.0,1.09323661190527,0.0,0.0,0.0564884825039563,0.0222437137330754,0.1956770878260976,0.1360265417642467,0.0306400562686829,1.0086830680173662,0.0080886231756637,10.664466199295722,0.0588988320323726,0.0521372759307492,-2.564974483496584,31061000000.0,19253000000.0,6541000000.0,55816000000.0,18970000000.0,13513500000.0,18147500000.0,64.84130473008616,42.77505852309002,112.7027027027027,1.3880041491244126,2.1040298507462687,0.7985611510791367,0.0970123724271623,0.1434274425878673,2012-12-30,,bmo,,2025-04-24,2012-12-31,,5.566290322580645,20380.83870967742
2012-09-30,ATLCY,SEK,748954,2012-09-30,2012-09-29 20:00:00,2012,Q3,22094000000.0,13432000000.0,8662000000.0,0.3920521409,475000000,1180000000.0,2082000000.0,3262000000.0,-7000000.0,3744000000.0,17176000000.0,0.0,0.0,664000000.0,5582000000.0,0.2526477777,4918000000.0,0.2225943695,-188000000.0,4734000000.0,0.2142663166,1248000000.0,3484000000.0,0.1576898706,0.72,0.72,4856800000,4864000000,,,4.5490858178224345,0.7169329599736451,0.8027919617855378,0.6827540767583594,2.093353648492835,6.462279690331083,3.2259924229945645,6.451367155328612,4.344836106078076,170230840000.0,182560840000.0,12.222202757036186,7.704844754231918,43.66012823800974,51.33620024125453,5.432956946350492,5.432956946350492,8.262914818502761,32.70527409530634,46.8224775583483,55.05453558504222,0.0204545780306318,0.019479431576558,0.6734752497366994,0.2690209077001529,2.208885704048728,2.232610719510573,0.0,0.7928019520130134,0.0,0.0,0.0534081651127002,0.0214990495157056,0.2003824579296277,0.1495255193639394,0.0263872544582239,0.8780120481927711,0.0,10.201320962860455,0.0636097347610493,0.0555148113899429,-2.3477907264042166,27804000000.0,15668000000.0,3307000000.0,52145000000.0,10775500000.0,20847000000.0,18964000000.0,87.78808726351045,136.19937462775462,124.90917212626564,1.0251960465871652,0.6607959856348699,0.7205235489754318,0.1111288417961893,0.1200378850271784,2012-09-29,,bmo,,2025-04-24,2012-09-30,,5.025555555555556,15416.0
2012-06-30,ATLCY,SEK,748954,2012-06-30,2012-06-29 20:00:00,2012,Q2,23437000000.0,14584000000.0,8853000000.0,0.3777360584,560000000,1209000000.0,2240000000.0,3449000000.0,-175000000.0,3834000000.0,18418000000.0,0.0,0.0,661000000.0,5680000000.0,0.2423518368,5019000000.0,0.2141485685,-185000000.0,4839000000.0,0.2064684047,1222000000.0,3617000000.0,0.1543286257,0.75,0.74,4855600000,4863200000,,,4.826797924046462,0.7442952467254305,0.5721229096301178,0.4221929318724771,1.126122415355466,6.060425076200676,2.791416096877832,6.049921739846775,4.49913501935909,160234800000.0,177920800000.0,11.084311012728278,6.836830652387251,57.67991360691145,78.16331707317073,5.454616013071895,5.454616013071895,7.591449417587575,31.32408450704225,64.04636429085673,86.79063414634146,0.0225544014159221,0.0127937252082568,0.7436683006535948,0.280512076426251,3.113732394366197,2.121434985248215,0.0,0.5534967124925284,0.0378756674580053,1.6793027116768124,0.0515851004821436,0.0238938430686521,0.2038161763761733,0.2620590352771778,0.0310619959892477,1.1013615733736764,0.0,10.06557896326128,0.0678901957570777,0.058284682127536,-6.866504654419639,26227000000.0,13554000000.0,1162000000.0,50834000000.0,0.0,20969000000.0,18897500000.0,0.0,131.8588864509051,119.01673066374109,0.0,0.6825478541676417,0.756196204500674,0.1230255991285403,0.1499299777576406,2012-06-29,,bmo,,2025-04-24,2012-06-30,,4.802539682539683,30077.904761904763
2012-03-31,ATLCY,SEK,748954,2012-03-31,2012-03-30 20:00:00,2012,Q1,22254000000.0,13666000000.0,8588000000.0,0.3859081513,501000000,1809000000.0,2136000000.0,3945000000.0,-462000000.0,3984000000.0,17650000000.0,0.0,0.0,648000000.0,5252000000.0,0.2360025164,4604000000.0,0.2068841557,-120000000.0,4489000000.0,0.2017165453,1084000000.0,3406000000.0,0.1530511369,0.7,0.7,4850000000,4860400000,,,4.588453608247423,0.702061855670103,0.4169072164948453,0.2962886597938144,2.6257731958762887,6.560618556701031,3.334020618556701,6.547628865979381,5.061649484536082,172660000000.0,186554000000.0,12.676945668135096,7.758605194571763,85.39070227497528,120.15309672929716,5.437082756014612,5.437082756014612,8.382942392378899,35.52056359482102,92.26211671612263,129.82185107863606,0.0197208386424186,0.0083227151627475,0.7730507620607129,0.2990862573099415,2.6454683929931453,2.1118379571248425,0.0,0.4391833188531711,0.0,0.0,0.0812887570773793,0.0225128066864383,0.1906554580896686,0.2893175074183976,0.0262874090051226,0.9027777777777778,0.0,10.170000522000668,0.0579603979170753,0.0512561906338908,-5.829175257731959,28214000000.0,16170000000.0,3329000000.0,52647000000.0,0.0,14133500000.0,18044000000.0,0.0,135.4741694716815,121.89448265769062,0.0,0.6643332847212094,0.7383435085634016,0.1072238317168409,0.1206185567010309,2012-03-30,,bmo,,2025-04-24,2012-03-31,,5.412419354838709,27368.0
2011-12-31,ATLCY,SEK,748954,2011-12-31,2011-12-30 19:00:00,2011,Q4,22290000000.0,13887000000.0,8403000000.0,0.3769851952,543000000,1328000000.0,2076000000.0,3404000000.0,-140000000.0,3807000000.0,17694000000.0,0.0,0.0,703000000.0,5299000000.0,0.2377299237,4596000000.0,0.2061911171,-160000000.0,4436000000.0,0.1990130103,1064000000.0,3368000000.0,0.1510991476,0.7,0.69,4851200000,4858000000,,,4.594739445910291,0.6942612137203166,0.4992579155672823,0.3452753957783641,1.543741754617414,5.944714709762533,2.7801368733509237,5.931728232189974,4.212359828496043,159652991999.99997,174371991999.99997,11.850726840855106,7.162538896366082,65.91783319570602,95.3152191044776,5.548130108423686,5.548130108423686,7.822879856437863,32.90658463861105,71.99504211395539,104.10268179104476,0.0210957524679524,0.0104915039738184,0.7101403947734223,0.2720712564406396,2.777693904510285,1.86064602748381,0.0,0.5269799825935596,0.0,0.0,0.0595782862270076,0.0243606998654104,0.2043962774101639,0.3084227910817506,0.0335127860026917,1.062588904694168,0.0,9.625944054669846,0.0656609672385087,0.0563615978044413,-6.182284795514512,21795000000.0,13487000000.0,849000000.0,45802000000.0,0.0,3848000000.0,17270000000.0,0.0,49.87686325340246,113.92741412832144,0.0,1.804443866943867,0.7899766767165368,0.1170419794273005,0.1539825197889182,2011-12-30,,bmo,,2025-04-24,2011-12-31,,4.51031746031746,40800.0
2011-09-30,ATLCY,SEK,748954,2011-09-30,2011-09-29 20:00:00,2011,Q3,20739000000.0,12843000000.0,7896000000.0,0.3807319543,421000000,895000000.0,1897000000.0,2792000000.0,-117000000.0,3096000000.0,15939000000.0,0.0,0.0,644000000.0,5444000000.0,0.2625006027,4800000000.0,0.2314479965,-97000000.0,4703000000.0,0.2267708183,1102000000.0,3596000000.0,0.1733931241,0.74,0.73,4855200000,4866000000,,,4.271502718734553,0.7416790245509969,0.5892651178118307,0.4741308288021091,1.6775827978250124,5.463214697643763,2.6031883341571924,5.449209095402867,4.310430054374691,132886824000.0,147294824000.0,9.225688975284644,6.407581079126284,46.44768402656413,57.72668288444831,5.022747250255131,5.022747250255131,7.102310815372005,27.05636002939016,51.483685424676686,63.98558818418766,0.0270982471520276,0.0173230116478666,0.7910193899535095,0.2907635878626208,2.6465833945628217,1.8458518818292189,0.0,0.5960416666666667,0.0,0.0,0.0431554076860022,0.0202999180288345,0.1929254195843058,0.1953862285914016,0.0269540479290226,0.8680124223602484,0.0,9.535994544104376,0.0722241653772264,0.0619900154932002,-5.937036579337617,20901000000.0,12639000000.0,160000000.0,43105000000.0,0.0,0.0,16311000000.0,0.0,0.0,118.85774351786964,0.0,0.0,0.7572077118094452,0.1361076463695808,0.1151342890097215,2011-09-29,,bmo,,2025-04-24,2011-09-30,,4.85796875,36537.6875
2011-06-30,ATLCY,SEK,748954,2011-06-30,2011-06-29 20:00:00,2011,Q2,19951000000.0,12391000000.0,7560000000.0,0.3789283745,442000000,1100000000.0,1864000000.0,2964000000.0,-23000000.0,3383000000.0,15774000000.0,0.0,0.0,589000000.0,4766000000.0,0.2388852689,4177000000.0,0.2093629392,-96000000.0,4081000000.0,0.2045511503,1099000000.0,2976000000.0,0.1491654554,0.62,0.61,4853600000,4864000000,,,4.11055711224658,0.6143893192681721,0.2404400857095764,0.1133179495632108,1.2184770067578703,4.591849348936871,1.862947090819186,4.575778803362453,4.117562221855942,179728808000.0,195232808000.0,15.06780751173709,9.008511252568791,154.0092613538989,326.7796509090909,8.092611463820974,8.092611463820974,9.78561515713498,40.96366093159882,167.29460839760068,354.9687418181818,0.0165916640364075,0.0030601660697599,0.8998604169480842,0.3040006084575601,3.253042383550147,1.7390822244967588,0.0,0.2793871199425425,0.0269962286735913,1.6270959087860497,0.0551350809483233,0.0221542779810535,0.2014755095832065,0.5287060839760068,0.0309257681319232,1.0475382003395586,0.0,7.953267664469161,0.0668700022536751,0.0568054100390513,-6.120920553815725,17330000000.0,9042000000.0,-2675000000.0,38320000000.0,0.0,0.0,14815000000.0,0.0,0.0,113.751109676378,0.0,0.0,0.7912010727284337,0.134269890584898,0.1271221361463655,2011-06-29,,bmo,,2025-04-24,2011-06-30,,5.866190476190476,27930.15873015873
2011-03-31,ATLCY,SEK,748954,2011-03-31,2011-03-30 20:00:00,2011,Q1,18223000000.0,10930000000.0,7293000000.0,0.4002085277,399000000,1011000000.0,1788000000.0,2799000000.0,108000000.0,3306000000.0,14236000000.0,0.0,0.0,586000000.0,4573000000.0,0.2509466059,3987000000.0,0.2187894419,69000000.0,4056000000.0,0.2225758657,1023000000.0,3023000000.0,0.1658892608,0.62,0.62,4850000000,4881600000,,,3.757319587628866,0.6253608247422681,0.4063917525773196,0.3189690721649484,3.2538144329896905,6.129896907216495,3.4177319587628867,6.110927835051546,4.011340206185567,175764000000.0,180807000000.0,14.48763600395648,9.645173681611151,89.17503805175039,113.61603102779571,5.930359673392267,5.930359673392267,9.921911869615322,39.53794008309644,91.73363774733636,116.87588881706527,0.0172560933979654,0.0088015748389886,0.6564208111208584,0.2703660468606687,1.102777170347693,2.437638224553824,0.0,0.4943566591422121,5.689447213308755e-06,0.0003297065611605,0.0554793392964934,0.0218954069033638,0.1828010784068484,0.2151192288178589,0.0232672995664819,0.7235494880546075,0.0,9.272784619225076,0.0562306087495308,0.0515781239371471,-4.012886597938144,27952000000.0,16576000000.0,5167000000.0,48435000000.0,8737000000.0,3199000000.0,13454000000.0,0.0,0.0,115.02378774016468,0.0,0.0,0.7824468465888754,0.1023348404075848,0.0874226804123711,2011-03-30,,bmo,,2025-04-24,2011-03-31,,5.542419354838709,34987.16129032258
2010-12-31,ATLCY,SEK,748954,2010-12-31,2010-12-30 19:00:00,2010,Q4,19401000000.0,11993000000.0,7408000000.0,0.3818359878,423000000,1208000000.0,1838000000.0,3046000000.0,-55000000.0,3414000000.0,15407000000.0,0.0,0.0,664000000.0,4658000000.0,0.240090717,4007000000.0,0.2065357456,-87000000.0,3920000000.0,0.2020514406,1004000000.0,2906000000.0,0.1497860935,2.38,2.37,1217100000,1220400000,,,3.985313163948736,0.5942740571776555,0.550520039141416,0.4726666455464173,3.2862759649941693,6.023058980472187,3.257312037561729,5.9860837539626885,4.131776144511359,178416756914.4,184266756914.4,15.417970697753196,9.196266012803465,66.57341675910448,77.5387904886571,6.1225337810782055,6.1225337810782055,9.497796861728776,39.55920071155002,68.75625258,80.08116337001303,0.0162148446706045,0.0128967706833947,0.690230259771456,0.2808354974728435,1.2559038213825675,2.459918514207101,0.0,0.6688295482904917,5.604854708124616e-06,0.0003456619426201,0.0622648317097056,0.0218029998453687,0.1879869313897964,0.1414179104477612,0.0195350755115715,0.5707831325301205,0.0,8.946559186588708,0.0559580480773983,0.0497438013686853,-1.3820517997550177,27591000000.0,15857000000.0,4189000000.0,48600000000.0,8737000000.0,3199000000.0,12613000000.0,81.06077006339879,48.013007587759525,97.09914116567998,1.11027812750372,1.8744920287589872,0.9268877038411004,0.099275934250712,0.0778533935949987,2010-12-30,,bmo,,2025-04-24,2010-12-31,,4.99296875,29037.6875
2010-09-30,ATLCY,SEK,748954,2010-09-30,2010-09-29 20:00:00,2010,Q3,17743000000.0,10744000000.0,6999000000.0,0.394465423,367000000,985000000.0,1662000000.0,2647000000.0,203000000.0,3217000000.0,13961000000.0,0.0,0.0,639000000.0,4421000000.0,0.2491686862,3782000000.0,0.2131544835,-107000000.0,3675000000.0,0.2071239362,1025000000.0,2641000000.0,0.1488474328,0.54,0.54,4862400000,4867200000,,,3.6490210595590655,0.544998354721948,0.5371832839749918,0.454096742349457,2.661648568608095,5.372655478775913,2.588228035538006,5.338927278710102,4.17139684106614,136633440000.0,145528440000.0,12.889947169811322,7.700695485543594,52.30989280245023,61.88108695652174,5.263229583975347,5.263229583975347,8.20201995153018,32.91753901832165,55.71532924961715,65.9096195652174,0.0193949592427739,0.0161600264181301,0.7813174114021572,0.3008097526250222,2.011988237955214,2.280267959261478,0.0,0.6906398730830249,0.0,0.0,0.0555148509271261,0.0206842134926449,0.2007919558640327,0.1546707503828484,0.0227695429183339,0.6322378716744914,0.0,8.091254421579851,0.0547314052858841,0.0491751563398838,-4.5694512997696615,23507000000.0,12585000000.0,564000000.0,44615000000.0,0.0,0.0,12426500000.0,0.0,0.0,102.9253536857781,0.0,0.0,0.8744201188247741,0.1020801232665639,0.0830865416255347,2010-09-29,,bmo,,2025-04-24,2010-09-30,,3.73625,29881.75
2010-06-30,ATLCY,SEK,748954,2010-06-30,2010-06-29 20:00:00,2010,Q2,17430000000.0,10983000000.0,6447000000.0,0.3698795181,370000000,1020000000.0,1764000000.0,2784000000.0,-206000000.0,2948000000.0,13931000000.0,0.0,0.0,621000000.0,4120000000.0,0.2363740677,3499000000.0,0.2007458405,-96000000.0,3403000000.0,0.1952380952,880000000.0,2520000000.0,0.1445783133,0.52,0.52,4861200000,4866800000,,,3.5855344359417427,0.5190076524314984,0.5908006253599934,0.5286760470665679,2.213856660906772,5.228132971282811,2.3872706327655724,5.191927919032338,4.422776269233934,120752208000.0,133198208000.0,11.96514149821641,6.92783752151463,42.04464066852368,46.98529494163424,4.784349934624985,4.784349934624985,7.641893746414229,32.32966213592233,46.378206128133705,51.82809649805448,0.0208940278756641,0.0212832547128247,0.8518562542097547,0.3147923102827274,3.020873786407767,2.1475605950275667,0.0,0.8208059445555873,0.0301932367149758,1.445065398335315,0.0585197934595524,0.02122776821572,0.2021991537211379,0.1051532033426183,0.0173264486517498,0.4863123993558776,0.0,7.786503208702665,0.052216639071765,0.0463029235258492,-5.315354233522587,22063000000.0,11605000000.0,-1595000000.0,43999000000.0,0.0,0.0,12099000000.0,0.0,0.0,102.97186561048896,0.0,0.0,0.8740251472226643,0.0999643409009865,0.0621245782934254,2010-06-29,,bmo,,2025-04-24,2010-06-30,,3.47,33517.5873015873
2010-03-31,ATLCY,SEK,748954,2010-03-31,2010-03-30 20:00:00,2010,Q1,15301000000.0,9748000000.0,5553000000.0,0.3629174564,357000000,960000000.0,1650000000.0,2610000000.0,-41000000.0,2926000000.0,12674000000.0,0.0,0.0,574000000.0,3201000000.0,0.2092020129,2627000000.0,0.171688125,-130000000.0,2497000000.0,0.1631919482,642000000.0,1854000000.0,0.1211685511,0.38,0.38,4862800000,4865200000,,,3.146541087439336,0.3814674673027885,0.5472155959529489,0.4855227440980505,2.794686189026898,5.425680677798799,2.6274985605001238,5.390927037920539,4.714773381590853,117631132000.0,128600132000.0,15.853252291105122,7.687806810012417,44.20561142427659,49.822588733587466,4.487168872782759,4.487168872782759,8.404688059603947,40.1749865666979,48.32774596016535,54.4685014824227,0.0157696348616282,0.0200712172012422,0.8745756246423804,0.335067592254293,3.4267416432364888,2.157255107386066,0.0,1.0129425199847737,0.0,0.0,0.0627409973204365,0.0233318083785373,0.1988600657654366,0.1127395715896279,0.0196065616626364,0.5226480836236934,0.0,6.8022366821743,0.0376142142292283,0.0338392498814258,-4.654725672452085,22092000000.0,12777000000.0,-859000000.0,43654000000.0,7716500000.0,2339000000.0,11504500000.0,0.0,0.0,107.39433729995898,0.0,0.0,0.8380330123796423,0.0707610146862483,0.0616928518548984,2010-03-30,,bmo,,2025-04-24,2010-03-31,,3.328196721311476,39987.147540983606
2009-12-31,ATLCY,SEK,748954,2009-12-31,2009-12-30 19:00:00,2009,Q4,15942000000.0,10593000000.0,5349000000.0,0.3355287919,373000000,963000000.0,1624000000.0,2587000000.0,-61000000.0,2899000000.0,13492000000.0,0.0,0.0,630000000.0,3080000000.0,0.1932003513,2450000000.0,0.1536820976,-126000000.0,2324000000.0,0.1457784469,624000000.0,1690000000.0,0.1060092837,1.37,1.37,1215700000,1216300000,,,3.27771426288607,0.3429448871216888,0.9134916867396063,0.6858897742433777,2.81572555703329,5.278020501978942,2.6674861903577884,5.244712905028274,4.927673926645993,110601794703.36,122403794703.36,16.57700759942446,6.937761554595407,24.893494193869007,33.15401519884892,4.335795001895801,4.335795001895801,7.678070173338351,39.74149178680519,27.549807495692097,36.69178498302158,0.0150811296007778,0.0301622592015557,0.9395507467952487,0.3531101747355394,3.831818181818182,2.231683168316832,0.0,1.813469387755102,0.0,0.0,0.0604064734663153,0.0233973152678459,0.1870672127766155,0.2491559756920999,0.069439217162213,1.7571428571428571,0.0,6.361569632725338,0.0340373516171689,0.0302299871323196,-2.311948153154443,22392000000.0,12974000000.0,-1631000000.0,43138000000.0,,,,87.12645841174256,39.74511469838573,96.66100254885302,1.0329812738936046,2.264429243266353,0.9310890392897953,0.0653886863459955,0.2276019124962287,2009-12-30,,bmo,,2025-04-24,2009-12-31,,3.155,32886.0
2009-09-30,ATLCY,SEK,748954,2009-09-30,2009-09-29 20:00:00,2009,Q3,15088000000.0,9889000000.0,5199000000.0,0.344578473,306000000,891000000.0,1560000000.0,2451000000.0,40000000.0,2797000000.0,12686000000.0,0.0,0.0,661000000.0,3063000000.0,0.2030090138,2402000000.0,0.1591993637,-192000000.0,2210000000.0,0.1464740191,480000000.0,1721000000.0,0.1140641569,0.36,0.36,4863600000,4866000000,,,3.102228801710667,0.3557035940455629,0.8148285220824081,0.7488280286207747,,,,,,94353840000.0,,13.634947976878612,6.253568398727466,23.80869038607116,25.90714991762768,0.0,0.0,,,,,0.0183352368064723,0.0385993829185966,0.0,0.0,,0.0,0.0,1.649875104079933,1.05984027783077e-05,0.0005780346820809,0.0590535524920466,0.0202810180275715,0.0,0.080999242997729,0.0212751855779427,0.4856278366111952,0.0,,0.0,0.0,,,,,,,,,,,,0.0,0.0,0.0,0.0,0.0660004934616333,2009-09-29,,bmo,,2025-04-24,2009-09-30,,2.6478125,73005.8125
2009-06-30,ATLCY,SEK,748954,2009-06-30,2009-06-29 20:00:00,2009,Q2,16155000000.0,11014000000.0,5141000000.0,0.3182296503,359000000,986000000.0,1772000000.0,2758000000.0,-42000000.0,3075000000.0,14089000000.0,0.0,0.0,563000000.0,2629000000.0,0.162735995,2066000000.0,0.1278861034,-123000000.0,1943000000.0,0.1202723615,475000000.0,1461000000.0,0.0904363974,0.3,0.3,4863600000,4864800000,,,3.321613619541081,0.3003947693066864,0.5777613290566659,0.4813307015379554,1.7053211612797106,4.800764865531705,2.102968994160704,4.769923513446829,5.6622666337692245,81124848000.0,101936848000.0,13.881733059548257,5.021655710306407,28.870052669039143,34.65392909013242,3.496911418595629,3.496911418595629,6.3099255957907765,38.77400076074553,36.27645836298933,43.54414694574968,0.0180092787354128,0.0288567566869277,1.1870770291822923,0.392025395740804,7.916317991631799,2.127780946948089,0.0,1.3601161665053243,0.0449640287769784,2.4967145790554417,0.0610337356855462,0.0222222222222222,0.1867811183236533,0.1669039145907473,0.0290312596719281,0.8330373001776199,0.0,5.677970733653792,0.0289007687430979,0.0255745969506538,-6.392589851139074,21747000000.0,10228000000.0,-5869000000.0,43522000000.0,,,,0.0,0.0,122.8000726348284,0.0,0.0,0.7328985892999734,0.0629768524505366,0.0964306275187104,2009-06-29,,bmo,,2025-04-24,2009-06-30,,2.136349206349206,25737.396825396827
2009-03-31,ATLCY,SEK,748954,2009-03-31,2009-03-30 20:00:00,2009,Q1,16577000000.0,11135000000.0,5442000000.0,0.3282861796,372000000,1005000000.0,1850000000.0,2855000000.0,43000000.0,3270000000.0,14405000000.0,0.0,0.0,616000000.0,2788000000.0,0.1681848344,2172000000.0,0.131024914,-378000000.0,1794000000.0,0.1082222356,416000000.0,1372000000.0,0.0827652772,0.28,0.28,4863600000,4864800000,,,3.40838062340653,0.2833292211530553,0.7401924500370096,0.6408832963237109,,,,,,64880424000.0,,11.770759071117562,3.913882125837003,18.02234,20.81502213666987,0.0,0.0,,,,,0.0212390720504539,0.0480422261112227,0.0,0.0,,0.0,0.0,1.6574585635359116,0.0,0.0,0.0606261687880798,0.0224407311334982,0.0,0.1341666666666666,0.029136755745913,0.7840909090909091,0.0,,0.0,0.0,,,,,,,,,,,,0.0,0.0,0.0,0.0,0.0993091537132987,2009-03-30,,bmo,,2025-04-24,2009-03-31,,1.6836065573770491,49910.098360655735
2008-06-30,ATLCY,SEK,748954,2008-06-30,2008-06-29 20:00:00,2008,Q2,18884000000.0,12253000000.0,6631000000.0,0.3511438255,368000000,935000000.0,1838000000.0,2773000000.0,-140000000.0,3001000000.0,15254000000.0,0.0,0.0,0.0,3630000000.0,0.1922262233,3630000000.0,0.1922262233,-276000000.0,3354000000.0,0.1776106757,891000000.0,2454000000.0,0.1299512815,0.5,0.5,4883200000,4883200000,,,3.867136304062909,0.5025393184796855,,,,,,,,93610944000.00002,,9.536567237163815,4.957156534632494,0.0,0.0,0.0,0.0,,,0.0,0.0,0.0262148835930978,,0.0,0.0,,0.0,0.0,0.0,0.0391236306729264,1.4924205378973106,0.0495128150815505,0.0194873967379792,0.0,0.0,,0.0,,,0.0,0.0,,,,,,,,,,,,0.0,0.0,0.0,0.0,,2008-06-29,,bmo,,2025-04-24,2008-06-30,,3.966875,36608.9375
