date,symbol,reportedCurrency,cik,fillingDate,acceptedDate,calendarYear,period,revenue,costOfRevenue,grossProfit,grossProfitRatio,researchAndDevelopmentExpenses,generalAndAdministrativeExpenses,sellingAndMarketingExpenses,sellingGeneralAndAdministrativeExpenses,otherExpenses,operatingExpenses,costAndExpenses,interestIncome,interestExpense,depreciationAndAmortization,ebitda,ebitdaratio,operatingIncome,operatingIncomeRatio,totalOtherIncomeExpensesNet,incomeBeforeTax,incomeBeforeTaxRatio,incomeTaxExpense,netIncome,netIncomeRatio,eps,epsdiluted,weightedAverageShsOut,weightedAverageShsOutDil,link,finalLink,revenuePerShare,netIncomePerShare,operatingCashFlowPerShare,freeCashFlowPerShare,cashPerShare,bookValuePerShare,tangibleBookValuePerShare,shareholdersEquityPerShare,interestDebtPerShare,marketCap,enterpriseValue,peRatio,priceToSalesRatio,pocfratio,pfcfRatio,pbRatio,ptbRatio,evToSales,enterpriseValueOverEBITDA,evToOperatingCashFlow,evToFreeCashFlow,earningsYield,freeCashFlowYield,debtToEquity,debtToAssets,netDebtToEBITDA,currentRatio,interestCoverage,incomeQuality,dividendYield,payoutRatio,salesGeneralAndAdministrativeToRevenue,researchAndDdevelopementToRevenue,intangiblesToTotalAssets,capexToOperatingCashFlow,capexToRevenue,capexToDepreciation,stockBasedCompensationToRevenue,grahamNumber,roic,returnOnTangibleAssets,grahamNetNet,workingCapital,tangibleAssetValue,netCurrentAssetValue,investedCapital,averageReceivables,averagePayables,averageInventory,daysSalesOutstanding,daysPayablesOutstanding,daysOfInventoryOnHand,receivablesTurnover,payablesTurnover,inventoryTurnover,roe,capexPerShare,report_date,epsEstimated,time,revenueEstimated,updatedFromDate,fiscalDateEnding,surprise(%),QuarterAvgPrice,QuarterAvgVolume
2024-12-31,AVB,USD,915912,2025-02-27,2025-02-27 15:35:29,2024,Q4,740549000.0,281649000.0,458900000.0,0.619675403,0,17691000.0,0.0,17691000.0,215539000.0,233230000.0,514879000.0,0.0,58976000.0,215539000.0,556354000.0,0.7512723669,225670000.0,0.3047333802,56169000.0,281839000.0,0.3805811634,-253000.0,282092000.0,0.3809228019,1.98,1.98,142038838,142705114,https://www.sec.gov/Archives/edgar/data/915912/000091591225000005/0000915912-25-000005-index.htm,https://www.sec.gov/Archives/edgar/data/915912/000091591225000005/avb-20241231.htm,5.213707817012696,1.9860201897737293,2.314951351545131,1.9133640054137868,0.7644106466148364,84.06920366385988,84.06920366385988,84.06920366385988,58.50165431513879,31244283194.86,39386238194.86,27.68979906808772,42.19070337663004,95.0214352682528,114.965055983913,2.6165348357470157,2.6165348357470157,53.18518854911694,70.79348435503294,119.78309311024807,144.92382657102277,0.0090285956711084,0.0086982952466872,0.6909360550944587,0.3928686407529412,14.634486316266262,0.3578740025593439,3.8264717851329353,1.1656232718403925,0.0077383116294303,0.85708917658069,0.0238890336763671,0.0,0.0,0.1734755012727599,0.0770252879957977,0.2646435215900602,0.0069299938289026,61.291684230644776,0.0111517496725121,0.0134324809648347,-63.0184611901711,-479209000.0,11941092000.0,-8792569000.0,-324555000.0,0.0,83608500.0,0.0,0.0,27.466314455226183,0.0,0.0,3.276741047537054,0.0,0.02362363509133,0.4015873461313447,2025-02-05,2.83,amc,740670580.0,2025-05-05,2024-12-31,-0.010600706713781,225.7690625,627829.453125
2024-09-30,AVB,USD,915912,2024-11-12,2024-11-12 14:08:45,2024,Q3,734307000.0,314000.0,733993000.0,0.9995723859,0,20089000.0,0.0,20089000.0,172638000.0,192727000.0,193041000.0,0.0,55769000.0,212122000.0,641192000.0,0.8731933646,541266000.0,0.7371113172,-167965000.0,373301000.0,0.508371839,782000.0,372519000.0,0.5073068894,2.62,2.61,142038838,142516684,https://www.sec.gov/Archives/edgar/data/915912/000091591224000021/0000915912-24-000021-index.htm,https://www.sec.gov/Archives/edgar/data/915912/000091591224000021/avb-20240930.htm,5.169762089999638,2.6226559245718413,3.422789195163649,4.035551177910932,3.888767380651199,83.6734809109041,83.6734809109041,83.6734809109041,60.592103689274055,31994248259.5,39992555259.5,21.471554645199305,43.57067038650047,65.80890237653985,55.81641517345452,2.6920118243897035,2.6920118243897035,54.46299062857906,62.37219937163907,82.26060332826651,69.7700739866191,0.0116433115408294,0.0179158764835113,0.7194570010106957,0.4012811185216955,12.474121635953038,0.9800642347176652,9.705499471032294,1.301566691475292,0.0075514510620908,0.6485655765209292,0.027357767255385,0.0,0.0,0.1790241664935444,0.1185280815789581,0.4103110474161096,0.0187496510315167,70.26771580827115,0.0263481484680376,0.0174822514921455,-62.45595306827278,-16120000.0,11884884000.0,-8631050000.0,140874000.0,0.0,82587500.0,0.0,0.0,23291.94267515924,0.0,0.0,0.0038639971450721,0.0,0.031343932342966,0.6127619827472821,2024-11-04,1.45,amc,731530000.0,2024-11-05,2024-09-30,0.8896551724137933,215.99515625,722390.46875
2024-06-30,AVB,USD,915912,2024-08-06,2024-08-06 13:21:21,2024,Q2,713810000.0,467574000.0,246236000.0,0.3449601435,0,19586000.0,0.0,19586000.0,181000.0,226509000.0,474860000.0,0.0,57078000.0,206923000.0,445873000.0,0.624638209,238950000.0,0.3347529455,-292501000.0,253945000.0,0.3557599361,-62000.0,253934000.0,0.3557445259,1.78,1.78,142004857,142389866,https://www.sec.gov/Archives/edgar/data/915912/000091591224000015/0000915912-24-000015-index.htm,https://www.sec.gov/Archives/edgar/data/915912/000091591224000015/avb-20240630.htm,5.026659052936478,1.7882064414177046,2.675901430610926,2.335448286814584,3.843523464834728,82.68374933119365,82.68374933119365,82.68374933119365,60.43945384206119,29014432382.24,36994281382.24,28.564934571817872,40.64727642123254,76.35557784852799,87.4864158429646,2.471102261964278,2.471102261964278,51.82651039105644,82.9704453560543,97.35567785089648,111.54783392555292,0.008751989239515,0.0114303459613086,0.7261101525921658,0.4052671883816299,17.89713438580044,1.7293629665788757,4.186376537369915,1.4959863310853638,0.0083244089292555,0.9511447856529648,0.0274386741569885,0.0,0.0,0.1272293291156895,0.0677295078522295,0.2336424660380914,0.0106807133550944,57.67799663631413,0.0117550908346844,0.0120708103757992,-61.61575867788804,513985000.0,11741494000.0,-8076847000.0,647181000.0,0.0,85539500.0,0.0,0.0,16.151625197294972,0.0,0.0,5.5721946801411,0.0,0.0216270604064525,0.3404531437963421,2024-07-31,2.71,amc,718000000.0,2025-04-25,2024-06-30,0.022140221402214,193.33142857142852,662208.6031746032
2024-03-31,AVB,USD,915912,2024-05-03,2024-05-03 14:31:01,2024,Q1,701377000.0,467965000.0,233412000.0,0.3327910667,0,20331000.0,0.0,20331000.0,-8849000.0,8849000.0,476814000.0,0.0,54766000.0,212269000.0,436832000.0,0.6228205373,224563000.0,0.3201744568,-51028000.0,173535000.0,0.2474204315,-22000.0,173449000.0,0.2472978156,1.22,1.22,141902066,142222755,https://www.sec.gov/Archives/edgar/data/915912/000091591224000011/0000915912-24-000011-index.htm,https://www.sec.gov/Archives/edgar/data/915912/000091591224000011/avb-20240331.htm,4.942683498350193,1.2223148322590314,2.909788501599406,2.637135670737873,3.072090578300671,82.56191985252703,82.56191985252703,82.55153945397807,57.708553728879465,25729682607.12,33440329607.12,37.08537179101638,36.68452573597367,62.313807309477966,68.75641705201555,2.1964460166255857,2.1964460166255857,47.67810978563597,76.55192295234781,80.98795027214493,89.36127522178427,0.0067412024721984,0.014544097014879,0.694385736190689,0.3940815653505756,17.65128699362684,0.5829557528944775,4.10040901289121,2.385203713224463,0.0092113456515944,1.366424712739768,0.0289872636256963,0.0,0.0,0.0937019411244717,0.0551629152367414,0.1822687250611252,0.0083692507738348,47.64807813290391,0.0108721077922918,0.0084031716257292,-59.824738563003024,-303006000.0,11715707000.0,-8501640000.0,-170532000.0,0.0,87435000.0,0.0,0.0,16.764138343679548,0.0,0.0,5.368602796930031,0.0,0.0148066873173269,0.2726528308615323,2024-04-25,2.64,amc,715620000.0,2025-04-25,2024-03-31,0.0227272727272727,179.83901639344262,835330.1803278689
2023-12-31,AVB,USD,915912,2024-02-23,2024-02-23 13:36:28,2023,Q4,704705000.0,461073000.0,243632000.0,0.3457219688,23212000,17992000.0,0.0,17992000.0,-28259000.0,28259000.0,489332000.0,0.0,49471000.0,210694000.0,426067000.0,0.6046033447,215373000.0,0.3056215012,-1197163000.0,244504000.0,0.346959366,2438000.0,241969000.0,0.3433621161,1.7,1.7,142098397,142229122,https://www.sec.gov/Archives/edgar/data/915912/000091591224000004/0000915912-24-000004-index.htm,https://www.sec.gov/Archives/edgar/data/915912/000091591224000004/avb-20231231.htm,4.959274804486359,1.702827091005115,2.4368325562462188,1.996897966414076,3.773497881190032,82.93401789747142,82.93401789747142,82.9231099630209,57.597588521705845,26603661886.34,34207755886.34,27.48664279963549,37.75148734057513,76.82924274797124,93.75541622499613,2.2577542024592385,2.2577542024592385,48.541951435480094,80.28726910636121,98.78925660998642,120.55341873419415,0.0090953268401085,0.010666050456223,0.6903918879364345,0.3934118294742476,17.8471789648107,0.7644617985066676,4.353520244183461,1.4336224563727824,0.0088022092973688,0.9677727312176352,0.0255312506651719,0.0329386055157832,0.0,0.1805354203367314,0.0887094599868029,0.2967051743286472,0.0075109442958401,56.36562478671849,0.0106699909441791,0.0117016392228071,-58.81287316703509,-163594000.0,11784791000.0,-8362463000.0,-28920000.0,0.0,91730500.0,0.0,0.0,17.119349864338187,0.0,0.0,5.257208989430236,0.0,0.0205350123959952,0.4399345898321428,2024-01-31,2.73,amc,705650000.0,2025-04-25,2023-12-31,0.0036630036630037,174.4684126984127,801343.126984127
2023-09-30,AVB,USD,915912,2023-11-03,2023-11-03 16:21:47,2023,Q3,697635000.0,253590000.0,444045000.0,0.6365004623,18959000,20466000.0,0.0,20466000.0,237000.0,240407000.0,493997000.0,48115000.0,48115000.0,200982000.0,406787000.0,0.5830943115,205805000.0,0.2950038344,-46081000.0,176162000.0,0.2525131337,4372000.0,172031000.0,0.2465916991,1.21,1.21,141838841,142198099,https://www.sec.gov/Archives/edgar/data/915912/000091591223000018/0000915912-23-000018-index.htm,https://www.sec.gov/Archives/edgar/data/915912/000091591223000018/avb-20230930.htm,4.918504656986023,1.2128624203859646,3.322524328861373,2.9495094365583543,3.7560797609732304,83.04728039902695,83.04728039902695,83.03509050810702,56.367557318097376,24359402553.34,31797825553.34,35.39972817884568,34.91711647686828,51.689613980601074,58.22663181589798,2.0682822039344004,2.0682822039344004,45.57945853252775,78.16824419988839,67.47363054884427,76.00680176725508,0.0070622011202164,0.0171742717861788,0.674754901274037,0.3838601258436162,18.28579330214584,11.14612296217977,4.277356333783644,2.7432504802374997,0.0096128383890882,1.361167464003581,0.0293362574985486,0.0271761021164362,0.0,0.1122685209744877,0.0758390849082973,0.2632474549959698,0.0096526120392468,47.60229163747457,0.0097270773461082,0.008309537078926,-59.15692726225816,710117000.0,11779330000.0,-8143402000.0,845896000.0,0.0,92359500.0,0.0,0.0,33.984857447060214,0.0,0.0,2.648238267298816,0.0,0.0146066248975491,0.3730148923030187,2023-10-25,2.64,amc,692450000.0,2025-04-25,2023-09-30,0.0075757575757575,184.84507936507936,646524.2222222222
2023-06-30,AVB,USD,915912,2023-08-04,2023-08-04 14:20:17,2023,Q2,690860000.0,244835000.0,446025000.0,0.6456083722,1261000,17676000.0,0.0,17676000.0,341000.0,219483000.0,464318000.0,51585000.0,51585000.0,200546000.0,432399000.0,0.6258851287,231853000.0,0.3356005558,-65877000.0,367590000.0,0.5320759633,-217000.0,367923000.0,0.5325579712,2.59,2.58,141779951,142124117,https://www.sec.gov/Archives/edgar/data/915912/000091591223000014/0000915912-23-000014-index.htm,https://www.sec.gov/Archives/edgar/data/915912/000091591223000014/avb-20230630.htm,4.872762299092627,2.5950284042628846,2.443652981654649,2.1095436829428724,5.490000486740188,83.34801864898374,83.34801864898374,83.33734718246588,57.23153339219309,26834691325.77,34127768325.77,18.23390446219046,38.84244467152534,77.45371434525099,89.72082518621423,2.271130608292536,2.271130608292536,49.39896408211504,78.92656626349738,98.50392490286065,114.10496579893744,0.0137107222711622,0.0111456843817978,0.6823794714852823,0.3875143064347607,16.86654455722608,11.083789525747235,4.494581758263061,0.9419641279257872,0.0086029683441263,0.6274628115121914,0.0255855021277827,0.0018252612685638,0.0,0.1367253457099067,0.068566713950728,0.2362051599134363,0.0104131082998002,69.75609377806623,0.011197916080937,0.0176833373249325,-57.91190462465317,897064000.0,11817078000.0,-8003094000.0,1033244000.0,0.0,86969500.0,0.0,0.0,32.70157452978536,0.0,0.0,2.75216105934061,0.0,0.0311388410118348,0.3341092987117762,2023-07-31,2.6,amc,691880000.0,2025-04-25,2023-06-30,0.023076923076923,178.53096774193548,765885.8064516129
2023-03-31,AVB,USD,915912,2023-05-05,2023-05-05 12:01:02,2023,Q1,674708000.0,239327000.0,435381000.0,0.6452880357,2992000,20400000.0,0.0,20400000.0,204743000.0,228135000.0,467462000.0,56821000.0,56821000.0,204743000.0,411989000.0,0.610618223,207246000.0,0.307163988,-56911000.0,150335000.0,0.2228149066,3560000.0,146902000.0,0.2177267796,1.05,1.05,139766727,140023810,https://www.sec.gov/Archives/edgar/data/915912/000091591223000010/0000915912-23-000010-index.htm,https://www.sec.gov/Archives/edgar/data/915912/000091591223000010/avb-20230331.htm,4.827386420803858,1.051051299212294,2.834136625378657,2.5874255465680327,1.8244900304490923,79.93311598403531,79.93311598403531,79.91355481909511,58.1233901256055,23489196139.62,31301625139.62,39.974261990340494,34.813869317719664,59.29848211800524,64.95259360135606,2.1030224519538274,2.1030224519538274,46.39284718666445,75.9768468080944,79.02096127825547,86.55561155310865,0.0062540241533517,0.0153958440233727,0.7222410337805848,0.3998481776485082,18.962712596695543,4.853150227117607,3.647348691504902,2.6988111054334865,0.0095135226710919,1.5211841908210917,0.0302353017898112,0.0044345109291723,0.0,0.0870498184884302,0.0511065527606016,0.1684160142227084,0.0117398934057399,43.472382340847886,0.0100716355413855,0.0072814257521538,-62.589302817400885,327433000.0,11171990000.0,-8590494000.0,465691000.0,0.0,78890000.0,16266000.0,0.0,31.95636096219816,0.0,0.0,2.816340699945868,0.0,0.0131523532095602,0.2467110788106242,2023-04-26,2.54,amc,668740000.0,2025-04-25,2023-03-31,0.0118110236220471,170.57983870967743,862281.1129032258
2022-12-31,AVB,USD,915912,2023-02-24,2023-02-24 13:29:05,2022,Q4,669673000.0,229140000.0,440533000.0,0.6578330021,6700000,20741000.0,0.0,20741000.0,207232000.0,234673000.0,463813000.0,57461000.0,57461000.0,207232000.0,419912000.0,0.6270403615,212680000.0,0.3175878376,-634348000.0,247847000.0,0.3701015272,6683000.0,241293000.0,0.360314661,1.72,1.72,139956721,140007823,https://www.sec.gov/Archives/edgar/data/915912/000091591223000004/0000915912-23-000004-index.htm,https://www.sec.gov/Archives/edgar/data/915912/000091591223000004/avb-20221231.htm,4.784857741844352,1.724054395358405,2.4399828572719997,2.073969709536136,4.404168628672002,80.4265627229149,80.4265627229149,80.40737822087158,59.8292525015644,22605809575.92,30308665575.92,23.421534789571187,33.75648947459432,66.19718639359048,77.87963308110493,2.0087708811537124,2.0087708811537124,45.25890333927156,72.17861260435521,88.75366209433896,104.4168644481958,0.0106739375641307,0.0128403275726605,0.7389706166576903,0.4064982370507353,18.34397683324125,1.1698502526133725,3.7012930509388977,1.4160156573949678,0.0098299509802429,0.9209301554541574,0.0309718325212454,0.0100048829802007,0.0,0.1500064423178288,0.076494050081159,0.247191553428042,0.0105872567656154,55.8489087755628,0.0104524908904402,0.0117946907589705,-61.22511972826228,111950000.0,11256238000.0,-8430466000.0,255281000.0,0.0,72693500.0,35520500.0,0.0,28.59465828750982,12.777690494893951,0.0,3.147441004368012,7.043526374031723,0.0214414949660787,0.3660131477358633,2023-02-08,2.58,amc,671731633.0,2025-04-25,2022-12-31,0.0038759689922479,170.22380952380954,845072.4126984127
2022-09-30,AVB,USD,915912,2022-11-08,2022-11-08 15:11:58,2022,Q3,665288000.0,240671000.0,424617000.0,0.6382453915,0,14611000.0,0.0,14611000.0,206658000.0,221269000.0,461940000.0,57290000.0,57290000.0,206658000.0,447269000.0,0.6722938036,240611000.0,0.361664422,50177000.0,500283000.0,0.7519795938,5651000.0,494747000.0,0.7436583855,3.54,3.53,139640421,139981959,https://www.sec.gov/Archives/edgar/data/915912/000091591222000020/0000915912-22-000020-index.htm,https://www.sec.gov/Archives/edgar/data/915912/000091591222000020/avb-20220930.htm,4.764293857292223,3.543007078158265,3.153757320740246,2.770931204797785,1.6545710643481948,80.30227150346388,80.30227150346388,80.28182613399598,57.8288789318388,25720369143.99,33537329143.99,12.996728198447892,38.66050363750736,58.403352340619264,66.47223853161003,2.2942926048116297,2.2942926048116297,50.41024209664085,74.98245830582937,76.15335688202782,86.67454693562726,0.0192356103923028,0.0150438742863227,0.7152130646492405,0.3976221399996132,17.477088731836993,10.48482544763429,4.199877814627334,0.8903427194358634,0.0086377842695898,0.4490517375547502,0.0219619172448623,0.0,0.0,0.1213873094879107,0.0803531703562968,0.258678589747312,0.0136677649378915,79.99924537397166,0.0118263104343983,0.0245352166178934,-62.310235372321024,474099000.0,11213443000.0,-8427243000.0,619799000.0,0.0,65641500.0,19254500.0,0.0,27.143486336118603,14.40061328535636,0.0,3.315712612798788,6.249733828455685,0.0441321186720982,0.3828261159424605,2022-11-03,2.53,amc,662508201.0,2025-04-25,2022-09-30,-0.0118577075098813,201.78578125,673353.328125
2022-06-30,AVB,USD,915912,2022-08-03,2022-08-03 15:34:03,2022,Q2,644559000.0,227254000.0,417305000.0,0.6474271556,2364000,21291000.0,0.0,21291000.0,-28000.0,220593000.0,447847000.0,0.0,58797000.0,199302000.0,396259000.0,0.6147753735,196957000.0,0.3055686136,-58305000.0,138407000.0,0.2147313124,-159000.0,138444000.0,0.214788716,0.99,0.99,139630291,139934478,https://www.sec.gov/Archives/edgar/data/915912/000091591222000015/0000915912-22-000015-index.htm,https://www.sec.gov/Archives/edgar/data/915912/000091591222000015/avb-20220630.htm,4.616183174752533,0.9915040569527998,2.1225193894353485,1.849820681101352,1.2435697065187667,78.21326534369251,78.21326534369251,78.18834238481963,58.91636364204096,27123184026.75,35138374026.75,48.978619562332064,42.08021923012478,91.5185985894226,105.01017854571008,2.484385703484538,2.484385703484538,54.51537256752291,88.67527053454937,118.56332001683718,136.04180566396042,0.005104267989461,0.0095228863891961,0.7481329221144001,0.4131622305213924,20.22714941490288,0.8899968080262747,3.349779750667551,2.138821933230374,0.0081947237382156,1.6054650255699054,0.0330318869180323,0.0036676239103014,0.0,0.1284787831344814,0.05907449899854,0.191051770679672,0.0166175633262432,41.76471381826616,0.010295913669173,0.0070031646368412,-62.12259487448895,-67891000.0,10920941000.0,-8298554000.0,79283000.0,0.0,62772000.0,-98796500.0,0.0,23.24632349705616,0.0,0.0,3.87157995161675,0.0,0.0126809704197706,0.2726987083339961,2022-07-27,2.35,amc,631939196.0,2025-04-25,2022-06-30,0.0340425531914893,216.58790322580649,854301.4838709678
2022-03-31,AVB,USD,915912,2022-05-04,2022-05-04 16:28:45,2022,Q1,613927000.0,222050000.0,391877000.0,0.6383120469,987000,17421000.0,0.0,17421000.0,201786000.0,219207000.0,441257000.0,0.0,56526000.0,201786000.0,373786000.0,0.608844374,172000000.0,0.2801636025,-198068000.0,264547000.0,0.4309095381,2471000.0,262044000.0,0.4268325061,1.88,1.87,139559904,139976082,https://www.sec.gov/Archives/edgar/data/915912/000091591222000011/0000915912-22-000011-index.htm,https://www.sec.gov/Archives/edgar/data/915912/000091591222000011/avb-20220331.htm,4.399021369346887,1.8776453156631576,2.4625984265509384,2.2337074694462387,2.5567228822398733,78.68039232815752,78.68039232815752,78.65648861438025,57.76414836169563,34662493356.48,42324069356.48,33.06934461052342,56.46028494671191,100.85688243854749,111.19182050350298,3.1576543064063523,3.1576543064063523,68.93990548791632,113.23075063399914,123.1496431461825,135.76894986937666,0.0075598716256518,0.0089934672844797,0.7292356803481223,0.4028778698261421,20.49722568528516,0.7814360877566761,3.042847539185507,1.311375326241243,0.0064381981326303,0.8516279708751202,0.0283763379033663,0.0016076829981414,0.0,0.0929469273743016,0.0520322448760194,0.1583063245220183,0.0113531413343931,57.645487389294665,0.0088677938366138,0.0131881690582314,-61.84426366472708,-143108000.0,10980628000.0,-8377342000.0,5181000.0,0.0,65284000.0,-25529000.0,0.0,27.09362756136005,-80.0872326052691,0.0,3.321814319480598,-1.1237746276436915,0.0238714611946188,0.2288909571046996,2022-04-27,2.26,amc,612467851.0,2025-04-25,2022-03-31,0.0,244.2733870967742,687204.4516129033
2021-12-31,AVB,USD,915912,2022-02-25,2022-02-25 16:59:50,2021,Q4,601197000.0,211047000.0,390150000.0,0.6489553341,0,16481000.0,0.0,16481000.0,-1331000.0,213517000.0,424564000.0,0.0,55711000.0,197036000.0,356630000.0,0.5931998995,395219000.0,0.6573868466,-17033000.0,339597000.0,0.5648680882,4299000.0,334552000.0,0.5564764961,2.4,2.4,139790984,139928816,https://www.sec.gov/Archives/edgar/data/915912/000091591222000005/0000915912-22-000005-index.htm,https://www.sec.gov/Archives/edgar/data/915912/000091591222000005/avb-20211231.htm,4.300685085670475,2.393230167118646,2.0847410302226645,1.777675447223406,3.029201082095537,78.23438026589754,78.23438026589754,78.21028715271079,58.36755537824957,35309804648.56,42993100648.56,26.385886684700736,58.73250307064073,121.16133195355285,142.09005383661363,3.229626295921932,3.229626295921932,71.51250030948258,120.55379706855844,147.52563462865612,173.0083767542444,0.0094747621327789,0.0070377902815764,0.7411943719860428,0.4071721678849017,21.54416622269579,9.310889326211226,7.0940927285455295,0.8691611640988016,0.0062874321228807,0.6635978861283148,0.0274136431153182,0.0,0.0,0.1472919554744225,0.071399225212368,0.2178535902068657,0.0080589224497128,64.89562711261665,0.0196701316157622,0.0168099553331682,-60.58210807071792,532113000.0,10936461000.0,-8369416000.0,678712000.0,0.0,60846000.0,-35811500.0,0.0,27.173947035494464,62.48916118210636,0.0,3.3119958570038603,1.4402497696795988,0.0305999409316284,0.3070655829992584,2022-02-02,1.0,amc,597936196.0,2025-04-25,2021-12-31,1.4,238.4584375,622025.328125
2021-09-30,AVB,USD,915912,2021-11-04,2021-11-04 16:05:51,2021,Q3,580774000.0,221036000.0,359738000.0,0.6194113373,0,17313000.0,0.0,17313000.0,-417000.0,211104000.0,432140000.0,0.0,55987000.0,193791000.0,349055000.0,0.6010169188,148634000.0,0.2559239911,-67608000.0,81026000.0,0.1395138212,2179000.0,78754000.0,0.1356018004,0.57,0.56,139670482,139737725,https://www.sec.gov/Archives/edgar/data/915912/000091591221000023/0000915912-21-000023-index.htm,https://www.sec.gov/Archives/edgar/data/915912/000091591221000023/avb-20210930.htm,4.158172805618298,0.5638557186335191,2.4565892168969534,2.094529895013894,2.33273341177415,77.26303973090033,77.26303973090033,77.24058688363372,56.09840309708389,30956565630.48,38413575630.48,98.26982004241054,53.302258073674096,90.22265443302932,105.8184944161562,2.86947586679928,2.86947586679928,66.14203740263854,110.0502087936858,111.9560483877906,131.30871127242395,0.0025440160559173,0.0094501439045925,0.7210917824332629,0.3993694326809014,21.363424102218847,0.7230645548854471,2.654794863093218,4.351630372747219,0.0071690769140581,2.818015592858776,0.0298102187770113,0.0,0.0,0.147382932153547,0.0870717353049551,0.2609460707669603,0.0128707552335331,31.30387035274211,0.007691493186688,0.0040430275383699,-60.648935112860855,-186706000.0,10791366000.0,-8200121000.0,-34390000.0,0.0,62142500.0,932000.0,0.0,23.60384733708536,-88.82815468973381,0.0,3.812937726410212,-1.013192273489856,0.0072999926772046,0.362059321883059,2021-10-27,1.99,amc,569230000.0,2025-04-25,2021-09-30,0.0351758793969849,224.54296875,538230.25
2021-06-30,AVB,USD,915912,2021-08-04,2021-08-04 13:13:16,2021,Q2,561743000.0,212398000.0,349345000.0,0.6218947099,0,18465000.0,0.0,18465000.0,-1653000.0,202937000.0,415335000.0,0.0,56104000.0,184472000.0,356656000.0,0.6349095583,146408000.0,0.2606316412,27866000.0,447987000.0,0.7974945838,10000.0,447051000.0,0.7958283414,3.21,3.21,139373963,139655102,https://www.sec.gov/Archives/edgar/data/915912/000091591221000019/0000915912-21-000019-index.htm,https://www.sec.gov/Archives/edgar/data/915912/000091591221000019/avb-20210630.htm,4.030473037492663,3.207564672606748,1.711108695388105,1.499541201967544,2.131847251842871,78.29027578128061,78.29027578128061,78.26847113474129,54.45591727918363,29085952338.47,36322549338.47,16.265455361060596,51.77804145039636,121.96186049575653,139.16923371373753,2.6663354601718807,2.6663354601718807,64.66043962892283,101.8419691200204,152.30602194893578,173.79459675722617,0.0153699969936592,0.0071854961999498,0.6906149256544408,0.3900077265050183,20.290131106724687,0.8175990254067887,2.609582204477399,0.5323576880063039,0.0076302125994501,0.4964355297270333,0.0328709035982646,0.0,0.0,0.123643514868922,0.052491975867968,0.1598453965913526,0.0138906937870164,75.15751204830815,0.0078369741451618,0.0231433286094232,-57.38420453754336,-115887000.0,10911626000.0,-7885544000.0,38548000.0,0.0,75634500.0,110011000.0,0.0,28.099840864791567,93.2305388939632,0.0,3.2028651134735733,0.9653489196534892,0.0409815680069288,0.2115674934205609,2021-07-28,1.93,amc,560935000.0,2025-04-25,2021-06-30,0.0259067357512953,199.9925396825397,788673.8253968254
2021-03-31,AVB,USD,915912,2021-05-05,2021-05-05 15:39:48,2021,Q1,551135000.0,209460000.0,341675000.0,0.6199479256,0,17352000.0,0.0,17352000.0,170000.0,200649000.0,410109000.0,0.0,52613000.0,183297000.0,323359000.0,0.5867146888,141026000.0,0.2558828599,453000.0,141479000.0,0.2567048001,-755000.0,141899000.0,0.2574668638,1.02,1.02,139291187,139609404,https://www.sec.gov/Archives/edgar/data/915912/000091591221000015/0000915912-21-000015-index.htm,https://www.sec.gov/Archives/edgar/data/915912/000091591221000015/avb-20210331.htm,3.9567112024108178,1.0187220243876591,2.3701786675132577,2.1529789964385904,0.9282568609311944,76.61476098986793,76.61476098986793,76.5942500008992,54.49301684822314,25700616913.37,33109102913.37,45.27977102264639,46.6321625615684,77.84645205400656,85.69986066060669,2.408927563072083,2.408927563072083,60.07439722276756,102.39115940292368,100.28654958690878,110.40378975484424,0.0055212293338445,0.0116686304072331,0.7065190576276626,0.3942245958428353,22.91102458876976,0.3863751921528981,2.6804401953889725,2.3211398118593305,0.0086701420728963,1.5703281911782323,0.0314841191359648,0.0,0.0,0.0916385224674006,0.0548939914902882,0.1650545289884722,0.0097653025120886,41.90030563004088,0.0076861678103832,0.0074212893239581,-59.72720298521112,-413947000.0,10671761000.0,-8188125000.0,-261046000.0,0.0,89281500.0,133609500.0,0.0,36.50272128329991,0.0,0.0,2.465569602373049,0.0,0.0133002415243402,0.2171996710746674,2021-04-28,1.94,amc,498286437.0,2025-04-25,2021-03-31,0.0051546391752577,174.82918032786884,916267.049180328
2020-12-31,AVB,USD,915912,2021-02-25,2021-02-25 15:22:12,2020,Q4,555801000.0,213137000.0,342664000.0,0.6165228202,0,13465000.0,646000.0,13465000.0,177177000.0,191288000.0,404425000.0,0.0,51589000.0,177823000.0,322608000.0,0.5804379625,151376000.0,0.2723564729,16328000.0,338936000.0,0.6098153836,-2178000.0,340331000.0,0.6123252747,2.44,2.44,139601172,139632368,https://www.sec.gov/Archives/edgar/data/915912/000091591221000004/0000915912-21-000004-index.htm,https://www.sec.gov/Archives/edgar/data/915912/000091591221000004/avb-20201231.htm,3.981349096410165,2.437880679110631,1.844834082051976,1.5908534063023485,1.5851156321237765,77.03983316128607,77.03983316128607,77.02065710451198,54.55488582860895,22396216023.96,29743577023.96,16.451789598919873,40.29538634144235,86.96174987268047,100.8452440460184,2.082947692621046,2.082947692621046,53.51479580634076,92.1972704457422,115.4906481840173,133.92879764036292,0.0151959152222815,0.0099161840447693,0.7035169817750345,0.3939934509580218,22.77488778951545,0.5641624218542087,2.9342689332997343,0.7549997947900116,0.0099252927263333,0.6531553105653026,0.024226296822064,0.0,0.0,0.1376712834073021,0.0637926164220647,0.1993892803518105,0.0069269396780502,64.99816433229965,0.008209951284384,0.0177263632170267,-57.94650133739565,-280047000.0,10754851000.0,-8081791000.0,-124781000.0,0.0,90824500.0,282824000.0,0.0,39.52767468811141,112.83686079845356,0.0,2.276885769530708,0.7976116967730588,0.0316522965495164,0.2539806757496277,2021-02-03,0.86,amc,465322604.0,2025-04-25,2020-12-31,1.8372093023255816,159.0028125,1077896.0625
2020-09-30,AVB,USD,915912,2020-11-04,2020-11-04 13:00:45,2020,Q3,567404000.0,212843000.0,354561000.0,0.6248827996,0,13985000.0,-646000.0,13985000.0,175348000.0,189333000.0,402176000.0,0.0,53249000.0,175348000.0,344974000.0,0.6079865493,165228000.0,0.291199921,-17538000.0,147690000.0,0.2602907276,-27000.0,147361000.0,0.2597108938,1.05,1.05,140597502,140603722,https://www.sec.gov/Archives/edgar/data/915912/000091591220000027/0000915912-20-000027-index.htm,https://www.sec.gov/Archives/edgar/data/915912/000091591220000027/avb-20200930.htm,4.035662027622653,1.0481053923703425,2.369579795237045,2.118785865768796,0.6225572912383607,75.91055920751707,75.91055920751707,75.8921164900924,54.17518015362748,20996830948.68,28472946948.68,35.621417723617505,37.00508094528766,63.02383245340785,70.48376261742354,1.967793321714728,1.967793321714728,50.18108252440942,82.53650115278253,85.46405132919314,95.5801586751081,0.0070182495806236,0.0141876648303789,0.7088542134283365,0.3950796388602516,21.67153466638065,0.3210797677609543,3.1029315104509005,2.2553734505845635,0.010658132198472,1.518631116781238,0.0246473412242423,0.0,0.0,0.1058389888250884,0.0621444332433327,0.2010915436731528,0.0103682737520355,42.305036011832456,0.0089439844403355,0.0076972574684332,-58.5716771838521,-453239000.0,10672835000.0,-8257427000.0,-295616000.0,0.0,84314000.0,149214500.0,0.0,37.22743994399628,126.18977368294942,0.0,2.417571558382553,0.7132115176474136,0.0138104646548784,0.250793929468249,2020-10-28,2.16,amc,518769371.0,2025-04-25,2020-09-30,-0.0462962962962963,153.01671875,982195.515625
2020-06-30,AVB,USD,915912,2020-08-05,2020-08-05 12:21:02,2020,Q2,576405000.0,198103000.0,378302000.0,0.6563128356,0,15573000.0,0.0,15573000.0,176249000.0,191822000.0,389925000.0,0.0,53399000.0,176249000.0,364663000.0,0.6326506536,186480000.0,0.3235225232,-16744000.0,169736000.0,0.2944735039,-1133000.0,170438000.0,0.2956913975,1.21,1.21,140450744,140772364,https://www.sec.gov/Archives/edgar/data/915912/000091591220000022/0000915912-20-000022-index.htm,https://www.sec.gov/Archives/edgar/data/915912/000091591220000022/q2202010-q.htm,4.103965444284154,1.213507277683057,2.044937547643037,1.8830729725433133,2.2984356708000067,77.419020293691,77.419020293691,77.39941199599484,54.70678745567913,21719303052.16,29026696052.16,31.85807016651216,37.68062916206487,75.62089129726021,82.12108731566589,1.997947994850427,1.997947994850427,50.35816145272855,79.59868714994393,101.0633085973128,109.75047566029816,0.0078473052100559,0.0121771402776986,0.7018992613702482,0.3942957364006595,20.03875633118797,0.7446005983322235,3.4922002284686977,1.6808958910042195,0.01030341532887,1.3129877140074395,0.0270174616805891,0.0,0.0,0.0791537987486638,0.0394410180341947,0.1289879658891681,0.0113323097474865,45.97071751968207,0.0100131560634114,0.0088074871754061,-58.06387184392558,-154179000.0,10873559000.0,-8028432000.0,5726000.0,0.0,86592500.0,0.0,0.0,36.61186352553975,0.0,0.0,2.458219586042587,0.0,0.0156785077094106,0.1618645750997232,2020-07-29,2.25,amc,490658801.0,2025-04-25,2020-06-30,-0.0088888888888888,158.21650793650792,1323997.9206349207
2020-03-31,AVB,USD,915912,2020-05-08,2020-05-08 08:08:17,2020,Q1,601651000.0,199019000.0,402632000.0,0.6692118853,0,17320000.0,0.0,17320000.0,177911000.0,195231000.0,394250000.0,0.0,55914000.0,177911000.0,389131000.0,0.6467719658,207401000.0,0.3447197794,-39304000.0,168097000.0,0.2793928706,91000.0,167544000.0,0.2784737331,1.19,1.19,140734522,140777873,https://www.sec.gov/Archives/edgar/data/915912/000091591220000018/0000915912-20-000018-index.htm,https://www.sec.gov/Archives/edgar/data/915912/000091591220000018/q1202010-q.htm,4.275077581888543,1.1904968135678893,2.4280041253843887,2.1183075464597096,5.528103474142613,77.55909385189797,77.55909385189797,77.53990879366471,57.89177299369376,20711899602.74,28025361602.74,30.90516461756314,34.42510625385813,60.61357081784234,69.475275318715,1.8979903676650225,1.8979903676650225,46.58076127645429,72.02037772045917,82.01648679190176,94.00729776612694,0.0080892628495473,0.0143936097469573,0.7414823237335536,0.4067829833048921,18.79434432106412,1.2044333333333332,3.7092856887362737,2.0338797423901527,0.0103218441620737,1.2759931719428923,0.0287874531913019,0.0,0.0,0.1275519162784164,0.0724423295232618,0.244982041582589,0.0088722531833238,45.57409157319604,0.0107865325659902,0.0084229636460818,-58.25222471001109,153325000.0,10915242000.0,-8072769000.0,315669000.0,0.0,92366000.0,228904500.0,0.0,41.87404217687759,0.0,0.0,2.1493028931822846,0.0,0.0153533429699514,0.3096965789246791,2020-05-06,2.4,amc,601651000.0,2025-04-25,2020-03-31,-0.0041666666666665,201.4533870967742,1009096.9838709678
2019-12-31,AVB,USD,915912,2020-02-21,2020-02-21 15:41:19,2019,Q4,593566000.0,190393000.0,403173000.0,0.679238703,0,12602000.0,1286000.0,12602000.0,171365000.0,183966000.0,374359000.0,0.0,54190000.0,171365000.0,383272000.0,0.6457108392,219208000.0,0.3693068673,-49712000.0,169496000.0,0.2855554395,1825000.0,167242000.0,0.2817580522,1.2,1.2,139761996,139968027,https://www.sec.gov/Archives/edgar/data/915912/000091591220000004/0000915912-20-000004-index.htm,https://www.sec.gov/Archives/edgar/data/915912/000091591220000004/a201910-k.htm,4.246977125312378,1.1966200024790716,2.195747118551455,1.88204238296654,0.2839613137751696,78.65836432387529,78.65836432387529,78.63509619596446,52.59283789850855,29308090561.2,36564693561.2,43.81090061288432,49.37629608367055,95.50280095020236,111.42150777150069,2.666748184263832,2.666748184263832,61.601731839761705,95.40142134358888,119.1490330524436,139.0091681095507,0.005706342405718,0.0089749279111422,0.6638906778567593,0.3815841503691403,18.933298023335908,0.2572568992403324,4.045174386418158,1.830262836149364,0.0072435288664301,1.2693820930149124,0.021231000427922,0.0,0.0,0.1428692461597617,0.0738654168196965,0.2558515449479182,0.0081052486159921,46.01268740914329,0.0117265957838357,0.0087464857449519,-56.2313770905218,-467253000.0,10993450000.0,-7965763000.0,-342292000.0,0.0,92864000.0,228904500.0,0.0,43.55280918941347,216.4092692483442,0.0,2.066456829652141,0.4158786742943017,0.0152173782492362,0.3137047355849153,2020-02-05,2.4,amc,603458766.0,2025-04-25,2019-12-31,0.0125000000000001,214.21890625,624728.328125
2019-09-30,AVB,USD,915912,2019-11-05,2019-11-05 15:08:42,2019,Q3,587613000.0,197819000.0,389794000.0,0.6633515596,0,12769000.0,1108000.0,12769000.0,165463000.0,178232000.0,376051000.0,0.0,51493000.0,165464000.0,379026000.0,0.6450265736,211562000.0,0.3600362824,-88132000.0,290893000.0,0.4950418047,11184000.0,278973000.0,0.4747563447,2.0,2.0,139691534,139852674,https://www.sec.gov/Archives/edgar/data/915912/000091591219000022/0000915912-19-000022-index.htm,https://www.sec.gov/Archives/edgar/data/915912/000091591219000022/q3201910-q.htm,4.206504024789362,1.997064474930886,2.6963337663684044,2.37548397170583,1.7640653870978322,77.44512276599382,77.44512276599382,77.42110556248885,53.06529170192948,30079778016.22,37194632016.22,26.95581473495643,51.18977629191322,79.86029129102229,90.64679137589464,2.781282938748541,2.781282938748541,63.29783720955799,98.13213873512636,98.74986928680092,112.0877303967936,0.0092744367943662,0.0110318300826908,0.6806499595518218,0.386206644359763,18.77141409824128,0.5408726656443247,4.108558444837162,1.3465959264807352,0.007057631871004,0.7609768687292319,0.0217302884721747,0.0,0.0,0.1189948361232427,0.0762746909956042,0.2708746313397476,0.0120674661724638,58.981659347598985,0.011068882376086,0.0146362101201402,-57.23764190319507,-313168000.0,10818428000.0,-7873113000.0,-191947000.0,0.0,99069000.0,0.0,0.0,42.581197963795184,0.0,0.0,2.113608923744297,0.0,0.0257948328226725,0.3208497946625742,2019-10-28,1.2,amc,484780722.0,2025-04-25,2019-09-30,0.6666666666666667,209.05140625,604311.375
2019-06-30,AVB,USD,915912,2019-08-06,2019-08-06 15:54:17,2019,Q2,577263000.0,195111000.0,382152000.0,0.6620067456,0,18965000.0,0.0,18965000.0,162693000.0,181658000.0,376769000.0,0.0,50010000.0,162692000.0,444339000.0,0.7697340727,200494000.0,0.3473182934,-32189000.0,168305000.0,0.2915568814,50231000.0,167846000.0,0.2907617498,1.21,1.21,139473842,139618231,https://www.sec.gov/Archives/edgar/data/915912/000091591219000018/0000915912-19-000018-index.htm,https://www.sec.gov/Archives/edgar/data/915912/000091591219000018/q2201910-q.htm,4.138862110072224,1.2034227894862175,1.980400023683294,1.7533251862381478,1.7463919865346509,77.10311729994503,77.10311729994503,77.07918449683203,53.07251090136314,28216952975.02,35325593975.020004,42.0280390581545,48.88058471618656,102.1561288530632,115.38646771741575,2.6247034309024766,2.6247034309024766,61.19497347832791,79.50144816237153,127.89211978762845,144.45555168219906,0.0059484098140784,0.0086665275381253,0.6838934452533968,0.388336874408262,15.998237831925625,0.5840702302189575,4.009078184363127,1.6411514809423369,0.0075104494871438,1.2625978575599062,0.0328533094967112,0.0,0.0,0.1146610961066419,0.0548640740875476,0.1946684532736705,0.0140282678778996,45.68450571491673,0.0076830070620002,0.0088654607204778,-56.89332771086925,-260016000.0,10753868000.0,-7813579000.0,-137635000.0,0.0,103486000.0,0.0,0.0,48.224087826929285,0.0,0.0,1.866287244727151,0.0,0.0156128116474257,0.2270748374451461,2019-07-31,2.31,amc,558179925.0,2025-04-25,2019-06-30,-0.0173160173160173,202.62174603174603,551424.5873015873
2019-03-31,AVB,USD,915912,2019-05-03,2019-05-03 11:02:06,2019,Q1,566184000.0,184784000.0,381400000.0,0.6736326,0,13700000.0,0.0,13700000.0,162057000.0,175757000.0,360541000.0,0.0,47892000.0,162057000.0,366752000.0,0.6477611519,205655000.0,0.3632299747,-35207000.0,170418000.0,0.3009940231,12000.0,169865000.0,0.3000173089,1.23,1.23,138738917,138832201,https://www.sec.gov/Archives/edgar/data/915912/000091591219000014/0000915912-19-000014-index.htm,https://www.sec.gov/Archives/edgar/data/915912/000091591219000014/q1201910-q.htm,4.080931379909791,1.2243500502458151,2.6095994392114217,2.4614290451755507,0.4540831178608667,77.39281257327387,77.39281257327387,77.36833494238678,51.08847000730156,27842125863.56,34819193863.56,40.97684317481529,49.175048859664,76.9006909583956,81.5298740353035,2.5938260161529736,2.5938260161529736,61.49801807108643,94.9393428353765,96.17153804431948,101.9607663444374,0.0061010068280138,0.0122654427206276,0.6558661874293076,0.3776863423105053,19.02393988308176,0.3445370784614827,4.294140983880397,2.124499759415085,0.0073134860821279,1.1987342889942012,0.0241970808076526,0.0,0.0,0.0567789798731125,0.0363079846834244,0.1268504291699834,0.0099278679722493,46.1663655426577,0.0114382251896976,0.0091129374957047,-56.50605590355012,-433670000.0,10737395000.0,-7674634000.0,-309300000.0,0.0,99705000.0,0.0,0.0,49.88759849337605,0.0,0.0,1.8040555712849151,0.0,0.0158249502352292,0.1481703940358709,2019-04-24,2.28,amc,529359024.0,2025-04-25,2019-03-31,0.0087719298245614,191.1022950819672,582357.3278688524
2018-12-31,AVB,USD,915912,2019-02-22,2019-02-22 13:19:53,2018,Q4,578522000.0,189927000.0,388595000.0,0.671703064,0,14105000.0,0.0,14105000.0,158914000.0,173019000.0,362946000.0,0.0,55180000.0,158914000.0,374185000.0,0.6467947632,212517000.0,0.3673447164,11203000.0,385636000.0,0.6665883061,-247000.0,384617000.0,0.664826921,2.79,2.79,138322285,138463943,https://www.sec.gov/Archives/edgar/data/915912/000091591219000004/0000915912-19-000004-index.htm,https://www.sec.gov/Archives/edgar/data/915912/000091591219000004/a201810-k.htm,4.18242078635413,2.7805859337850007,2.311644866190578,2.13206425848156,0.6626481047504384,76.89180380442674,76.89180380442674,76.86835132892722,51.29645595429543,24074993704.25,31023597704.25,15.64868018330573,41.61465545692299,75.29270717384098,81.63450013648139,2.264260869277955,2.264260869277955,53.62561441786138,82.90978447626175,97.02393637647302,105.19611851755778,0.0159757881860672,0.0122497228295407,0.6621389901967589,0.3830351682789088,18.56996940016302,0.3866978899503153,3.85134106560348,0.8291571045159283,0.0084355992983769,0.5280239822992744,0.0243810952738184,0.0,0.0,0.0776852060346768,0.0429370015314888,0.1563109606453805,0.0080601947721953,69.34788223381676,0.0119909093276547,0.0209256156081,-55.32507650520666,-395992000.0,10635850000.0,-7494670000.0,17195018000.0,0.0,94653000.0,0.0,0.0,45.9569729422357,0.0,0.0,1.958353525875669,0.0,0.036173352045585,0.1795806077090181,2019-02-04,1.14,amc,236384516.0,2025-04-25,2018-12-31,1.447368421052632,180.6885714285714,620609.4920634921
2018-09-30,AVB,USD,915912,2018-11-02,2018-11-02 14:12:37,2018,Q3,575982000.0,192422000.0,383560000.0,0.6659235879,0,13934000.0,339000.0,13934000.0,-1726000.0,170472000.0,362894000.0,0.0,54097000.0,156538000.0,366463000.0,0.6362403686,211391000.0,0.3670097329,-175868000.0,192407000.0,0.3340503696,29000.0,191931000.0,0.3332239549,1.39,1.39,138247503,138323064,https://www.sec.gov/Archives/edgar/data/915912/000091591218000021/0000915912-18-000021-index.htm,https://www.sec.gov/Archives/edgar/data/915912/000091591218000021/q3201810-q.htm,4.166310331116795,1.388314405939035,2.5755401889609537,2.4083400623879623,0.4042532326967236,75.25253457923215,75.25253457923215,75.20857718493477,54.88218474369118,24879020639.88,32356361639.88,32.40620410444379,43.19409398189527,69.87272059326746,74.72366664928653,2.392812186268141,2.392812186268141,56.175994457951816,88.2936657722062,90.87283012475356,97.18171853141791,0.0077145721601413,0.0133826409334738,0.7245301180160651,0.4036641283875641,20.40408172175636,5.637910714285714,3.9076288888478095,1.8505667673213555,0.008162781121475,1.058099004329681,0.0241917282137289,0.0,0.0,0.0649184692553544,0.0401314624415346,0.1476628827320987,0.0095315478608706,48.46953580353863,0.0113255701933087,0.010284523424162,-59.33385285085402,259723000.0,10403475000.0,-7942921000.0,17993391000.0,0.0,92560500.0,0.0,0.0,43.18149691823181,0.0,0.0,2.0842260325162743,0.0,0.0184595222766311,0.1672001265729913,2018-10-29,2.26,amc,468258992.0,2025-04-25,2018-09-30,0.0088495575221239,178.60587301587302,542995.7777777778
2018-06-30,AVB,USD,915912,2018-08-03,2018-08-03 14:10:17,2018,Q2,569239000.0,190224000.0,379015000.0,0.6658275347,0,14502000.0,0.0,14502000.0,156685000.0,171187000.0,361411000.0,0.0,56585000.0,156685000.0,361587000.0,0.6352112206,206357000.0,0.3625138123,-108341000.0,254543000.0,0.4471636694,58000.0,253935000.0,0.4460955767,1.84,1.84,137840047,138234894,https://www.sec.gov/Archives/edgar/data/915912/000091591218000016/0000915912-18-000016-index.htm,https://www.sec.gov/Archives/edgar/data/915912/000091591218000016/q2201810-q.htm,4.129706949388954,1.842244003297532,2.2445146148274318,2.0848948201533912,0.7368323082478345,75.48020496539732,75.48020496539732,75.43662546777861,55.338511310867446,23693325678.83,31163038678.83,23.326171735709924,41.62280813301618,76.5822591951426,82.44540604084459,2.2786013946689554,2.2786013946689554,54.74508717573813,86.18406822930581,100.72608369802576,108.43768461083155,0.0107175752126216,0.0121292385837069,0.7281343634102403,0.4055098685619973,20.658134833387265,0.6062347207545384,3.646849871874171,1.2154488632568956,0.0085708103097339,0.799696772796188,0.0254761181155894,0.0,0.0,0.0711155069428283,0.0386516032808714,0.1404227617369993,0.010712547805052,55.91855769941571,0.0114381677257776,0.0136004976271232,-59.23712431699911,-249659000.0,10404195000.0,-7882442000.0,17339629000.0,0.0,88003500.0,0.0,0.0,43.9051854655564,0.0,0.0,2.0498717644776825,0.0,0.024421081826949,0.1596197946740398,2018-07-30,1.06,amc,558230130.0,2025-04-25,2018-06-30,0.7358490566037735,165.258125,728552.0
2018-03-31,AVB,USD,915912,2018-05-04,2018-05-04 14:27:26,2018,Q1,560792000.0,190277000.0,370515000.0,0.6606995107,0,13664000.0,0.0,13664000.0,159059000.0,172723000.0,363000000.0,0.0,55113000.0,159059000.0,356260000.0,0.6352801039,196149000.0,0.3497713947,-54559000.0,141590000.0,0.2524822037,56800000.0,141213000.0,0.2518099402,1.03,1.03,137764479,138183976,https://www.sec.gov/Archives/edgar/data/915912/000091591218000012/0000915912-18-000012-index.htm,https://www.sec.gov/Archives/edgar/data/915912/000091591218000012/q1201810-q.htm,4.070657429771864,1.025032004077045,2.293138276957444,2.1699207384219847,0.9962219651699912,75.0634421518772,75.0634421518772,75.02023798166435,55.5627114882059,22656746216.34,30118957216.34,40.11094271834038,40.401336353478655,71.71830920645876,75.79078677297633,2.1922084550064422,2.1922084550064422,53.70789386499808,84.5420681983383,95.339404254779,100.75319034829964,0.0062327131465222,0.0131942158483642,0.7353037080155013,0.4075551229679305,20.94596923595127,244.8046623794212,3.5590332589407216,2.2311815806201003,0.0086508008753104,1.3879671135093794,0.0243655401646243,0.0,0.0,0.0537331480502543,0.0302696900098432,0.106721405264713,0.0071844819469607,41.595772139790256,0.0062998619931822,0.0075731853902247,-59.29051566333002,303293000.0,10341076000.0,-8000834000.0,17929682000.0,0.0,84293000.0,0.0,0.0,39.35741051204297,0.0,0.0,2.286735809828264,0.0,0.0136634064574358,0.1232175385354595,2018-04-25,2.18,amc,577133980.0,2025-04-25,2018-03-31,0.0,163.89704918032783,868278.0655737704
2017-12-31,AVB,USD,915912,2018-02-23,2018-02-23 13:55:16,2017,Q4,555292000.0,180149000.0,375143000.0,0.6755778942,0,11904000.0,0.0,11904000.0,157100000.0,169004000.0,349153000.0,0.0,52523000.0,157100000.0,363310000.0,0.6542683849,204519000.0,0.3683089258,-125785000.0,237486000.0,0.4276776903,39000.0,236904000.0,0.4266295931,1.72,1.72,138110099,138245981,https://www.sec.gov/Archives/edgar/data/915912/000091591218000004/0000915912-18-000004-index.htm,https://www.sec.gov/Archives/edgar/data/915912/000091591218000004/a201710-k.htm,4.020647324277133,1.7153271318703494,2.452275412531563,2.25769876538862,0.4857573811456032,75.25953623420399,75.25953623420399,75.21568715985063,53.45005943410409,24640222762.59,31902604762.59,26.00232875193116,44.37345173816659,72.7528397048281,79.0229426241858,2.3719785956463806,2.3719785956463806,57.45194377478876,87.8109734457901,94.19578356990588,102.31391696441112,0.0096145234676887,0.0126545528019091,0.7055677265965129,0.3980201599570259,19.98949106823374,0.3707346675600844,3.893894103535594,1.426121960873483,0.0079578420166599,0.8276896970924932,0.0214373698882749,0.0,0.0,0.079345348466417,0.0483943582835697,0.1710566518141311,0.0070971668959754,53.87892863513705,0.0114995442789371,0.0128648548905254,-57.58906160801463,-398184000.0,10394102000.0,-7786127000.0,17251009000.0,0.0,84857500.0,0.0,0.0,42.65319263498549,0.0,0.0,2.1100413460299614,0.0,0.0228054438726975,0.1945766471429435,2018-01-31,1.19,amc,384190116.0,2025-04-25,2017-12-31,0.4453781512605042,181.4961904761905,589123.8095238095
2017-09-30,AVB,USD,915912,2017-11-03,2017-11-03 14:22:28,2017,Q3,550500000.0,185787000.0,364713000.0,0.6625122616,0,11679000.0,0.0,11679000.0,144990000.0,156669000.0,342456000.0,0.0,47741000.0,144990000.0,371923000.0,0.675609446,206567000.0,0.3752352407,-133700000.0,238199000.0,0.4326957312,24000.0,237576000.0,0.4315640327,1.73,1.72,138104883,138307046,https://www.sec.gov/Archives/edgar/data/915912/000091591217000018/0000915912-17-000018-index.htm,https://www.sec.gov/Archives/edgar/data/915912/000091591217000018/q3201710-q.htm,3.98610091143555,1.7202577840784965,2.5720524306153605,2.4390520645095517,0.260975565939982,74.88911163264227,74.88911163264227,74.82583363833703,51.95885072361996,24640673224.86,31732661224.86,25.929253401921912,44.760532651880105,69.36872587675563,73.15136999171725,2.384470594238545,2.384470594238545,57.64334464098092,85.32051318380417,89.33417759164219,94.20552843254316,0.0096416196843318,0.0136702839620533,0.6897773358197986,0.392127512200709,19.06843083111289,1.032926628194559,4.32682599861754,1.491244715552962,0.0079574530375321,0.8253232649762602,0.0212152588555858,0.0,0.0,0.0517098191789151,0.0333660308810172,0.1266845989378577,0.0078492279745685,53.816296437478094,0.0115023695773529,0.0130695417722141,-56.473332662683625,7988000.0,10342552000.0,-7584697000.0,17335105000.0,0.0,89436500.0,0.0,0.0,40.85549580971758,0.0,0.0,2.2028860063079514,0.0,0.0229901586181209,0.1330003661058096,2017-10-30,1.22,amc,390470930.0,2025-04-25,2017-09-30,0.4098360655737705,187.35968253968247,689052.0952380953
2017-06-30,AVB,USD,915912,2017-08-04,2017-08-04 15:01:56,2017,Q2,530512000.0,178798000.0,351714000.0,0.6629708659,0,14005000.0,0.0,14005000.0,141439000.0,155444000.0,334242000.0,0.0,50102000.0,141439000.0,336888000.0,0.6350242784,194873000.0,0.367330051,-29621000.0,165194000.0,0.3113859818,58000.0,164757000.0,0.3105622493,1.2,1.2,137971632,138173151,https://www.sec.gov/Archives/edgar/data/915912/000091591217000014/0000915912-17-000014-index.htm,https://www.sec.gov/Archives/edgar/data/915912/000091591217000014/q2201710-q.htm,3.8450802698340194,1.1941367773340537,1.9489368655144992,1.8162646651885657,0.3875941686331579,74.58963738284983,74.58963738284983,74.5255517453037,51.03846999504942,26514008521.44,33452290521.44,40.23199093428504,49.97815039328045,98.60247573964848,105.80506447283044,2.578578695488957,2.578578695488957,63.05661421690744,99.2979581387286,124.40512953402406,133.49251783345903,0.0062139604378105,0.0094513434208698,0.6799726562211279,0.3896488163424079,20.595218588967253,3.108835448336219,3.8895253682487727,1.6277709844183204,0.007379118093056,1.1875064488913976,0.0263990258467291,0.0,0.0,0.0680741396365908,0.0345044032934222,0.1294197498568287,0.0100638628343939,44.747718369532905,0.010904482596068,0.009181862537614,-55.07664068219473,221685000.0,10291254000.0,-7325684000.0,17255416000.0,0.0,95603500.0,0.0,0.0,47.58526381726865,0.0,0.0,1.8913418310678585,0.0,0.0160231859995495,0.1326722003259336,2017-08-02,2.14,amc,477450000.0,2025-04-25,2017-06-30,-0.0233644859813085,191.19111111111116,691796.4761904762
2017-03-31,AVB,USD,915912,2017-05-02,2017-05-02 11:24:21,2017,Q1,522326000.0,174653000.0,347673000.0,0.6656245333,0,13226000.0,0.0,13226000.0,140621000.0,153847000.0,328500000.0,0.0,49295000.0,140621000.0,340658000.0,0.6521942235,192525000.0,0.3685916458,-104857000.0,235781000.0,0.451405827,20000.0,235223000.0,0.4503375287,1.72,1.72,137448610,137531242,https://www.sec.gov/Archives/edgar/data/915912/000091591217000010/0000915912-17-000010-index.htm,https://www.sec.gov/Archives/edgar/data/915912/000091591217000010/q1201710-q.htm,3.800154836051088,1.7113523374299675,2.135067062518857,2.059082299922858,0.8854582087079673,74.75812232659173,74.75812232659173,74.69425845776105,51.32844922913371,25235564796.0,32119588796.0,26.82089421102528,48.31382086283279,85.99261504385576,89.16593572140287,2.458020252036161,2.458020252036161,61.49337539391108,94.28690591737168,109.45058915975493,113.4895617805228,0.0093210911624725,0.0112150452065515,0.6823791700911945,0.3896743212321037,20.208020947695346,0.6262792743110939,3.905568516076681,1.2446380327507305,0.0073430890688593,0.7877928603920535,0.0253213510336456,0.0,0.0,0.0355889348535755,0.0199951754268407,0.0742705570291777,0.0082687823313409,53.62960339771747,0.0111030802287774,0.0130836295356527,-55.15745848575697,-239222000.0,10275400000.0,-7302134000.0,16723715000.0,0.0,98835000.0,0.0,0.0,49.8158061985766,0.0,0.0,1.8066554948692488,0.0,0.0229114308484329,0.0759847625959986,2017-04-26,1.09,amc,330992441.0,2025-04-25,2017-03-31,0.5779816513761467,179.415,715438.3225806452
2016-12-31,AVB,USD,915912,2017-02-24,2017-02-24 13:54:58,2016,Q4,518240000.0,168168000.0,350072000.0,0.6755016981,0,10428000.0,0.0,10428000.0,140020000.0,150448000.0,318616000.0,0.0,49648000.0,140020000.0,296899000.0,0.572898657,198348000.0,0.3827338685,-54506000.0,242393000.0,0.4677234486,210000.0,241661000.0,0.4663109756,1.76,1.76,137341078,137519045,https://www.sec.gov/Archives/edgar/data/915912/000091591217000004/0000915912-17-000004-index.htm,https://www.sec.gov/Archives/edgar/data/915912/000091591217000004/a201610-k.htm,3.773379440053616,1.7595682480371968,2.124753964724232,1.947683853187755,1.5654020132272444,74.11607763847609,74.11607763847609,74.0595322835605,51.55433540429907,24329971967.7,31145857967.7,25.16952670031573,46.947306205040135,83.37435907455382,90.95418628134148,2.39199458243572,2.39199458243572,60.09929370118092,104.90388302991929,106.73115239637306,116.43441970452004,0.0099326460515788,0.0109945461653274,0.691239056587598,0.3935060927883167,22.956918009154627,448.0792079207921,3.9950854012246215,1.2049400659831615,0.0076193675950841,0.7671035044959675,0.0201219512195121,0.0,0.0,0.0833367601502316,0.0469261346094473,0.1736823310955577,0.0057483019450447,54.1482966776368,0.0110920756334915,0.0135253447490666,-54.41267178636824,361240000.0,10179182000.0,-7326041000.0,17289095000.0,0.0,100555500.0,0.0,0.0,54.05201940916227,0.0,0.0,1.665062674508406,0.0,0.0237588355446282,0.1770701115364771,2017-02-01,1.18,amc,347429545.0,2025-04-25,2016-12-31,0.4915254237288136,168.57539682539684,838503.5079365079
2016-09-30,AVB,USD,915912,2016-11-04,2016-11-04 10:09:24,2016,Q3,516211000.0,175922000.0,340289000.0,0.6592052475,0,11928000.0,0.0,11928000.0,131729000.0,143657000.0,319579000.0,0.0,47871000.0,131729000.0,323010000.0,0.6257325009,195427000.0,0.3785796893,-35071000.0,356351000.0,0.690320431,22000.0,355520000.0,0.6887106241,2.6,2.59,137333785,137505054,https://www.sec.gov/Archives/edgar/data/915912/000091591216000038/0000915912-16-000038-index.htm,https://www.sec.gov/Archives/edgar/data/915912/000091591216000038/q3201610-q.htm,3.7588055990738174,2.5887293501741038,2.229232959682863,2.084199456091594,0.4798455092459586,73.15442445571568,73.15442445571568,73.0819732376851,49.97926038374315,24423440324.4,31173511324.4,17.17444892298605,47.3129017483161,79.77631912696106,85.32772594303204,2.4334318316995835,2.4334318316995835,60.389087649042736,96.50943105290858,101.8246387360403,108.91032531207313,0.0145565078169933,0.0117195201084772,0.6791098281653273,0.3875207754634137,20.89740565307576,1.523357013431505,4.082367195170353,0.8591774993825914,0.0075894303807321,0.5213771377137714,0.0231068303465055,0.0,0.0,0.0650598238112814,0.0385849972201289,0.1512043665403973,0.0070145734980463,65.24387024466942,0.0111127110682879,0.0202130270662507,-54.43805397193415,90983000.0,10046574000.0,-7277255000.0,16342416000.0,0.0,100494500.0,0.0,0.0,51.21684610224986,0.0,0.0,1.7572343252125098,0.0,0.0354222694802555,0.1450335035912685,2016-10-24,1.16,amc,446066379.0,2025-04-25,2016-09-30,1.2327586206896552,179.9240625,746078.640625
2016-06-30,AVB,USD,915912,2016-08-05,2016-08-05 11:42:32,2016,Q2,502307000.0,168816000.0,333491000.0,0.6639186792,0,12011000.0,0.0,12011000.0,132469000.0,144480000.0,313296000.0,0.0,46581000.0,132469000.0,346001000.0,0.6888237671,187817000.0,0.3739087849,-148646000.0,197355000.0,0.3928971724,36000.0,196928000.0,0.3920470947,1.44,1.44,137277401,137437733,https://www.sec.gov/Archives/edgar/data/915912/000091591216000034/0000915912-16-000034-index.htm,https://www.sec.gov/Archives/edgar/data/915912/000091591216000034/q2201610-q.htm,3.659065485949869,1.4345259931020984,1.9503355836406024,1.8502972677928249,1.3280117388003287,71.87263109679648,71.87263109679648,71.80001171496538,50.12166569208285,24763470366.39,31415155366.39,31.437213558242096,49.2994729645217,92.49177501200803,97.49244250637786,2.512395133250389,2.512395133250389,62.54174312997828,90.79498431042109,117.33587575266026,123.67976632804996,0.0079523587399639,0.0102572053206542,0.6933473166337933,0.3928694842049186,19.224467559342315,207.43382827630728,4.032051694897061,1.3568670180417597,0.0074784752403423,0.940409692882678,0.0239116715474799,0.0,0.0,0.0512928732300728,0.0273398539140406,0.1036695377786501,0.009251314435196,48.14018196868851,0.0107961333555126,0.0113209106926693,-53.51407403174832,319766000.0,9866488000.0,-7207264000.0,16240169000.0,0.0,100260000.0,0.0,0.0,53.77949957350015,0.0,0.0,1.67350013878425,0.0,0.0199794673961466,0.1000383158477774,2016-07-25,1.23,amc,429047916.0,2025-04-25,2016-06-30,0.1707317073170731,180.15765625,795319.078125
2016-03-31,AVB,USD,915912,2016-05-03,2016-05-03 14:15:17,2016,Q1,508498000.0,165548000.0,342950000.0,0.6744372643,0,11404000.0,0.0,11404000.0,127216000.0,138620000.0,304168000.0,0.0,43410000.0,127216000.0,354908000.0,0.6979535809,203185000.0,0.3995787594,-116994000.0,237914000.0,0.4678759798,37000.0,237299000.0,0.4666665356,1.73,1.73,137149999,137383044,https://www.sec.gov/Archives/edgar/data/915912/000091591216000030/0000915912-16-000030-index.htm,https://www.sec.gov/Archives/edgar/data/915912/000091591216000030/q1201610-q.htm,3.7076048392825727,1.7302151055794028,2.025388275795758,1.9168793431781213,0.7111994218826061,71.86772928813511,71.86772928813511,71.79389042503747,47.72869156200286,26085929809.8,32490968809.8,27.482132046279165,51.29996540753355,93.90791991489728,99.22377257436288,2.649250498530854,2.649250498530854,63.89596185196402,91.5475808091111,116.96570983649048,123.58679653784708,0.0090968196928464,0.0100782299851636,0.6603929180344917,0.3815309043564689,18.047040359755204,0.4772041166107823,4.680603547569684,1.1677547640166976,0.0065654167303501,0.7217265980893304,0.0224268335372017,0.0,0.0,0.0535743856693378,0.0292665851193121,0.1169821406112438,0.0075418192401936,52.86704699799797,0.0123760761262963,0.0139232277146741,-51.68931864155537,-328515000.0,9856659000.0,-6886865000.0,15485050000.0,0.0,99223000.0,0.0,0.0,54.17135815594269,0.0,0.0,1.6613945646501544,0.0,0.0240997541063188,0.1085089326176371,2016-04-27,1.21,amc,355656069.0,2025-04-25,2016-03-31,0.4297520661157025,176.56655737704918,823034.2295081967
2015-12-31,AVB,USD,915912,2016-02-26,2016-02-25 17:48:46,2015,Q4,480840000.0,157145000.0,323695000.0,0.6731865069,0,11428000.0,0.0,11428000.0,122259000.0,133687000.0,290832000.0,0.0,42217000.0,122259000.0,286840000.0,0.5965393894,190560000.0,0.3963064637,-34993000.0,155567000.0,0.3235317361,215000.0,155098000.0,0.3225563597,1.13,1.13,136981717,137349671,https://www.sec.gov/Archives/edgar/data/915912/000091591216000024/0000915912-16-000024-index.htm,https://www.sec.gov/Archives/edgar/data/915912/000091591216000024/a201510-k.htm,3.5102494736578604,1.1322532918754409,1.916182726779516,1.8386541322153231,2.923798947563199,71.91122447384711,71.91122447384711,71.83824393148758,47.44549230610097,25222443551.21,31278884551.21,40.65565570028304,52.45496121622577,96.09208841448176,100.14390241961868,2.5631194461769624,2.5631194461769624,65.05050443226438,109.04645290479012,119.1658268041618,124.19056686284551,0.0061492059516398,0.0099856304361881,0.6561588272822002,0.3813615075742833,21.114352949379445,968.1826401446656,4.513821446336784,1.6895952417735207,0.0067838391491529,1.1032057150962618,0.0237667415356459,0.0,0.0,0.0404599172514686,0.0220863488894434,0.0868647706917282,0.0069482572165377,42.780012668470526,0.0112397038379065,0.0091604279764613,-48.76763955294851,534852000.0,9850523000.0,-6545377000.0,15975295000.0,0.0,100922000.0,0.0,0.0,56.585828375067614,0.0,0.0,1.590504240804842,0.0,0.0157611493531951,0.0775285945641928,2016-02-03,1.96,amc,468035398.0,2025-04-25,2015-12-31,0.0153061224489796,178.9690625,788464.84375
2015-09-30,AVB,USD,915912,2015-11-03,2015-11-03 13:36:54,2015,Q3,475360000.0,164904000.0,310456000.0,0.6530966005,0,10464000.0,0.0,10464000.0,120184000.0,130648000.0,295552000.0,0.0,43234000.0,120184000.0,315988000.0,0.6647340963,178602000.0,0.3757194547,-109873000.0,206115000.0,0.4335976944,39000.0,205675000.0,0.4326720801,1.54,1.53,133973114,134709460,https://www.sec.gov/Archives/edgar/data/915912/000091591215000020/0000915912-15-000020-index.htm,https://www.sec.gov/Archives/edgar/data/915912/000091591215000020/q3201510-q.htm,3.5481745986735818,1.53519608419343,2.256945374875738,2.2311566184839147,2.3777681244312943,73.44731122693767,73.44731122693767,73.36884772268562,47.39727853157165,23421179789.48,29409349789.48,28.46867605382278,49.27040514447997,77.45867575976453,78.35397952421256,2.3827551532603084,2.3827551532603084,61.86753153290138,93.07109697039128,97.26278992452954,98.38699894444908,0.0087815815363998,0.0127625936304994,0.6416152557014109,0.3758035330636512,18.95062470726737,0.7764792107893654,4.131054262848684,1.467281329613005,0.0070921704838545,0.8076188160933512,0.0220127903062941,0.0,0.0,0.0114263981215067,0.007268175698418,0.0287475870332157,0.0078361662739818,50.34183423185083,0.011022225272775,0.0122557059569672,-49.43870305201684,-129919000.0,9839965000.0,-6490694000.0,15106972000.0,0.0,106100000.0,0.0,0.0,56.23744724203173,0.0,0.0,1.6003571359251567,0.0,0.0209243586596324,0.0257887563918235,2015-10-26,1.35,amc,419470588.0,2025-04-25,2015-09-30,0.1333333333333332,169.37234375,709963.21875
2015-06-30,AVB,USD,915912,2015-08-06,2015-08-06 12:58:32,2015,Q2,457459000.0,156909000.0,300550000.0,0.6569987693,0,10335000.0,0.0,10335000.0,118627000.0,128962000.0,285871000.0,0.0,44590000.0,118627000.0,311431000.0,0.6807845075,169222000.0,0.3699173041,-137885000.0,173546000.0,0.3793695173,1293000.0,171879000.0,0.3757254749,1.3,1.29,132319255,133086439,https://www.sec.gov/Archives/edgar/data/915912/000091591215000015/0000915912-15-000015-index.htm,https://www.sec.gov/Archives/edgar/data/915912/000091591215000015/q2201510-q.htm,3.457236817120834,1.298971944786116,1.9311021664987456,1.6035836961143712,0.4921883818042959,69.6880661850764,69.6880661850764,69.60804759670087,49.363337180216135,21153879296.85,27575883296.85,30.768562908863213,46.24213163769869,82.78691970495692,99.69545112449045,2.296717197503715,2.296717197503715,60.28055693920111,88.54572376176425,107.91980063106114,129.96151140207837,0.0081251763607062,0.0100305479209005,0.7043201308074439,0.3974841174975533,20.620952955871445,304.558599695586,3.7950661583314647,1.4834110291257627,0.0078118532152448,0.9614379883522712,0.0225921885895785,0.0,0.0,0.1696018346756835,0.0947341728985548,0.3653215541149991,0.0092183124607888,45.10460366290396,0.0102918553110517,0.0105314943020044,-53.16140118836068,199438000.0,9221073000.0,-6899308000.0,15231316000.0,0.0,101644500.0,0.0,0.0,62.6109400990383,0.0,0.0,1.4374484691914473,0.0,0.0186612322803848,0.3275184703843745,2015-07-27,1.92,amc,379476744.0,2025-04-25,2015-06-30,0.1354166666666668,166.5125396825397,667276.9365079365
2015-03-31,AVB,USD,915912,2015-05-04,2015-05-04 09:03:16,2015,Q1,442367000.0,158805000.0,283562000.0,0.6410107445,0,10598000.0,0.0,10598000.0,116853000.0,127451000.0,286256000.0,0.0,45573000.0,116853000.0,296170000.0,0.6695119663,155077000.0,0.3505618638,-88117000.0,208053000.0,0.4703176322,80048000.0,207615000.0,0.4693275041,1.57,1.56,132219579,133175773,https://www.sec.gov/Archives/edgar/data/915912/000091591215000011/0000915912-15-000011-index.htm,https://www.sec.gov/Archives/edgar/data/915912/000091591215000011/q1201510-q.htm,3.345699656175732,1.5702288690542572,1.787783638306699,1.7221428302989832,1.4742748500205105,68.88556194843126,68.88556194843126,68.80608809078117,49.97674361071744,23039261640.75,29406664640.75,27.74277104345784,52.08178196101879,97.46705153037482,101.18208370077426,2.532479390051918,2.532479390051918,66.47571957390583,99.28981544636528,124.40419934321856,129.1459617689426,0.0090113564938551,0.0098831726272538,0.721332491784567,0.4034943851810788,21.499149137319783,446.4256480218281,3.402826234832028,1.1361528072173916,0.0066493016307884,0.7378802109674156,0.0239574832661568,0.0,0.0,0.0367163042558592,0.0196194562433454,0.0742728042925727,0.009128167336171,49.30445601011927,0.0058667729353816,0.0127655076800255,-52.645758310877696,326497000.0,9108020000.0,-6828498000.0,15114715000.0,0.0,98023500.0,0.0,0.0,53.34712383111363,0.0,0.0,1.6870637728272302,0.0,0.0228210745970986,0.0656408080077157,2015-04-27,1.09,amc,309112820.0,2025-04-25,2015-03-31,0.4311926605504587,172.8252459016393,872250.9016393443
2014-12-31,AVB,USD,915912,2015-02-19,2015-02-19 16:40:02,2014,Q4,440656000.0,151284000.0,289372000.0,0.6566845794,0,10715000.0,0.0,10715000.0,114084000.0,124799000.0,276083000.0,0.0,47987000.0,114084000.0,214616000.0,0.4870375077,163316000.0,0.3706201663,-11454000.0,151862000.0,0.3446271014,9332000.0,141973000.0,0.3221855597,1.08,1.08,132119949,132677639,https://www.sec.gov/Archives/edgar/data/915912/000091591215000004/0000915912-15-000004-index.htm,https://www.sec.gov/Archives/edgar/data/915912/000091591215000004/a201410-k.htm,3.335272253246177,1.0745765577006088,1.855980129087092,1.7520972551995158,3.856041452150425,68.56776791519954,68.56776791519954,68.47115116582432,49.75659656059964,21587078467.11,27603470467.11,38.01264759339804,48.98850456390018,88.0343476955043,93.25395580360885,2.3862604501025544,2.3862604501025544,62.64176697267256,128.6179523759179,112.56981904274669,119.24414963738784,0.0065767584166754,0.0107234056870035,0.7213751761058674,0.4034100107914316,28.033287359749504,699.7816979051819,3.4033384041511243,1.7204720542216858,0.0070880828192257,1.077747177280187,0.0243160197523691,0.0,0.0,0.0559719752703782,0.031146744853128,0.12030609024929,0.0081083657093061,40.6877575351028,0.0094758833593655,0.0087763757838964,-50.01586096585611,633795000.0,9059170000.0,-6482851000.0,15210088000.0,0.0,100005500.0,0.0,0.0,60.63060204648212,0.0,0.0,1.4843989167549747,0.0,0.0156938584995918,0.1038828738875762,2015-01-28,1.77,amc,399894444.0,2025-04-25,2014-12-31,-0.0056497175141242,156.760625,785572.53125
2014-09-30,AVB,USD,915912,2014-11-04,2014-11-04 17:30:27,2014,Q3,430525000.0,149129000.0,281396000.0,0.6536112885,0,11290000.0,0.0,11290000.0,111836000.0,123126000.0,272255000.0,0.0,46376000.0,111836000.0,399213000.0,0.9272701934,157191000.0,0.3651146856,-158212000.0,241001000.0,0.5597839847,176869000.0,240734000.0,0.5591638116,1.83,1.83,131529503,131905995,https://www.sec.gov/Archives/edgar/data/915912/000091591214000011/0000915912-14-000011-index.htm,https://www.sec.gov/Archives/edgar/data/915912/000091591214000011/q3201410-q.htm,3.273220001447128,1.830266172297481,1.761718813763023,1.6606312273528472,3.345469951330996,68.86575097907881,68.86575097907881,68.76998539255486,47.80785950358225,18541714037.91,24343454037.91,19.255396036610943,43.06768256874746,80.01844499741065,84.88940691830493,2.0498768350074656,2.0498768350074656,56.54364795983973,60.978610510955306,105.0563790379254,111.45147484186576,0.0129833735709546,0.0117800328250893,0.690057866631466,0.3930292828403535,14.532943566467024,355.53207547169814,3.389490253579438,0.9614655297607934,0.0081989183788067,0.6314936818230911,0.0262237965274955,0.0,0.0,0.057380091317895,0.0308832239707334,0.1188883722593798,0.0096719122002206,53.2166891444889,0.0026341735565417,0.0151584473141727,-48.531104082404994,563706000.0,9057878000.0,-6258004000.0,15030897000.0,0.0,97058000.0,0.0,0.0,59.20075907435844,0.0,0.0,1.520250777307712,0.0,0.0266143167233481,0.1010875864101759,2014-10-27,1.46,amc,343459016.0,2025-04-25,2014-09-30,0.2534246575342466,148.333125,820678.796875
2014-06-30,AVB,USD,915912,2014-08-08,2014-08-08 16:42:37,2014,Q2,413806000.0,142361000.0,271445000.0,0.6559716389,0,10220000.0,0.0,10220000.0,110395000.0,120615000.0,262976000.0,0.0,43722000.0,110395000.0,265781000.0,0.6422840655,149693000.0,0.3617468089,-93584000.0,172197000.0,0.4161297806,65543000.0,157832000.0,0.3814154459,1.22,1.21,130065698,130248321,https://www.sec.gov/Archives/edgar/data/915912/000091591214000006/0000915912-14-000006-index.htm,https://www.sec.gov/Archives/edgar/data/915912/000091591214000006/q2201410-q.htm,3.181515237015066,1.2134790527168815,1.456141034202577,1.4346518941527535,3.2732765559755808,67.94732305207788,67.94732305207788,67.82366246940835,48.42626531708614,18494041598.62,24323174598.62,29.29387196294161,44.69254094580552,97.64850839319092,99.11115064185766,2.096465965165688,2.096465965165688,58.77917332909624,91.51585176750784,128.42632078429094,130.34997292922256,0.0085342081209429,0.0100896820743565,0.709046229158382,0.3994695091330915,21.93209070625816,1.0622339158869276,3.4237454828232927,1.0998681742422922,0.0081224538832663,0.9517524963252064,0.0246975635926013,0.0,0.0,0.0147575952775695,0.006754372822047,0.0253181756420127,0.0062227227251417,43.03264293436159,0.0061233080562733,0.0100799906705545,-49.16433847147001,32145000.0,8837616000.0,-6271671000.0,14346241000.0,0.0,95077000.0,0.0,0.0,60.70405518365282,0.0,0.0,1.482602763978713,0.0,0.0178916768651975,0.0214891400498231,2014-07-23,1.04,amc,355662809.0,2025-04-25,2014-06-30,0.1634615384615383,138.2477777777778,775956.3333333334
2014-03-31,AVB,USD,915912,2014-05-02,2014-05-02 14:35:10,2014,Q1,400075000.0,142048000.0,258027000.0,0.6449465725,0,9236000.0,0.0,9236000.0,-979000.0,115603000.0,257651000.0,0.0,42533000.0,106367000.0,252320000.0,0.6306817472,98912000.0,0.2472336437,-38025000.0,103420000.0,0.258501531,8458000.0,141507000.0,0.353701181,1.09,1.09,129288771,129629557,https://www.sec.gov/Archives/edgar/data/915912/000110465914034032/0001104659-14-034032-index.htm,https://www.sec.gov/Archives/edgar/data/915912/000110465914034032/a14-8666_110q.htm,3.0944296005412566,1.0945034043211688,1.704069102799345,1.5261031447193507,2.987034349642012,66.69622530482559,66.69622530482559,66.57245585542769,49.689783190838746,16978201407.72,22973809407.72,29.995338406792595,42.437546479335126,77.06260255776904,86.04922966995763,1.972587586150968,1.972587586150968,57.42375656494408,91.05029093103995,104.2761539405493,116.43627935876904,0.0083346284215745,0.0116212545287797,0.7414598996569216,0.4098715504623917,23.761921369689283,0.9714960250542038,2.325535466578892,1.555922005098906,0.0081512167677002,0.9779940214971696,0.0230856714366056,0.0,0.0,0.1044358810259762,0.0575117165531462,0.2163170908270422,0.009035805786415,40.48993751878598,0.0060341825403518,0.0090882998006645,-50.74668085444172,-14790000.0,8623073000.0,-6443081000.0,14187367000.0,0.0,94382500.0,0.0,0.0,59.6416000225276,0.0,0.0,1.5090138421170047,0.0,0.0164407845595789,0.1779659580799944,2014-04-23,1.63,amc,264286238.0,2025-04-25,2014-03-31,0.0,126.05409836065574,960810.2459016392
2013-12-31,AVB,USD,915912,2014-03-03,2014-02-28 21:00:58,2013,Q4,394169000.0,138537000.0,255632000.0,0.6485340044,0,8311000.0,0.0,8311000.0,-836000.0,113117000.0,251654000.0,0.0,44630000.0,104806000.0,229400000.0,0.5819838699,135862000.0,0.3446795664,-53470000.0,88209000.0,0.2237847218,124452000.0,251815000.0,0.6388503408,1.95,1.95,129225745,129611467,https://www.sec.gov/Archives/edgar/data/915912/000104746914001617/0001047469-14-001617-index.htm,https://www.sec.gov/Archives/edgar/data/915912/000104746914001617/a2218560z10-k.htm,3.0502358489014707,1.9486442117242195,1.9700254001244104,1.9019120377290144,2.178675773933437,66.6821228231263,66.6821228231263,66.54809380282543,47.90083431130538,15278359831.35,21142209831.35,15.168238420417769,38.76093713952645,60.0144546321756,62.16375818367131,1.77660986579574,1.77660986579574,53.63742412860981,92.16307685854402,83.04806319222399,86.02227162680651,0.0164818084388414,0.0160865434976656,0.7146030333288487,0.4009220816898694,25.561682650392328,465.324942791762,3.0441855254313244,0.9988817521570412,0.0090637346893644,0.5499235549907671,0.0210848646139092,0.0,0.0,0.034574865070823,0.0223305232019768,0.0859755025493758,0.0163381696683402,54.01636372691625,-0.0036420379293614,0.0164282783635304,-49.75444328063266,405820000.0,8617047000.0,-6304402000.0,14131274000.0,0.0,89329500.0,0.0,0.0,61.47729487429351,0.0,0.0,1.4639551103220898,0.0,0.0292817434786011,0.0681133623953957,2014-01-29,0.88,amc,306557574.0,2025-04-25,2013-12-31,1.2159090909090908,123.1921875,724891.09375
2013-09-30,AVB,USD,915912,2013-11-05,2013-11-05 17:01:36,2013,Q3,393127000.0,139285000.0,253842000.0,0.6456997357,0,9878000.0,0.0,9878000.0,-1043000.0,170560000.0,309845000.0,0.0,43945000.0,160682000.0,241355000.0,0.6139364633,82239000.0,0.2091919405,6350000.0,-14106000.0,-0.0358815345,42771000.0,-10715000.0,-0.0272558232,-0.0829,-0.0827,129208839,129620138,https://www.sec.gov/Archives/edgar/data/915912/000110465913081207/0001104659-13-081207-index.htm,https://www.sec.gov/Archives/edgar/data/915912/000110465913081207/a13-19475_110q.htm,3.042570485444885,-0.082927763169515,1.5688709965113146,1.4674383073746216,0.8738566252421787,65.63241389391325,65.63241389391325,65.49113098988529,47.53217386312093,16421151348.51,22405873348.51,-383.1346558215119,41.77060173559689,81.00729778459095,86.60670732207842,1.940568105620718,1.940568105620718,56.99398247515435,92.83368212181227,110.53057218373851,118.17069791309348,-0.000652512102994,0.0115464498180393,0.7205871213217911,0.4029145337492674,24.79634563195293,28.907190332326284,1.871407441119581,-195.4792671166827,0.0084329044328895,-12.92375174988334,0.0251267402137222,0.0,0.0,0.06465330123525,0.0333378272161413,0.0859088734046946,0.0130721115568251,,0.021922994641596,-0.0007080173465901,-50.62046877458592,230932000.0,8480288000.0,-6414315000.0,13957424000.0,0.0,84505500.0,0.0,0.0,54.29464766485982,0.0,0.0,1.6576219548478466,0.0,-0.0012662441756017,0.1014326891366928,2013-10-23,1.26,amc,632450000.0,2025-04-25,2013-09-30,0.2936507936507935,131.88953125,642464.890625
2013-06-30,AVB,USD,915912,2013-08-02,2013-08-02 14:03:36,2013,Q2,389234000.0,130998000.0,258236000.0,0.663446667,0,11345000.0,0.0,11345000.0,-1096000.0,207451000.0,338449000.0,0.0,43169000.0,196106000.0,233480000.0,0.5998448234,49689000.0,0.1276584266,-47675000.0,2052000.0,0.005271893,6967000.0,36159000.0,0.0928978455,0.28,0.28,129179471,129595399,https://www.sec.gov/Archives/edgar/data/915912/000110465913059341/0001104659-13-059341-index.htm,https://www.sec.gov/Archives/edgar/data/915912/000110465913059341/a13-12902_110q.htm,3.013125823994124,0.2799128973054859,1.438487079731113,1.4300414653346891,0.4600653613142602,66.44459010054314,66.44459010054314,66.29352894625184,45.64570480397772,17484441399.85,23278329399.85,120.88581957361929,44.92012876534424,94.09191219520729,94.64760517858302,2.041677402778428,2.041677402778428,59.80548821492983,99.70159927980984,125.27151859484565,126.01135374407248,0.0020680672131916,0.0105655076862555,0.6834984807496424,0.3909264980691834,24.81535035120781,1.6412535211267605,1.151034307025875,5.025503028991778,0.0079192121059805,3.829281783235156,0.0291469912700329,0.0,0.0,0.0058711784870548,0.0028029411613579,0.0055819617193056,0.0038074782778482,20.433289250604886,-0.0080196076051082,0.0024149565816733,-49.00339002007525,91058000.0,8583277000.0,-6156605000.0,13797374000.0,0.0,69150500.0,0.0,0.0,58.3868456006962,0.0,0.0,1.5414430951708558,0.0,0.0042223260966002,0.0084456143964237,2013-07-24,1.52,amc,1269671428.0,2025-04-25,2013-06-30,0.0197368421052631,133.66984375,921910.796875
2013-03-31,AVB,USD,915912,2013-05-10,2013-05-10 13:07:53,2013,Q1,312131000.0,105919000.0,206212000.0,0.6606585056,0,10039000.0,0.0,10039000.0,-1015000.0,119868000.0,225787000.0,0.0,38174000.0,109829000.0,176594000.0,0.5657688599,85329000.0,0.2733756019,-78509000.0,-11468000.0,-0.0367409838,-68300000.0,75288000.0,0.2412064165,0.63,0.63,119680510,120111128,https://www.sec.gov/Archives/edgar/data/915912/000110465913040124/0001104659-13-040124-index.htm,https://www.sec.gov/Archives/edgar/data/915912/000110465913040124/a13-8204_110q.htm,2.6080353434322765,0.6290748593902216,0.6800438935295312,0.6498301185380978,3.8331471013952063,72.5235629427047,72.5235629427047,72.3500259148294,49.85325513736531,15329876525.9,20799412525.9,50.90411661187706,49.11359821965777,188.3554888423355,197.1130551599547,1.7704209277103482,1.7704209277103482,66.63680482201384,117.78096948877086,255.5587129048509,267.4408852273312,0.0049111941555954,0.0050732306857529,0.6846478439263795,0.3903435118826414,30.97237731746265,1.067126870084838,2.235264839943417,1.0784295538565505,0.0072393929470012,1.4740596110934014,0.0321627778080357,0.0,0.0,0.0444291541750626,0.0115848794256257,0.0329239089857869,0.0067247405736693,32.000868793411364,-0.0288552571885296,0.0049572789590082,-50.54251523493675,35756000.0,8679657000.0,-5939288000.0,13690907000.0,0.0,53110000.0,0.0,0.0,45.30376986187559,0.0,0.0,1.9865896430781929,0.0,0.0086948809131149,0.0302137749914334,2013-04-30,-0.39,amc,545390476.0,2025-04-25,2013-03-31,-4.487179487179487,130.65616666666668,1041034.2
2012-12-31,AVB,USD,915912,2013-02-22,2013-02-22 17:26:26,2012,Q4,271303000.0,92197000.0,179106000.0,0.6601696258,0,7703000.0,0.0,7703000.0,-1545000.0,73270000.0,165467000.0,1000.0,36117000.0,65567000.0,166522000.0,0.6137860621,87949000.0,0.3241726041,-45033000.0,68237000.0,0.2515158329,-8434000.0,122357000.0,0.4509975931,1.19,1.19,102401254,102863336,https://www.sec.gov/Archives/edgar/data/915912/000104746913001516/0001047469-13-001516-index.htm,https://www.sec.gov/Archives/edgar/data/915912/000104746913001516/a2213127z10-k.htm,2.6494109144405598,1.1948779455376592,1.6176169092616777,8.339351000525834,26.695161369801195,66.87243302704086,66.87243302704086,66.80381082051983,37.959984357222815,13884586029.86,15002001029.86,28.369006329552047,51.17741429272806,83.82083497253178,16.259059007283714,2.029674629854371,2.029674629854371,55.29611183753958,90.09020447664574,90.56663625961389,17.567568773549112,0.0088124341436511,0.0615041743530189,0.5629511720423097,0.3450722297819065,6.710314553032032,3977.902266288952,2.435113658388017,1.309951602188973,0.0068251944851794,0.7744959422019173,0.0283926090017434,0.0,0.0,4.15533124856622,2.537067411713103,11.15636092516654,0.0070216694986786,42.37928745406719,0.0088552811284362,0.0109638122600935,-15.416207696050284,2807693000.0,6847821000.0,-1503858000.0,10168147000.0,0.0,52048500.0,0.0,0.0,51.64235278805168,0.0,0.0,1.7427556093227228,0.0,0.0178863740086311,6.721734091264156,2013-01-30,0.88,amc,185243697.0,2025-04-25,2012-12-31,0.3522727272727272,133.54919354838708,1023128.1774193548
2012-09-30,AVB,USD,915912,2012-11-02,2012-11-02 13:31:57,2012,Q3,271904000.0,94359000.0,177545000.0,0.6529694304,608000,8372000.0,1582000.0,9954000.0,65390000.0,76560000.0,170919000.0,0.0,33985000.0,65998000.0,162357000.0,0.5971114805,100985000.0,0.3713994645,-10506000.0,86747000.0,0.3190353948,19694000.0,86658000.0,0.3187080734,0.89,0.89,97044603,97546569,https://www.sec.gov/Archives/edgar/data/915912/000110465912073581/0001104659-12-073581-index.htm,https://www.sec.gov/Archives/edgar/data/915912/000110465912073581/a12-19873_110q.htm,2.8018456626588497,0.8929708332157328,1.5735547910892067,-1.547391563856467,6.84358510900395,48.720669195792375,48.720669195792375,48.64644559368232,39.59071273649293,13141780138.259998,16285727138.259998,37.91277244530222,48.33242665889431,86.05992035794505,-87.51501763554998,2.7837593959297795,2.7837593959297795,59.89513629170589,100.30813046718032,106.6482900904358,-108.4514946010415,0.0065940838370678,-0.0114266102780716,0.8066470728413695,0.424602996733257,19.36440683185819,0.3740345083379084,2.971457996174783,1.7603287683865911,0.0071253665039931,1.0805695954210806,0.0307902789219724,0.0022360833235259,0.0,1.9833731704921256,1.1138894609862304,4.589093608897239,0.0157408497116629,31.26334568999969,0.008703573681004,0.0096624142588681,-36.852693395015486,-1194888000.0,4728078000.0,-3526504000.0,6683760000.0,0.0,47275500.0,0.0,0.0,48.82904651384605,0.0,0.0,1.8431652146735944,0.0,0.0183563428389864,3.1209463549456737,2012-10-24,1.4,amc,275979775.0,2025-04-25,2012-09-30,0.0285714285714286,142.8311111111111,582826.9523809524
2012-06-30,AVB,USD,915912,2012-08-03,2012-08-03 10:12:20,2012,Q2,258805000.0,91754000.0,167051000.0,0.645470528,901000,8316000.0,1499000.0,9815000.0,63974000.0,75591000.0,167345000.0,0.0,33193000.0,64875000.0,154302000.0,0.5962095014,91460000.0,0.3533934816,-31739000.0,60620000.0,0.2342304051,-63376000.0,156362000.0,0.6041691621,1.64,1.63,95308163,95992825,https://www.sec.gov/Archives/edgar/data/915912/000110465912053987/0001104659-12-053987-index.htm,https://www.sec.gov/Archives/edgar/data/915912/000110465912053987/a12-13391_110q.htm,2.7154547087430485,1.640593996130216,1.2289398548160035,-1.1892475568960448,3.758995963441243,48.15490987902054,48.15490987902054,48.078148353357726,35.62713720544588,13484198901.24,16488299901.24,21.55926456114657,52.10177122250343,115.12361605457276,-118.9659791013278,2.942709002854499,2.942709002854499,63.70935608369235,106.85733108605204,140.7716336080186,-145.47002427314834,0.0115959428621021,-0.0084057644677413,0.7337817312056986,0.3997082754550172,19.468969942061676,0.2258800323795858,2.7554002349893048,0.7468897660389872,0.0068595843681521,0.5915503766899887,0.0321323003805954,0.0034813855991963,0.0,1.967702001229424,0.890527617318058,3.5447023177840324,0.0088251772570081,42.127499741920026,0.0235324960282526,0.0185878701314603,-36.34763162941248,-1480362000.0,4589556000.0,-3390535000.0,6125810000.0,0.0,43573000.0,0.0,0.0,42.528173158663385,0.0,0.0,2.1162442050879906,0.0,0.0341234854568944,2.418187411712048,2012-07-25,0.8,amc,182404445.0,2025-04-25,2012-06-30,1.0374999999999996,141.44126984126984,642167.3968253968
2012-03-31,AVB,USD,915912,2012-05-04,2012-05-04 12:32:26,2012,Q1,252454000.0,88750000.0,163704000.0,0.6484508069,239000,9710000.0,1446000.0,11156000.0,62752000.0,74386000.0,163136000.0,0.0,33626000.0,62991000.0,148871000.0,0.5896955485,89318000.0,0.353799108,-35644000.0,56688000.0,0.2245478384,33735000.0,57504000.0,0.2277801104,0.61,0.6,95274494,95653779,https://www.sec.gov/Archives/edgar/data/915912/000110465912033050/0001104659-12-033050-index.htm,https://www.sec.gov/Archives/edgar/data/915912/000110465912033050/a12-7472_110q.htm,2.649754298353975,0.6035613267072297,1.1056474359234068,-0.5209159127100691,2.60554519449875,46.15576336726596,46.15576336726596,46.08022373753042,35.83268571334527,13467049726.9,16599122726.9,58.54831719054327,53.34456862200639,127.8436465435732,-271.34897696756,3.0674764255729143,3.0674764255729143,65.75107832278356,111.50004182748825,157.57663496202773,-334.4574395909732,0.0042699775501042,-0.0036852912112491,0.769956061927854,0.4101796868582059,21.038838994834453,0.1663584381569282,2.6562184024266937,1.8285337360481868,0.0063116273960299,1.4781406510851418,0.0384624525656159,0.0009467071228817,0.0,1.4711410670210747,0.6138544051589596,2.447719231741218,0.0078588574552195,25.01550363104392,0.0046600642034569,0.0069777440011047,-37.736752503770845,-1609250000.0,4397467000.0,-3522456000.0,5890144000.0,0.0,40317000.0,0.0,0.0,44.40574647887324,0.0,0.0,2.0267647125990544,0.0,0.0130980554726702,1.6265633486334758,2012-04-25,0.78,amc,312511475.0,2025-04-25,2012-03-31,0.641025641025641,133.73548387096776,768422.1612903225
2011-12-31,AVB,USD,915912,2012-02-27,2012-02-27 12:18:18,2011,Q4,241091000.0,87762000.0,153329000.0,0.6359797753,-1986000,7847000.0,0.0,7847000.0,61595000.0,69442000.0,157204000.0,0.0,78053000.0,63314000.0,147201000.0,0.610561987,83887000.0,0.3479474555,-34416000.0,49471000.0,0.2051963781,5908000.0,323085000.0,1.3400956485,3.39,3.38,95274494,95653779,https://www.sec.gov/Archives/edgar/data/915912/000119312512080629/0001193125-12-080629-index.htm,https://www.sec.gov/Archives/edgar/data/915912/000119312512080629/d235613d10k.htm,2.530488380237422,3.391096467014561,1.4104404479965016,-0.2959868776631865,6.47487038871075,46.27634128395371,46.27634128395371,46.12715130242518,39.334840235414944,12442848916.4,15495512916.4,9.62815429097606,51.61059067489039,92.59518910246392,-441.23577717730495,2.8313042603420766,2.8313042603420766,64.27246523677782,105.2677150046535,115.31201241563042,-549.4862736312057,0.0259655165927608,-0.0022663620035466,0.8349875453411247,0.432608498312386,20.738065638141045,1.7092386123635428,1.0747440841479508,0.4160791417026613,0.0068138736208757,0.2624201061640125,0.0325478761131688,-0.0082375534549195,0.0,1.209854218293037,0.6743470307892041,2.5678207031620177,0.0300467458345603,59.325259762092514,0.0091438804861251,0.0380889112620381,-36.27985681036522,286448000.0,4408955000.0,-3383106000.0,7711478000.0,0.0,36524500.0,0.0,0.0,37.78457646817529,0.0,0.0,2.381924277378206,0.0,0.0735162777510665,1.706427325659688,2012-02-01,0.57,amc,40996153.0,2025-04-25,2011-12-31,1.087719298245614,124.66301587301588,819566.0
2011-09-30,AVB,USD,915912,2011-11-07,2011-11-07 13:54:08,2011,Q3,251077000.0,92591000.0,158486000.0,0.6312246841,633000,6087000.0,1328000.0,7415000.0,61629000.0,70310000.0,162901000.0,1311000.0,43970000.0,62262000.0,147466000.0,0.5873337661,88176000.0,0.3511910689,-40380000.0,46485000.0,0.1851424065,45967000.0,44824000.0,0.1785269061,0.49,0.49,91388357,92340368,https://www.sec.gov/Archives/edgar/data/915912/000119312511299375/0001193125-11-299375-index.htm,https://www.sec.gov/Archives/edgar/data/915912/000119312511299375/d226420d10q.htm,2.747363102282274,0.4904782345523511,0.9753211779483024,-1.1893637610751664,7.550732091616441,45.55400859214484,45.55400859214484,45.47911940248581,41.89880555572304,10422842115.85,13517886115.85,58.132039286152505,41.51253247350415,116.93583875612848,-95.89160501821628,2.5077442461158608,2.5077442461158608,53.83960345172995,91.66781573956033,151.6597232882322,-124.36644263574809,0.0043005544458776,-0.0104284415701461,0.9106964382899828,0.4459000993914585,20.988187107536653,0.3520763649199692,2.005367295883557,1.9950533831725497,0.0075909237730545,1.7651035159735855,0.0242435587489096,0.0025211389334745,0.0,2.2194585619243155,0.7879136679186066,3.153325044631472,0.0,22.403050224341182,0.000115751954434,0.0052804583811078,-39.78080052363782,-1396832000.0,4163106000.0,-3566524000.0,5860625000.0,0.0,35012500.0,0.0,0.0,35.190893283364474,0.0,0.0,2.5574798364821567,0.0,0.0107846906667577,2.164684939023469,2011-10-31,0.48,amc,225991836.0,2025-04-25,2011-09-30,1.4375,130.1209375,1280016.3125
2011-06-30,AVB,USD,915912,2011-08-01,2011-08-01 10:09:49,2011,Q2,244859000.0,90058000.0,154801000.0,0.6322046566,1353000,8145000.0,0.0,8145000.0,61541000.0,72392000.0,162450000.0,1311000.0,45855000.0,62894000.0,142303000.0,0.5811630367,81068000.0,0.331080336,-36191000.0,35608000.0,0.1454224676,39431000.0,43373000.0,0.1771345958,0.5,0.49,86746992,87597981,https://www.sec.gov/Archives/edgar/data/915912/000119312511203869/0001193125-11-203869-index.htm,https://www.sec.gov/Archives/edgar/data/915912/000119312511203869/d10q.htm,2.822680007163822,0.499994282222489,1.529321039742796,-0.8895063473785927,4.152697306207459,40.18600437465313,40.18600437465313,40.10701604500592,46.48013616426032,11138313772.8,14764236772.8,64.20073417102806,45.48868439714285,83.95882660555992,-144.34972878878204,3.201434877526577,3.201434877526577,60.29689238623045,103.75211185147188,111.29045387444975,-191.34077360358728,0.0038940364659072,-0.0069276195278706,1.1457229799236197,0.501861573748713,25.480299080131832,0.0903712523114368,1.767920619343583,3.071565835474983,0.0069941466535303,1.796117400225947,0.0332640417546424,0.0055256290354857,0.0,1.5816348067297834,0.8569258226162813,3.334806102987921,0.0,21.24143994033698,-0.002199812549996,0.0054607086570355,-47.223458768460816,-3625923000.0,3486015000.0,-4096493000.0,3561509000.0,0.0,33259000.0,0.0,0.0,33.79921828155189,0.0,0.0,2.6627834777209425,0.0,0.0124665041563157,2.418827387121389,2011-07-27,0.64,amc,307722448.0,2025-04-25,2011-06-30,-0.234375,126.59650793650792,750098.4285714285
2011-03-31,AVB,USD,915912,2011-05-06,2011-05-06 16:34:12,2011,Q1,235808000.0,92912000.0,142896000.0,0.6059845298,0,7292000.0,0.0,7292000.0,61299000.0,68591000.0,161503000.0,0.0,44271000.0,61299000.0,135483000.0,0.5745479373,30034000.0,0.1273663319,-42468000.0,30537000.0,0.1294994233,44970000.0,30341000.0,0.1286682386,0.35,0.35,86168732,86997530,https://www.sec.gov/Archives/edgar/data/915912/000119312511130827/0001193125-11-130827-index.htm,https://www.sec.gov/Archives/edgar/data/915912/000119312511130827/d10q.htm,2.7365843099559592,0.3521114828520396,0.8496701564553601,-0.5236354180075437,3.386379179863062,39.77677192696766,39.77677192696766,39.64992777194401,47.365835672271466,10347141338.56,14092524338.56,85.25708891071487,43.879517821956846,141.32542974199276,-229.3198585705104,3.028504886330908,3.028504886330908,59.76270668747456,104.0169197505222,192.48138139124492,-312.32739386449765,0.0029323074854433,-0.0043607213358389,1.1816431265849163,0.5122183339207654,27.64467128717256,1.2495565668712878,0.6784125047999819,2.397583259652225,0.0074048471450244,2.525262845654395,0.0309234631564662,0.0,0.0,1.6162808167725191,0.501831998914371,1.930471948971435,0.0073491993486226,17.723625035866622,-0.0018926811865769,0.0038495199423682,-48.30578219486855,95251000.0,3427514000.0,-3977316000.0,7098675000.0,0.0,33565000.0,0.0,0.0,31.67222748407095,0.0,0.0,2.841606263571581,0.0,0.0088805075478899,1.3733055744629037,2011-04-27,0.38,amc,246131428.0,2025-04-25,2011-03-31,1.842105263157895,115.07145161290325,659775.1129032258
2010-12-31,AVB,USD,915912,2011-02-23,2011-02-23 17:09:35,2010,Q4,231892000.0,93064000.0,138828000.0,0.5986752454,-1685000,6871000.0,0.0,6871000.0,60615000.0,67486000.0,160550000.0,44261000.0,91210000.0,60615000.0,131957000.0,0.5690450727,71342000.0,0.3076518379,398000.0,147867000.0,0.6376545978,122090000.0,27027000.0,0.1165499457,0.31,0.31,86168732,86997530,https://www.sec.gov/Archives/edgar/data/915912/000115752311001108/0001157523-11-001108-index.htm,https://www.sec.gov/Archives/edgar/data/915912/000115752311001108/a6613886.htm,2.6911385907361387,0.3136520565255619,1.1341352916740146,-0.1408863716365235,3.556115923813292,38.64340257438162,38.64340257438162,38.42017775078784,48.65914703259183,9698290786.6,13493551786.6,89.70927948532949,41.822446598416505,99.2386012729338,-798.870740247117,2.929450267774778,2.929450267774778,58.18894910820555,102.25718822495207,138.07393848782834,-1111.495204827018,0.0027867797114665,-0.0012517669625635,1.2389490421425848,0.5244126181616593,28.76134649923839,1.230340968539395,0.7821730073456857,3.664991561972623,0.0078390101588872,2.812927812927813,0.0296301726665861,-0.0072663136287582,0.0,1.124223602484472,0.4737852103565453,1.8125381506227831,0.025606747968882,16.466261709364257,0.0016735071423764,0.0034554805939739,-48.56992673398049,89821000.0,3329853000.0,-4011866000.0,7045466000.0,0.0,17216500.0,0.0,0.0,33.29934238803404,0.0,0.0,2.7027560770191386,0.0,0.008163732571985,1.2750216633105382,2011-02-02,0.28,amc,195729032.0,2025-04-25,2010-12-31,2.6071428571428568,109.74,746344.4375
2010-09-30,AVB,USD,915912,2010-11-04,2010-11-04 16:30:18,2010,Q3,227583000.0,91487000.0,136096000.0,0.5980060022,737000,7039000.0,1026000.0,8065000.0,57189000.0,67430000.0,158917000.0,0.0,0.0,58628000.0,129552000.0,0.5692516576,70799000.0,0.3110908987,-44587000.0,26212000.0,0.1151755623,44012000.0,24654000.0,0.1083297083,0.29,0.29,84968804,85768696,https://www.sec.gov/Archives/edgar/data/915912/000115752310006616/0001157523-10-006616-index.htm,https://www.sec.gov/Archives/edgar/data/915912/000115752310006616/a6495423.htm,2.6784300741716924,0.2901535485894329,0.7373882772317237,-0.5195200817467079,2.6964131447583988,39.0079752093486,39.0079752093486,38.88287047090836,46.46281710638177,8830807799.720001,12549586799.72,89.54741420986454,38.80258103513883,140.94338520022347,-200.05001471852844,2.672899370373364,2.672899370373364,55.14290083055413,96.86910892707176,200.29665309584232,-284.29392655052897,0.0027918170748526,-0.0049987499446426,1.1949430827424283,0.5144231433276495,28.704913856984067,0.1031287599198559,0.0,2.612584438328746,0.0085951366762173,3.078689056542549,0.0309293752169538,0.0032383789650369,0.0,1.704540738967361,0.4692705518426244,1.8177454768267152,0.0,15.932515935838255,-0.0062647309174544,0.003212497859768,-48.61584258618021,-3540749000.0,3314461000.0,-3952800000.0,3383321000.0,0.0,21721500.0,0.0,0.0,0.0,0.0,0.0,0.0,0.0,0.0074622461015711,1.2569083589784316,2010-10-27,0.3,amc,233379310.0,2025-04-25,2010-09-30,2.2666666666666666,103.851875,1057821.6875
2010-06-30,AVB,USD,915912,2010-08-06,2010-08-06 15:39:59,2010,Q2,220468000.0,87570000.0,132898000.0,0.6027994992,443000,4041000.0,1047000.0,5088000.0,57036000.0,63010000.0,150580000.0,0.0,41458000.0,57479000.0,127576000.0,0.5786599416,69888000.0,0.3169983853,-40995000.0,51066000.0,0.2316254513,18763000.0,51125000.0,0.2318930638,0.61,0.61,83517908,84245105,https://www.sec.gov/Archives/edgar/data/915912/000095012310074264/0000950123-10-074264-index.htm,https://www.sec.gov/Archives/edgar/data/915912/000095012310074264/w79435e10vq.htm,2.639769185789472,0.6121441643389822,1.2313646553503232,-0.2518741250080162,4.474740914247996,40.04278938596019,40.04278938596019,39.93046617020149,47.77408936057163,7798067069.96,11372880069.96,38.13235731031785,35.370516673440136,75.82644149667934,-370.7010396444191,2.3383147995822378,2.3383147995822378,51.5851736758169,89.14592141123721,110.58702336577824,-540.6389080604678,0.006556111859687,-0.0026975915712543,1.1840005229528,0.5124742304970743,28.021046278296858,1.5426479293068094,1.685754257320662,2.01388399326362,0.0094536247686284,1.441955990220049,0.0183291906308398,0.0020093619028611,0.0,1.2045487694596513,0.5618819964802149,2.1551697141564747,0.0,23.45148271478884,0.0060342294087414,0.0066354360970838,-47.73626513729247,205351000.0,3344290000.0,-3776779000.0,7047209000.0,0.0,45905500.0,0.0,0.0,44.64850976361768,0.0,0.0,2.0157447690076653,0.0,0.0153302533892229,1.4832387803583391,2010-08-03,0.6,amc,212754098.0,2025-04-25,2010-06-30,0.7333333333333335,97.98206349206347,1463869.7936507936
2010-03-31,AVB,USD,915912,2010-05-05,2010-05-05 17:25:52,2010,Q1,215587000.0,86659000.0,128928000.0,0.5980323489,505000,8895000.0,1039000.0,9934000.0,55590000.0,66534000.0,153193000.0,0.0,42541000.0,56095000.0,118262000.0,0.5485581227,62394000.0,0.2894144823,-42314000.0,72366000.0,0.3356695905,-10129000.0,72523000.0,0.3363978347,0.89,0.88,81897566,82310670,https://www.sec.gov/Archives/edgar/data/915912/000095012310044669/0000950123-10-044669-index.htm,https://www.sec.gov/Archives/edgar/data/915912/000095012310044669/w78365e10vq.htm,2.632398135006845,0.8855330328132096,0.8410872674775218,-0.6448299086202391,1.505502617745685,38.36955300967064,38.36955300967064,38.28745044755054,48.74928761619118,7071854824.099999,10898464824.099998,24.37797258835128,32.80278877715261,102.66473330284686,-133.9112824105283,2.2553081751497057,2.2553081751497057,50.55251394610992,92.15525548443286,158.21704664576163,-206.37123317742848,0.0102551596156712,-0.0074676306730774,1.25967766162603,0.5260837113455886,32.357054675212666,0.8648024440131616,1.466679203591829,0.9518696625487107,0.0102752392133909,1.0019579995311831,0.0412594451427961,0.0023424417984386,0.0,1.7666623114556568,0.564472811440393,2.1694090382387023,0.0103252979075732,27.61988500254591,0.0099816313805251,0.0096592575465488,-51.80207675524814,-51689000.0,3142373000.0,-4035128000.0,6818329000.0,0.0,48995500.0,0.0,0.0,50.232751358774046,0.0,0.0,1.7916597750578895,0.0,0.0231285453186884,1.485917176097761,2010-04-28,0.55,amc,134625000.0,2025-04-25,2010-03-31,0.5999999999999999,81.02704918032786,1186837.754098361
2009-12-31,AVB,USD,915912,2010-03-01,2010-03-01 12:03:23,2009,Q4,193741000.0,81057000.0,112684000.0,0.581621856,0,10360000.0,0.0,10360000.0,75721000.0,86081000.0,167138000.0,0.0,42487000.0,56593000.0,83196000.0,0.4294186569,26603000.0,0.1373121848,-26603000.0,27644000.0,0.1426853376,-8489000.0,32394000.0,0.1672026055,0.4,0.39,81897566,82310670,https://www.sec.gov/Archives/edgar/data/915912/000095012310019013/0000950123-10-019013-index.htm,https://www.sec.gov/Archives/edgar/data/915912/000095012310019013/w77522e10vk.htm,2.365650280742165,0.3955428907374366,1.2896842379906626,-0.2048412525471147,1.290526753872026,37.24319474891354,37.24319474891354,37.24319474891354,49.05346027011352,6724609144.26,10593790144.26,51.89702679709205,34.70927240109218,63.666746930185,-400.8469923855508,2.204698081181537,2.204698081181537,54.68016653294863,127.33533035554596,100.29908678362465,-631.4848679220315,0.0048172316494633,-0.002494717483219,1.3031824576484847,0.5329957808170317,46.50681523150151,0.8179846107703923,0.6261444677195377,3.2649768160741885,0.0107751987432384,2.2368031116873497,0.053473451670013,0.0,0.0,1.1588305466664142,0.6317609592187509,2.1627763150919725,0.0314750104520984,18.20587324200237,0.004917707340518,0.0043437537922697,-52.526432836844016,-70397000.0,3050127000.0,-4091111000.0,6763090000.0,0.0,49622000.0,0.0,0.0,55.097894074540136,0.0,0.0,1.6334562602019225,0.0,0.0106205413741788,1.4945254905377774,2010-02-03,0.24,amc,159836323.0,2025-04-25,2009-12-31,1.6666666666666667,74.29140625,1446959.53125
2009-09-30,AVB,USD,915912,2009-11-09,2009-11-06 18:04:06,2009,Q3,222051000.0,87568000.0,134483000.0,0.6056401457,0,5750000.0,0.0,5750000.0,54960000.0,60710000.0,148278000.0,3000.0,41208000.0,54960000.0,123836000.0,0.5576917015,29868000.0,0.1345096397,-10419000.0,58101000.0,0.261656106,15619000.0,58154000.0,0.2618947899,0.72,0.72,80132409,80609277,https://www.sec.gov/Archives/edgar/data/915912/000095012309059493/0000950123-09-059493-index.htm,https://www.sec.gov/Archives/edgar/data/915912/000095012309059493/w75885e10vq.htm,2.7710510986884223,0.7257238453919437,1.0389054945296852,-0.7291307066532843,9.702141863724576,38.46845537864711,38.46845537864711,38.46845537864711,55.83332706246233,5828030106.570001,9483425106.57,25.054295949418787,26.2463582986341,70.0063676464865,-99.74891927653312,1.8906399875980109,1.8906399875980109,42.70831973992461,76.58051864215575,113.91501629513512,-162.31237452838585,0.0099783286868134,-0.0100251712725599,1.4380374168307613,0.5578425253132857,29.51803191317549,0.3922848950851668,0.7248107163657542,1.4328743545611016,0.0122410143213873,1.2267599821164494,0.0258949520605626,0.0,0.0,1.701825825825826,0.6380381083624933,2.5612300238628967,0.0,25.06278507434487,0.0042262489213429,0.0073182640736331,-50.99552167463229,-1688850000.0,3082570000.0,-3773684000.0,5167404000.0,0.0,52442000.0,0.0,0.0,50.99910926365796,0.0,0.0,1.7647367042179722,0.0,0.0188654272246858,1.7680362011829696,2009-10-28,0.47,amc,140347222.0,2025-04-25,2009-09-30,1.3191489361702131,63.49390625,1861009.25
2009-06-30,AVB,USD,915912,2009-08-10,2009-08-10 13:19:45,2009,Q2,222144000.0,65180000.0,156964000.0,0.7065867185,0,5390000.0,0.0,5390000.0,53737000.0,79858000.0,145038000.0,0.0,37385000.0,53737000.0,123486000.0,0.5558826707,73918000.0,0.3327481273,-53026000.0,16723000.0,0.0752799986,60383000.0,17674000.0,0.0795610055,0.22,0.22,79662223,80042294,https://www.sec.gov/Archives/edgar/data/915912/000095012309032702/0000950123-09-032702-index.htm,https://www.sec.gov/Archives/edgar/data/915912/000095012309032702/w74926e10vq.htm,2.788573951796449,0.221861747443327,1.241579713385603,-0.8444027478369516,6.074686115651079,37.62675565807397,37.62675565807397,37.54237438239704,52.56284399695952,4456304754.62,8122269754.62,63.034750970634825,20.060432668089167,45.055504207184526,-66.24800800719521,1.490049601823514,1.490049601823514,36.56308410139369,65.77482268937369,82.12027212047681,-120.7467220869074,0.0039660662753544,-0.0150947934901135,1.3875933766876014,0.547889328121687,29.68729248659767,1.1333117876154275,1.9772101110070883,5.914429229205286,0.0159551475751938,4.022915016408283,0.0242635407663497,0.0,0.0,1.6801035316003925,0.7480463123019303,3.0923572212814263,0.0,13.689681429168816,-0.0270007969722428,0.0023334114041686,-51.37898298419315,56924000.0,2997431000.0,-4092964000.0,6878449000.0,0.0,56165500.0,0.0,0.0,76.30668916845659,0.0,0.0,1.1794509889075873,0.0,0.0059096354743975,2.085982461222555,2009-07-29,0.59,amc,568545454.0,2025-04-25,2009-06-30,0.5254237288135595,56.86825396825397,2830635.4603174604
2009-03-31,AVB,USD,915912,2009-05-11,2009-05-11 15:21:50,2009,Q1,219483000.0,65145000.0,154338000.0,0.7031888575,0,7247000.0,0.0,7247000.0,74343000.0,81590000.0,146735000.0,-973000.0,29157000.0,52640000.0,125388000.0,0.5712879813,72748000.0,0.3314516386,3457000.0,76205000.0,0.347202289,29104000.0,47749000.0,0.2175521567,0.6,0.59,78752744,79792281,https://www.sec.gov/Archives/edgar/data/915912/000095013309001569/0000950133-09-001569-index.htm,https://www.sec.gov/Archives/edgar/data/915912/000095013309001569/w73955e10vq.htm,2.7869886032161624,0.6063153812138914,1.1532423555933493,-0.8351835969042551,3.667757913298869,38.619136877313125,38.619136877313125,38.619136877313125,48.63916868725234,3706104132.64,7218569132.64,19.404092926762868,16.885609056920128,40.80668713887757,-56.34689207790432,1.2185668506653105,1.2185668506653105,32.88896694796408,57.56985622739018,79.48127781724492,-109.74973214905812,0.0128838797538013,-0.0177472077540215,1.2498708638199387,0.52262890114474,28.012768366988865,0.0683530069350215,2.495044071749494,1.9282180845417296,0.0185817768565893,1.442250099478523,0.0330185025719531,0.0,0.0,1.7242047544070205,0.713467557851861,2.974810030395137,0.0107889904912908,22.95312561947044,0.0065651311404656,0.006564842340119,-50.07105530189526,-3936952000.0,3041363000.0,-3943233000.0,2801431000.0,0.0,60715500.0,0.0,0.0,78.84135390283214,0.0,0.0,1.1415329081096235,0.0,0.0156998687759402,1.9884259524976045,2009-04-29,0.65,bmo,231025423.0,2025-04-25,2009-03-31,-0.0923076923076923,49.145737704918034,3630652.6393442624
2008-12-31,AVB,USD,915912,2009-03-02,2009-03-02 13:42:05,2008,Q4,220353000.0,149126000.0,71227000.0,0.3232404369,0,15960000.0,0.0,15960000.0,-5872000.0,10088000.0,159214000.0,0.0,29256000.0,50955000.0,112303000.0,0.5096504245,61139000.0,0.2774593493,350348000.0,411487000.0,1.8673991278,409365000.0,2123000.0,0.0096345409,0.027,0.0266,78752744,79792281,https://www.sec.gov/Archives/edgar/data/915912/000095013309000537/0000950133-09-000537-index.htm,https://www.sec.gov/Archives/edgar/data/915912/000095013309000537/w72738e10vk.htm,2.798035837329046,0.0269577908294852,1.522143787142198,-1.490271881828016,0.8343328328978606,37.14626121472034,37.14626121472034,37.03230962974445,47.029637468886165,4770841231.52,8379592231.52,561.8041958926048,21.650902104895327,39.79913100965188,-40.650300618764,1.6358688022888526,1.6358688022888526,38.02803788248855,74.61592505560849,69.90391690806102,-71.39892667638011,0.0004449948964919,-0.0246000640777156,1.259930750145042,0.5122355254305715,32.13405697087344,0.4865520580023417,2.089793546622915,56.46396608572774,0.0145611636666993,32.72209138012247,0.072429238539979,0.0,0.0,1.9790611730748373,1.0766179720720843,4.655794328328918,0.0539497987320345,4.739404844593478,4.74800741423877e-05,0.0002959555712555,-53.106695558443015,-273639000.0,2925370000.0,-3988699000.0,6376104000.0,0.0,63059500.0,0.0,0.0,38.844131808001286,0.0,0.0,2.316952286251418,0.0,0.000727953268349,3.0124156689702137,2009-02-04,-0.08,bmo,839600000.0,2025-04-25,2008-12-31,-0.75,65.21906249999999,2982403.21875
2008-09-30,AVB,USD,915912,2008-11-10,2008-11-10 16:59:19,2008,Q3,218492000.0,84426000.0,134066000.0,0.6135968365,0,9318000.0,0.0,9318000.0,68418000.0,30351000.0,114777000.0,0.0,28364000.0,49397000.0,124222000.0,0.5685425553,75351000.0,0.344868462,1190000.0,233581000.0,1.0690597367,-128676000.0,231406000.0,1.0591051389,3.01,2.98,76879070,77653020,https://www.sec.gov/Archives/edgar/data/915912/000095013308003733/0000950133-08-003733-index.htm,https://www.sec.gov/Archives/edgar/data/915912/000095013308003733/w71532e10vq.htm,2.8420218923043685,3.009999990894791,1.6630924385531718,-1.278904648560395,3.728960300898541,41.97927992625301,41.97927992625301,41.76219873627504,44.62357570142303,7566438069.400001,10682014069.400002,8.174418629378668,34.630275110301525,59.1789113572194,-76.95647999308389,2.3566766831773984,2.3566766831773984,48.889726257254274,85.99132254673087,83.54657210320907,-108.64427812369688,0.0305832147012273,-0.0129943573314407,1.0596815774056192,0.4797857117775743,25.0807103411634,0.0841827117496506,2.6565717106190947,0.5473775692372239,0.0093844685370735,0.3068502977450887,0.042646870365963,0.0,0.0,1.7689919206613638,1.035177489335994,5.547793666756604,0.0,53.182185935316,0.0174480415702567,0.0326328545096124,-46.53008939884418,-3476273000.0,3227328000.0,-3544327000.0,3050757000.0,0.0,68568000.0,0.0,0.0,65.83327410987137,0.0,0.0,1.3670898374247036,0.0,0.0720747489829906,2.9419970871135668,2008-11-05,1.4,bmo,156436368.0,2025-04-25,2008-09-30,1.1285714285714288,96.740625,1634241.3125
2008-06-30,AVB,USD,915912,2008-08-11,2008-08-11 15:13:14,2008,Q2,214222000.0,80163000.0,134059000.0,0.6257947363,0,9383000.0,0.0,9383000.0,129552000.0,138935000.0,138935000.0,0.0,21913000.0,58936000.0,134223000.0,0.6265602973,75287000.0,0.3514438293,-22945000.0,51052000.0,0.2383135252,3728000.0,122984000.0,0.5740960312,1.63,1.61,76753951,77578617,https://www.sec.gov/Archives/edgar/data/915912/000095013308002788/0000950133-08-002788-index.htm,https://www.sec.gov/Archives/edgar/data/915912/000095013308002788/w65140e10vq.htm,2.7910224452158823,1.6023149088442366,1.557548483725613,-1.4226238333971888,1.489551984105678,39.826275522936925,39.826275522936925,39.57517444281142,44.89460093070649,6843382271.16,10152978271.16,13.911123136261628,31.945282329359262,57.24380392110282,-62.67292723972452,2.2529275298291287,2.2529275298291287,47.394657276843645,75.64261170708448,84.92804790678221,-92.98280342112974,0.0179712304715594,-0.0159558527747553,1.1271991811824724,0.4946598965352244,24.657443210180077,0.2485413043478261,3.4357230867521564,0.938861096495017,0.0103685571240158,0.5769530995901906,0.0438003566393741,0.0,0.0,1.913373707632081,1.0677708171896445,3.881159223564545,0.0,37.77257696624805,0.0072153983151917,0.0177676943027338,-48.86553657674248,-345671000.0,3056824000.0,-3750623000.0,6184909000.0,0.0,95505500.0,0.0,0.0,84.63006624003593,0.0,0.0,1.0634518439904483,0.0,0.0404878798742803,2.980172317122802,2008-07-30,2.01,bmo,256056521.0,2025-04-25,2008-06-30,-0.1990049751243779,99.7134375,942603.5
2008-03-31,AVB,USD,915912,2008-05-09,2008-05-09 16:41:53,2008,Q1,211838000.0,59753000.0,152085000.0,0.7179306829,0,8119000.0,0.0,8119000.0,128912000.0,137031000.0,137031000.0,0.0,27661000.0,48792000.0,123599000.0,0.5834600025,74807000.0,0.3531330545,3478000.0,74841000.0,0.3532935545,26357000.0,46275000.0,0.218445227,0.6,0.6,76600201,77440892,https://www.sec.gov/Archives/edgar/data/915912/000095013308001887/0000950133-08-001887-index.htm,https://www.sec.gov/Archives/edgar/data/915912/000095013308001887/w57745e10vq.htm,2.7655018816464985,0.6041106863414105,0.2555737419018,-2.488191904352836,5.991942501560799,39.05137272420473,39.05137272420473,38.7948198726006,48.38403753013651,7393451400.52,10673507400.52,39.943011348028094,34.901440726026486,377.6600807335138,-38.79122017523977,2.487961029770592,2.487961029770592,50.38523494613809,86.35593654091053,545.2064872309343,-56.0006894190854,0.0062589171813241,-0.0257790292618404,1.2378696169958452,0.5166450541516042,26.537884610716915,0.9786439232409382,2.704421387513105,0.4040660474716202,0.0091648671681583,1.4642895732036736,0.0383264570096016,0.0,0.0,10.735710272258263,0.9921402203570652,4.307529922938187,0.021794956523381,22.963410424932164,0.0058026242084956,0.0064992037334291,-47.9081771600051,-10016000.0,2991343000.0,-3669776000.0,6447655000.0,0.0,103453000.0,0.0,0.0,174.16347296370057,0.0,0.0,0.5167558872620664,0.0,0.0155719420356961,2.743765646254636,2008-04-30,0.63,bmo,214410000.0,2025-04-25,2008-03-31,-0.0476190476190476,93.1988524590164,1408883.1967213114
2007-12-31,AVB,USD,915912,2008-02-29,2008-02-29 13:56:27,2007,Q4,212386000.0,0.0,212386000.0,1.0,0,8427000.0,0.0,8427000.0,-109136000.0,-100709000.0,141993000.0,0.0,97545000.0,36368000.0,117571000.0,0.5535722694,70393000.0,0.3314389837,57039000.0,358160000.0,1.686363508,226341000.0,129645000.0,0.6104215909,1.71,1.71,77125000,77125000,https://www.sec.gov/Archives/edgar/data/915912/000095013308000889/0000950133-08-000889-index.htm,https://www.sec.gov/Archives/edgar/data/915912/000095013308000889/w50312e10vk.htm,2.7537893030794165,1.68097244732577,2.10284602917342,24.25985089141005,0.2751636952998379,39.54367585089141,39.54367585089141,39.24348784440843,42.86219773095624,7260547500.0,10447527500.0,14.000824366539396,34.18562193364911,44.76789964361027,3.8804855158171305,2.39886934548845,2.39886934548845,49.19122493949696,88.8614326662187,64.41853904872303,5.583804684130385,0.0178560914311214,0.2576997120396223,1.0599830704137307,0.4762427996563192,27.10685458148693,0.4825538590684841,0.7216464196012097,1.230329236838113,0.0097870029773925,0.5481044390450847,0.0396777565376248,0.0,0.0,10.536674846777078,8.046005857259894,46.98798394192697,0.0675797839782283,38.52612737580592,0.0041120314127108,0.0192452026903055,-47.52617179902755,-225606000.0,3049806000.0,-3476285000.0,6071576000.0,0.0,94454500.0,0.0,0.0,0.0,0.0,0.0,0.0,0.0,0.0428344303643561,22.15700486223663,2008-02-06,0.63,bmo,76592727.0,2025-04-25,2007-12-31,1.619047619047619,106.65109375,937385.640625
2007-09-30,AVB,USD,915912,2007-11-09,2007-11-09 06:08:37,2007,Q3,208124000.0,58635000.0,149489000.0,0.7182689166,0,6645000.0,0.0,6645000.0,126285000.0,132930000.0,132930000.0,0.0,26937000.0,49092000.0,113295000.0,0.5443629759,75194000.0,0.3612942284,-70402470.0,530.0,2.5466e-06,-95687470.0,126594000.0,0.608262382,1.6,1.58,78962615,80024714,https://www.sec.gov/Archives/edgar/data/915912/000095013307004516/0000950133-07-004516-index.htm,https://www.sec.gov/Archives/edgar/data/915912/000095013307004516/w42229e10vq.htm,2.6357283126958246,1.6032143818945206,1.169882735013272,-5.874032920515614,3.9382054406379527,39.55623810077719,39.55623810077719,39.26303605826631,39.02394823170433,9435242866.35,12255287866.35,18.632879256422104,45.334718083210014,102.13844210517767,-20.34207189794084,3.0433204356045453,3.0433204356045453,58.88454895326824,108.17148035085395,132.66600849074987,-26.42199574918774,0.0134171427056198,-0.049159200941632,0.9852221324821502,0.4605208226696251,24.89116907189196,0.4301120331950207,2.791476407914764,0.7173853955532776,0.0074037309891762,0.5518113022734095,0.0319280813361265,0.0,0.0,6.021044199313682,2.672474101977667,11.329870447323392,0.0,37.63388024005435,1736.269060561557,0.0190863478050187,-40.50352182485344,-412029000.0,3123464000.0,-3198264000.0,5769349000.0,0.0,100134000.0,0.0,0.0,149.8603223330775,0.0,0.0,0.6005592314152857,0.0,0.0408326645834354,7.0439156555288855,2007-10-31,0.64,bmo,79594936.0,2025-04-25,2007-09-30,1.46875,115.68507936507936,872341.3015873015
2007-06-30,AVB,USD,915912,2007-08-09,2007-08-09 13:50:29,2007,Q2,201936000.0,0.0,201936000.0,1.0,0,6642000.0,0.0,6642000.0,121466000.0,128108000.0,128108000.0,4682000.0,26595000.0,46632000.0,120460000.0,0.5965256319,73828000.0,0.3656009825,-68894530.0,470.0,2.3275e-06,-15129530.0,46702000.0,0.2312712939,0.62,0.61,79428056,80647514,https://www.sec.gov/Archives/edgar/data/915912/000095013307003340/0000950133-07-003340-index.htm,https://www.sec.gov/Archives/edgar/data/915912/000095013307003340/w38110e10vq.htm,2.542376210239868,0.5879786356599235,1.2851630159499308,-9.550403701180851,4.99502342094335,39.96918922452288,39.96918922452288,39.65591201174557,37.03063058725748,9442407297.28,11998895297.28,50.546054222945486,46.759405441724105,92.50188382687747,-12.447641347904607,2.99778756733143,2.99778756733143,59.41929768481102,99.60895979810724,117.54634002703814,-15.817782534611174,0.0049459844856992,-0.0803365048888026,0.92535507106501,0.4454777075904695,21.222712933753943,0.8300104602510461,2.776010528294792,1.999529881882823,0.0073905941358939,1.494261487730718,0.032891609222724,0.0,0.0,8.431278042281393,4.261983994929087,18.456167438668725,0.0,22.904773594419417,293.38496610069046,0.0071379116923768,-37.40982909112115,-81255000.0,3174675000.0,-2971390000.0,5908887000.0,0.0,80739000.0,0.0,0.0,0.0,0.0,0.0,0.0,0.0,0.0148270107994432,10.835566717130783,2007-07-31,0.64,bmo,194518032.0,2025-04-25,2007-06-30,-0.046875,124.85031746031746,969063.492063492
2007-03-31,AVB,USD,915912,2007-05-10,2007-05-10 15:20:05,2007,Q1,196706000.0,0.0,196706000.0,1.0,0,6780000.0,0.0,6780000.0,119538000.0,126318000.0,126318000.0,0.0,28664000.0,49633000.0,111475000.0,0.5667086922,70388000.0,0.357833518,1090000.0,114077000.0,0.5799365551,23868000.0,44345000.0,0.2254379633,0.57,0.56,77798246,79187500,https://www.sec.gov/Archives/edgar/data/915912/000095013307002242/0000950133-07-002242-index.htm,https://www.sec.gov/Archives/edgar/data/915912/000095013307002242/w34728e10vq.htm,2.528411758794665,0.5699999971721728,1.2749387691851048,-2.478423485280118,5.098803898483778,40.91553683613896,40.91553683613896,40.6333967992029,36.46060349483972,10113771980.0,12565243980.0,57.01754414251889,51.41567608512196,101.96568113078196,-52.45269856910957,3.199338727264618,3.199338727264618,63.87829542566063,112.7180442251626,126.68109025285317,-65.16668125735801,0.0043846153628628,-0.0190647960406162,0.8882388910311789,0.4370930234187192,21.99122673245122,0.8718197802197802,2.455623778956182,2.132158211521926,0.0059663199960733,1.3607396549780133,0.0344676827346395,0.0,0.0,2.943954913900875,1.4844742915823614,5.883283299417726,0.028158775024656,22.82812544569597,0.007054441082996,0.0069029672718872,-36.55884478423845,-58322000.0,3183157000.0,-2844214000.0,5696769000.0,0.0,59038000.0,0.0,0.0,0.0,0.0,0.0,0.0,0.0,0.0140278697345665,3.7533622544652223,2007-04-25,0.7,bmo,230249999.0,2025-04-25,2007-03-31,-0.1999999999999998,137.65819672131147,940692.262295082
2006-12-31,AVB,USD,915912,2007-03-01,2007-03-01 15:10:08,2006,Q4,193800000.0,0.0,193800000.0,1.0,0,6372000.0,0.0,6372000.0,115402000.0,121774000.0,121774000.0,0.0,111046000.0,43265000.0,115291000.0,0.5948968008,72026000.0,0.3716511868,477314000.0,278399000.0,1.4365273478,229122000.0,47102000.0,0.2430443756,0.63,0.62,77798246,79187500,https://www.sec.gov/Archives/edgar/data/915912/000095013307000888/0000950133-07-000888-index.htm,https://www.sec.gov/Archives/edgar/data/915912/000095013307000888/w30545e10vk.htm,2.4910587315811723,0.6054378141121588,1.3156209202968403,-2.981892419528327,1.870941923292204,33.95935173140022,33.95935173140022,33.82387309863001,10.071615239243313,10117661892.3,10644613892.3,53.70080831121821,52.20671771052632,98.85066282668804,-43.61324343839715,3.844917452852776,3.844917452852776,54.92576827812178,92.3282293700289,103.99904147704514,-45.884725338166966,0.0046554234072445,-0.0229288152212866,0.2555667281539599,0.1156866475629714,4.5706256342646,0.0180738396624472,0.6486140878554834,2.0770947906731334,0.0059571075453578,1.279605961530296,0.0328792569659442,0.0,0.0,3.266528582454838,1.7251754385964913,7.727701375245579,0.0520897832817337,21.465336367197605,0.0023877608938064,0.0081026136098174,-38.89100533191969,-465433000.0,2641978000.0,-3162641000.0,5012624000.0,0.0,56496500.0,0.0,0.0,0.0,0.0,0.0,0.0,0.0,0.017899718708934,4.297513339825168,2007-01-31,0.64,bmo,199856250.0,2025-04-25,2006-12-31,-0.03125,127.64492063492064,309592.0634920635
2006-09-30,AVB,USD,915912,2006-11-09,2006-11-09 16:26:31,2006,Q3,187667000.0,0.0,187667000.0,1.0,0,5633000.0,0.0,5633000.0,110980000.0,116613000.0,116613000.0,0.0,26937000.0,121525000.0,109094000.0,0.5813169071,71054000.0,0.3786174447,-21407000.0,45076000.0,0.2401914029,25978000.0,39938000.0,0.2128131211,0.54,0.53,73959259,75354717,https://www.sec.gov/Archives/edgar/data/915912/000095013306004846/0000950133-06-004846-index.htm,https://www.sec.gov/Archives/edgar/data/915912/000095013306004846/w26859e10vq.htm,2.53743753706348,0.5400000018929341,0.8732375212142134,-1.4896850169902325,2.5268235854012544,35.707050553332344,35.707050553332344,35.63341541861581,6.94925837480335,8904694783.6,9204837783.6,55.74074054534529,47.44944387452243,137.87772178248483,-80.82245483226838,3.378850962939128,3.378850962939128,49.04878206397502,84.37528904981026,142.52504929394277,-83.54666881716527,0.004485049849609,-0.0123727991444371,0.18479969613963,0.0871906033763409,2.7512328817350173,0.5913987341772152,2.6377844600363813,1.4327801934510604,0.006754189948292,1.5059341980069108,0.0300159324761412,0.0,0.0,2.7059333581072718,0.9312239232257136,1.4380580127545772,0.0,20.80735444149125,0.0058867592023223,0.0071499785794246,-37.29082791378426,-129118000.0,2640867000.0,-2758002000.0,5064876000.0,0.0,49117500.0,0.0,0.0,0.0,0.0,0.0,0.0,0.0,0.0151543150031816,2.3629225382044456,2006-10-25,0.58,bmo,186821052.0,2025-04-25,2006-09-30,-0.0172413793103448,117.21428571428572,288488.8888888889
2006-06-30,AVB,USD,915912,2006-08-09,2006-08-09 13:57:07,2006,Q2,180675000.0,0.0,180675000.0,1.0,0,6479000.0,0.0,6479000.0,109774000.0,116253000.0,116253000.0,0.0,0.0,3045000.0,103537000.0,0.5730565933,64422000.0,0.3565628892,0.0,0.0,0.0,32646000.0,64831000.0,0.3588266224,0.87,0.86,74518391,75384884,https://www.sec.gov/Archives/edgar/data/915912/000095013306003662/0000950133-06-003662-index.htm,https://www.sec.gov/Archives/edgar/data/915912/000095013306003662/w23977e10vq.htm,2.424569258345903,0.869999997718684,1.490826606817101,-3.726315024703097,0.5817221684241679,35.51513880647262,35.51513880647262,35.44155965471665,31.402328587583163,8243224412.42,10539926412.42,31.78735640519196,45.62459893410821,74.2004465805534,-29.68616428473165,3.1211944699301184,3.1211944699301184,58.33638529082607,101.79864601466144,94.87394829981815,-37.95723267665182,0.0078647622285182,-0.0336857261318305,0.8860312269977676,0.4438269567790245,22.182427537981592,0.1489656357388316,0.0,1.5877602938444169,0.0072893805862504,0.9268405546729188,0.0358599695585996,0.0,0.0,3.499495922372045,2.151780821917808,127.67586206896551,0.0,26.339486107778885,,0.0122962044138956,-34.65667958397008,-247651000.0,2646531000.0,-2582560000.0,4807592000.0,0.0,38754500.0,0.0,0.0,0.0,0.0,0.0,0.0,0.0,0.0245474523749663,5.217141631520198,2006-07-26,0.63,bmo,122079999.0,2025-04-25,2006-06-30,0.4285714285714286,106.25809523809524,340315.873015873
2006-03-31,AVB,USD,915912,2006-05-09,2006-05-09 17:24:38,2006,Q1,173807000.0,0.0,173807000.0,1.0,0,6283000.0,0.0,6283000.0,105233000.0,111516000.0,111516000.0,0.0,28664000.0,5156000.0,105404000.0,0.6064427785,62291000.0,0.3583917794,13166000.0,114077000.0,0.6563429551,-17323000.0,108939000.0,0.62678143,1.48,1.45,73607432,75130345,https://www.sec.gov/Archives/edgar/data/915912/000095013306002372/0000950133-06-002372-index.htm,https://www.sec.gov/Archives/edgar/data/915912/000095013306002372/w20885e10vq.htm,2.361269715264622,1.4800000086947742,1.0041377343526945,-2.1993838883008445,1.1634015434745777,35.73071262695321,35.73071262695321,35.655842469820165,31.62789322686872,8030570831.2,10244319831.2,18.429053945786173,46.20395514104725,108.65043336941226,-49.60480095372812,3.059807101524651,3.059807101524651,58.940778168888485,97.19099684262456,138.6015779738067,-63.27911885898537,0.0135655362850116,-0.0201593390311718,0.8761110063306452,0.4448022730455762,21.00251413608592,0.3481097560975609,2.173144013396595,0.6479132515756901,0.0067808380181939,0.4998577185397332,0.0361492920308157,0.0,0.0,3.1903209221777247,1.356694494468002,45.73370830100853,0.0296650882875833,34.45779391110885,0.0149186680987206,0.0210736070283658,-33.335913688715564,-160365000.0,2630046000.0,-2453771000.0,4768211000.0,0.0,47943500.0,0.0,0.0,0.0,0.0,0.0,0.0,0.0,0.041507924260869,3.203521622653539,2006-04-25,0.61,bmo,71071140.0,2025-04-25,2006-03-31,1.4426229508196722,101.41854838709678,334279.03225806454
2005-12-31,AVB,USD,915912,2006-03-14,2006-03-14 12:47:51,2005,Q4,174977000.0,0.0,174977000.0,1.0,0,6483000.0,0.0,6483000.0,107572000.0,114055000.0,114055000.0,0.0,127099000.0,43585000.0,104507000.0,0.5972613543,60922000.0,0.348171474,261456000.0,322378000.0,1.8424021443,225649000.0,94554000.0,0.5403795927,1.31,1.29,73619737,75102013,https://www.sec.gov/Archives/edgar/data/915912/000095013306001217/0000950133-06-001217-index.htm,https://www.sec.gov/Archives/edgar/data/915912/000095013306001217/w17856e10vk.htm,2.376767523632963,1.2843566664738288,1.2801186725239184,-2.424553622080992,0.7385519456555516,34.78859208638575,34.78859208638575,34.52420646381825,33.87220739460126,6570561527.25,8882753527.25,17.37251075377562,37.55100114443613,69.72009854682625,-36.81089961763635,2.585142690927161,2.585142690927161,50.76526359035759,84.99673253705494,94.25472217535706,-49.76471905235441,0.0143905508848608,-0.0271658669140727,0.931108490779462,0.458187126577426,22.124757193298056,0.0166376021798365,0.4793271386871651,0.9742889929597122,0.0082726567241734,0.5748672716119889,0.0370505837910125,0.0,0.0,2.894006918359118,1.5587020008343957,6.257588619938052,0.0476519771169925,31.586094746688552,0.0038097789606379,0.0183064669142275,-34.631487477332335,-360894000.0,2561127000.0,-2597827000.0,4584894000.0,0.0,40580000.0,0.0,0.0,0.0,0.0,0.0,0.0,0.0,0.0372016274384133,3.70467229460491,2006-01-24,0.86,bmo,154427374.0,2025-04-25,2005-12-31,0.4651162790697675,87.83555555555556,313560.31746031746
2005-09-30,AVB,USD,915912,2005-11-09,2005-11-09 11:17:22,2005,Q3,169992000.0,0.0,169992000.0,1.0,0,5857000.0,0.0,5857000.0,106417000.0,112274000.0,112274000.0,0.0,31787000.0,41005000.0,98723000.0,0.5807508589,57718000.0,0.3395336251,103941000.0,99128000.0,0.5831333239,62531000.0,96953000.0,0.5703386042,1.32,1.3,73449242,74579231,https://www.sec.gov/Archives/edgar/data/915912/000095013305005064/0000950133-05-005064-index.htm,https://www.sec.gov/Archives/edgar/data/915912/000095013305005064/w14352e10vq.htm,2.314414626634268,1.3200000076243128,0.9207446960446508,-0.8254816298853023,0.7947529261091626,34.177888452545226,34.177888452545226,33.91288912144253,33.09970169603656,6294600039.400001,8635587039.400002,16.23106051231009,37.02880158713352,93.07683266398531,-103.81817946924842,2.52706278409684,2.52706278409684,50.799961406419136,87.47289931829464,127.6924800289821,-142.42857679075064,0.0154025671834808,-0.0096322243860595,0.9632599133798712,0.467429142734577,23.71268093554693,0.2402222222222222,1.8157737439833896,0.6822290372044225,0.0086075365648115,0.5588377873815148,0.0344545625676502,0.0,0.0,1.8965369373632224,0.7545002117746717,3.1278868430679188,0.0,31.736616277172637,0.0044872889492905,0.0188878029090017,-34.91372994700204,-184626000.0,2510340000.0,-2564387000.0,4707654000.0,0.0,19309500.0,0.0,0.0,0.0,0.0,0.0,0.0,0.0,0.0389232543089258,1.746226325929953,2005-10-25,1.1,bmo,144523076.0,2025-04-25,2005-09-30,0.1818181818181817,83.811875,352757.8125
2005-06-30,AVB,USD,915912,2005-08-08,2005-08-08 17:17:13,2005,Q2,171877000.0,0.0,171877000.0,1.0,0,6262000.0,0.0,6262000.0,104493000.0,110755000.0,110755000.0,0.0,0.0,42122000.0,103244000.0,0.6006853738,61122000.0,0.355614771,9234000.0,70356000.0,0.4093392368,4211000.0,54736000.0,0.3184602943,0.75,0.74,72981333,73967568,https://www.sec.gov/Archives/edgar/data/915912/000095013305003572/0000950133-05-003572-index.htm,https://www.sec.gov/Archives/edgar/data/915912/000095013305003572/w11497e10vq.htm,2.355081675474467,0.7500000034255335,1.0542695897319387,-2.01850245733385,0.2387185775299555,33.606730641656,33.606730641656,33.3296597912236,33.42291651482989,5896891706.4,8318718706.4,26.93333321031862,34.3087888804203,76.64073856151386,-40.029676310984094,2.424267169425964,2.424267169425964,48.3992547368176,80.57338640889543,108.11674646356995,-56.469684999966056,0.009282178260217,-0.024981466056112,1.0027980100664229,0.476908936701347,23.457314710782224,0.0716954732510288,0.0,1.351970620793871,0.0091404086565641,0.984726688102894,0.0364330305974621,0.0,0.0,2.914598008889813,1.304741181193528,5.323939983856417,0.0,23.715775583897003,0.0121455624684161,0.0107016903806396,-36.23693746454316,-225578000.0,2452664000.0,-2644620000.0,4689577000.0,0.0,20855000.0,0.0,0.0,0.0,0.0,0.0,0.0,0.0,0.0225024800170034,3.0727720470657887,2005-07-21,0.41,bmo,124506021.0,2025-04-25,2005-06-30,0.8048780487804879,74.22703125,306312.5
2005-03-31,AVB,USD,915912,2005-05-06,2005-05-06 17:18:04,2005,Q1,168711000.0,0.0,168711000.0,1.0,0,7159000.0,0.0,7159000.0,104389000.0,111548000.0,111548000.0,0.0,0.0,43689000.0,92314000.0,0.5471723835,57163000.0,0.3388220092,-53440000.0,0.0,0.0,-12447000.0,67435000.0,0.3997071916,0.93,0.92,72510753,73298913,https://www.sec.gov/Archives/edgar/data/915912/000095013305001991/0000950133-05-001991-index.htm,https://www.sec.gov/Archives/edgar/data/915912/000095013305001991/w08520e10vq.htm,2.326703185664063,0.9299999960005932,0.9354060907352596,-2.849011925169223,0.2359925844377867,33.55822273697806,33.55822273697806,33.27318915030437,33.20053785677829,4850244268.17,7240528268.17,17.98118287302588,28.748832430428365,71.50904902428236,-23.478315204323664,2.0103272847648905,2.0103272847648905,42.91675272015458,78.43369660257383,106.74994129432233,-35.04883373431631,0.0139034234713797,-0.0425924940225627,0.9978165214882802,0.4752750544936507,25.89297398011136,0.0695609756097561,0.0,0.9743858640999856,0.0109178006451167,0.7852598798843331,0.0424335105594774,0.0,0.0,4.045748743125894,1.6265151649862784,6.281008949621186,0.0153102050251613,26.386388157077807,,0.013313211993282,-36.06120322595464,-228888000.0,2433332000.0,-2614825000.0,4642018000.0,0.0,22202000.0,0.0,0.0,0.0,0.0,0.0,0.0,0.0,0.0279504315561553,3.784418015904482,2005-05-06,,amc,,2025-04-25,2005-03-31,,68.91540983606558,381336.0655737705
2004-12-31,AVB,USD,915912,2005-03-15,2005-03-15 16:01:34,2004,Q4,161413000.0,0.0,161413000.0,1.0,0,6303000.0,0.0,6303000.0,100432000.0,106735000.0,106735000.0,0.0,131314000.0,41613000.0,96291000.0,0.5965504637,54678000.0,0.3387459498,165067000.0,219745000.0,1.3613835317,105677000.0,111894000.0,0.6932155403,1.57,1.56,72510753,73298913,https://www.sec.gov/Archives/edgar/data/915912/000095013305001041/0000950133-05-001041-index.htm,https://www.sec.gov/Archives/edgar/data/915912/000095013305001041/w06189e10vk.htm,2.22605604440489,1.5431366434713485,1.1040293568596646,-3.691011180093524,0.2021355370561384,33.192539043140265,33.192539043140265,32.89568651976349,35.49273581533487,5460059700.9,7887693700.9,12.199178912408172,33.826641601977535,68.20470808329378,-20.400913550766333,2.289053914553822,2.289053914553822,48.86653306053415,81.91517068988794,98.52966373822667,-29.4715014344002,0.0204931825162197,-0.049017412750246,1.023896455401039,0.4818775833463061,25.21143201337612,0.0064571428571428,0.4163912454117611,0.7018032944971903,0.0096394550395345,0.4703737465815861,0.0390488994071109,0.0,0.0,4.3432183276288505,2.154052028027482,8.355369716194458,0.0305551597454975,33.79581532997619,0.0058845720040011,0.022077307868289,-36.50228263385984,-243418000.0,2406816000.0,-2659883000.0,4634407000.0,0.0,24890500.0,0.0,0.0,0.0,0.0,0.0,0.0,0.0,0.0469099996604187,4.795040536953188,2005-04-21,0.47,bmo,134929527.0,2025-04-25,2004-12-31,0.9574468085106383,69.005625,295360.9375
2004-09-30,AVB,USD,915912,2004-11-04,2004-11-04 16:09:18,2004,Q3,167573000.0,0.0,167573000.0,1.0,0,3729000.0,0.0,3729000.0,107983000.0,111712000.0,111712000.0,0.0,33240000.0,43792000.0,99653000.0,0.5946841078,55861000.0,0.3333532252,-64751000.0,45366000.0,0.270723804,-54256000.0,43191000.0,0.257744386,0.6,0.6,71985000,71985000,https://www.sec.gov/Archives/edgar/data/915912/000095013304004069/0000950133-04-004069-index.htm,https://www.sec.gov/Archives/edgar/data/915912/000095013304004069/w68272e10vq.htm,2.3278877543932763,0.6,0.8295478224630132,-2.393970966173508,0.6500382024032785,32.335375425435856,32.335375425435856,32.016197818990065,32.89500590400778,4334936700.0,6622850700.0,25.09166666666667,25.86894487775477,72.5937653855815,-25.15485812104683,1.880922910973556,1.880922910973556,39.522182571177936,66.45912014690978,110.9076563677468,-38.43121162885162,0.0099634672866157,-0.039753752344296,1.0130260694949331,0.4577890972520971,22.958807060499936,0.1799730769230769,1.6805354993983153,1.3163231566185385,0.012094755616616,1.2139103053876965,0.022252988249897,0.0,0.0,3.885874570878338,1.384739785048904,5.298798867373036,0.0,20.789869421339947,0.0260438945291343,0.0084688866309199,-37.8621518371883,-213207000.0,2327662000.0,-2725507000.0,4684861000.0,0.0,26661500.0,0.0,0.0,0.0,0.0,0.0,0.0,0.0,0.018740513892131,3.2235187886365213,2004-10-21,0.27,bmo,138247722.0,2025-04-25,2004-09-30,1.222222222222222,59.29859375,324575.0
2004-06-30,AVB,USD,915912,2004-08-06,2004-08-06 13:59:41,2004,Q2,162258000.0,0.0,162258000.0,1.0,0,4071000.0,0.0,4071000.0,103194000.0,107265000.0,107265000.0,0.0,0.0,41436000.0,96429000.0,0.5942942721,54993000.0,0.3389231964,-52759000.0,0.0,0.0,19959000.0,32859000.0,0.2025108161,0.46,0.46,71432609,71432609,https://www.sec.gov/Archives/edgar/data/915912/000095013304003068/0000950133-04-003068-index.htm,https://www.sec.gov/Archives/edgar/data/915912/000095013304003068/w99702e10vq.htm,2.2714836021179066,0.4599999980401107,1.1926205859287595,-2.958298779203207,0.206754313005703,32.54533234254401,32.54533234254401,32.213985072279804,32.35547507441594,4037371060.68,6333838060.68,30.71739143522323,24.88241603298451,47.39143418020472,-19.10557527094109,1.754517482800834,1.754517482800834,39.03559800244056,65.68395462651277,74.34780332284721,-29.972875419058397,0.0081387119256919,-0.0523407427318331,1.0043921918327916,0.461794364446224,23.81510748841116,0.0559431818181818,0.0,2.431694924930068,0.0129297008413211,1.5886667275327917,0.0250896720038457,0.0,0.0,3.4805028641186966,1.8274045039381728,7.155878945844194,0.0,18.25964797244293,,0.0065653620060169,-37.31259486826248,-249231000.0,2324798000.0,-2665336000.0,4596955000.0,0.0,26096500.0,0.0,0.0,0.0,0.0,0.0,0.0,0.0,0.0142795123611062,4.150919365131967,2004-07-19,0.25,bmo,144571872.0,2025-04-25,2004-06-30,0.8400000000000001,52.68096774193548,392804.8387096774
2004-03-31,AVB,USD,915912,2004-05-07,2004-05-07 16:04:56,2004,Q1,156879000.0,0.0,156879000.0,1.0,0,3971000.0,0.0,3971000.0,101103000.0,105074000.0,105074000.0,0.0,0.0,40758000.0,92563000.0,0.5900279834,51805000.0,0.3302226557,0.0,0.0,0.0,26528000.0,23102000.0,0.1472599902,0.33,0.32,70006061,72193750,https://www.sec.gov/Archives/edgar/data/915912/000095013304001858/0000950133-04-001858-index.htm,https://www.sec.gov/Archives/edgar/data/915912/000095013304001858/w97032e10vq.htm,2.2409345385108868,0.3299999981430179,0.7244658430360765,-0.7889459742635713,0.1948545569504332,33.19891116284917,33.19891116284917,32.859640538838484,30.28409211596693,3750924748.38,5857353748.38,40.59090931932299,23.909667631614173,73.95793813474772,-67.91339552751172,1.6305717019841122,1.6305717019841122,37.33676112405102,63.27964465693636,115.49093496026974,-106.05192280386017,0.0061590145230126,-0.0147246355778942,0.9216197018397878,0.4288397335213154,22.756706243315364,0.0492454873646209,0.0,2.0064485500652767,0.0138181924397138,2.243571985109514,0.025312501991981,0.0,0.0,2.0890036871266044,0.6753485170099248,2.5994406006182835,0.0067695485055361,15.61994973192715,,0.0046729851013454,-37.224905426403005,-263359000.0,2324125000.0,-2605969000.0,4501983000.0,0.0,26279000.0,0.0,0.0,0.0,0.0,0.0,0.0,0.0,0.0100427147933336,1.5134118172996478,2004-04-20,0.3,bmo,142687500.0,2025-04-25,2004-03-31,0.0666666666666667,50.60354838709677,266264.51612903224
2003-12-31,AVB,USD,915912,2004-03-05,2004-03-05 14:00:33,2003,Q4,155233000.0,0.0,155233000.0,1.0,0,3098000.0,0.0,3098000.0,233057000.0,236155000.0,236155000.0,0.0,134911000.0,40490000.0,-40432000.0,-0.2604600826,-80922000.0,-0.5212937971,352447000.0,271525000.0,1.7491448339,171243000.0,98108000.0,0.6320047928,1.43,1.39,70006061,72193750,https://www.sec.gov/Archives/edgar/data/915912/000095013304000742/0000950133-04-000742-index.htm,https://www.sec.gov/Archives/edgar/data/915912/000095013304000742/w94643e10vk.htm,2.2174222886215524,1.4014215140600468,1.0752640403521632,-1.248077648591027,0.2717050456531185,33.36976779767684,33.36976779767684,33.01619841173466,35.3216273659505,3346289715.8,5665085715.799999,8.527056192665226,21.556561528798643,44.45419748654932,-38.29889915420095,1.4477741926523815,1.4477741926523815,36.4940812572069,-140.11391263850413,75.25852827366323,-64.8379443970105,0.0293184417167373,-0.0261104110583896,1.01145788535971,0.4761743464107535,-57.35051444400475,0.024066889632107,-0.5998176575668404,0.7506257291864025,0.0154385915110907,0.5265829494026991,0.019957096751335,0.0,0.0,2.160717369644636,1.0477669052327792,4.016991849839466,0.0269530318939916,32.26555814255043,-0.0064822238130398,0.0199829639264605,-36.48934054438515,-291804000.0,2336086000.0,-2566300000.0,4444585000.0,0.0,28495500.0,0.0,0.0,0.0,0.0,0.0,0.0,0.0,0.0424464832862753,2.32334168894319,2004-01-21,0.29,bmo,375770917.0,2025-04-25,2003-12-31,3.6896551724137936,47.5134375,252885.9375
2003-09-30,AVB,USD,915912,2003-11-07,2003-11-07 17:13:55,2003,Q3,153573000.0,0.0,153573000.0,1.0,0,3382000.0,0.0,3382000.0,99343000.0,102725000.0,102725000.0,0.0,0.0,39245000.0,90093000.0,0.5866460901,50848000.0,0.3310998678,0.0,0.0,0.0,-6539000.0,55212000.0,0.3595163212,0.8,0.79,69015000,69888608,https://www.sec.gov/Archives/edgar/data/915912/000095013303003760/0000950133-03-003760-index.htm,https://www.sec.gov/Archives/edgar/data/915912/000095013303003760/w91401e10vq.htm,2.225211910454249,0.8,0.5050930957038325,-1.892965297399116,0.3977830906324712,33.06398608998044,33.06398608998044,32.614576541331594,33.15341592407448,3229902000.0,5490532000.0,14.624999999999998,21.031704791857944,92.6561863507272,-24.723115666357938,1.43494121227334,1.43494121227334,35.751935561589605,60.9429367431432,157.50687053558622,-42.02698958229679,0.017094017094017,-0.040447976440152,1.0165214281430277,0.4607623164871208,25.092182522504523,0.098751798561151,0.0,0.6074478095702784,0.0153125388943689,0.8957835253205825,0.0220221002389742,0.0,0.0,4.7477552425485525,1.0776764144738984,4.217148681360683,0.0,24.22937014748771,,0.0111183069049011,-38.49163225385786,-250547000.0,2281911000.0,-2656500000.0,4530364000.0,0.0,28800000.0,0.0,0.0,0.0,0.0,0.0,0.0,0.0,0.02452890961151,2.3980583931029487,2003-10-21,0.41,bmo,140796702.0,2025-04-25,2003-09-30,0.9268292682926832,45.83390625,298670.3125
2003-06-30,AVB,USD,915912,2003-08-08,2003-08-08 11:31:22,2003,Q2,154712000.0,0.0,154712000.0,1.0,0,3623000.0,0.0,3623000.0,96872000.0,100495000.0,100495000.0,0.0,0.0,39112000.0,93329000.0,0.6032434459,54217000.0,0.3504382336,-52160000.0,0.0,0.0,-22251000.0,73762000.0,0.4767697399,1.1,1.08,67056364,68298148,https://www.sec.gov/Archives/edgar/data/915912/000095013303002748/0000950133-03-002748-index.htm,https://www.sec.gov/Archives/edgar/data/915912/000095013303002748/w89041e10vq.htm,2.3071933933071587,1.099999994034869,1.113197846516104,-2.098577847137671,0.7704115898678908,31.916359198956865,31.916359198956865,31.343139929269057,35.81387144701135,2859283360.96,5209170360.96,9.690909143461402,18.48132892703863,38.30406260077432,-20.318521925769065,1.3604252827324947,1.3604252827324947,33.670111956150784,55.81513099851065,69.78405509879835,-37.01719236343739,0.0257973732184537,-0.0492161784037915,1.1426382783547289,0.4866580543185859,25.17852971745117,0.1892344322344322,0.0,0.9761861170685776,0.0173770815017501,0.673598872047938,0.0234177051553854,0.0,0.0,2.885179578549707,1.3920704276332798,5.5064941705870325,0.0,27.85215806796083,,0.014947388685401,-40.90467833895677,-221339000.0,2140195000.0,-2742919000.0,4535515000.0,0.0,28407500.0,0.0,0.0,0.0,0.0,0.0,0.0,0.0,0.0350953987544706,3.2117756936537747,2003-07-17,0.6,bmo,114873656.0,2025-04-25,2003-06-30,0.8000000000000002,41.23285714285714,248925.39682539683
2003-03-31,AVB,USD,915912,2003-05-14,2003-05-14 17:11:31,2003,Q1,153956000.0,0.0,153956000.0,1.0,0,3631000.0,0.0,3631000.0,96420000.0,100051000.0,100051000.0,0.0,0.0,39133000.0,93038000.0,0.6043155187,53905000.0,0.3501325054,-51467000.0,0.0,0.0,16517000.0,33700000.0,0.2188937099,0.5,0.49,67400000,68775510,https://www.sec.gov/Archives/edgar/data/915912/000095013303001851/0000950133-03-001851-index.htm,https://www.sec.gov/Archives/edgar/data/915912/000095013303001851/w86470e10vq.htm,2.284213649851632,0.5,0.8165281899109792,-1.904347181008902,0.8568545994065282,33.05587537091988,33.05587537091988,31.92172106824926,35.332255192878335,2487060000.0,4810702000.0,18.45,16.154355789965965,45.191336264854456,-19.376718892429476,1.1559527107296967,1.1559527107296967,31.24725246174232,51.70685096412219,87.41327179561725,-37.480245884396936,0.013550135501355,-0.0516083246885881,1.1068405465149354,0.4758762087274166,24.97519293192029,0.1944511784511784,0.0,1.4719696159195463,0.0207514092945083,1.531454005934718,0.0235846605523656,0.0,0.0,3.3322491550677764,1.1911650081841565,4.686249456980042,0.0055730208631037,18.950444902898827,,0.0067343027798482,-40.3340059347181,-239248000.0,2227966000.0,-2718512000.0,4567384000.0,0.0,29531000.0,0.0,0.0,0.0,0.0,0.0,0.0,0.0,0.015663315863546,2.7208753709198814,2003-04-29,0.64,bmo,193306122.0,2025-04-25,2003-03-31,-0.234375,36.99950819672132,270655.737704918
2002-12-31,AVB,USD,915912,2003-03-11,2003-03-11 17:12:25,2002,Q4,161347000.0,0.0,161347000.0,1.0,0,4112000.0,0.0,4112000.0,220635000.0,224747000.0,224747000.0,0.0,121380000.0,39519000.0,-23881000.0,-0.1480101892,-63400000.0,-0.3929419202,237018000.0,173618000.0,1.0760534748,106778000.0,63033000.0,0.3906673195,0.99,0.97,67400000,68775510,https://www.sec.gov/Archives/edgar/data/915912/000095013303000741/0000950133-03-000741-index.htm,https://www.sec.gov/Archives/edgar/data/915912/000095013303000741/w83864e10vk.htm,2.393872403560831,0.9352077151335312,1.305,-0.7035608308605341,0.3500890207715133,33.70894658753709,33.70894658753709,32.559940652818995,38.46502967359051,2638036000.0,5085603000.0,10.46291625021814,16.35007778266717,29.99233716475096,-55.63129481231548,1.202090643141615,1.202090643141615,31.51966259056568,-212.95603199196017,57.81919574337461,-107.24595107549555,0.0238939119860381,-0.0179754938901516,1.1260505618489525,0.4991406500115637,-102.49013860391106,0.0410984615384615,-0.5223265776898995,1.31589419825858,0.0198511316752311,0.8308029127599829,0.0254854444148326,0.0,0.0,1.539127073456348,0.8390425604442598,3.4256180571370733,0.0253924770835528,26.175024800621298,-0.005276437670893,0.0127317917078634,-39.39548961424333,-311643000.0,2271983000.0,-2665495000.0,4473788000.0,0.0,34313500.0,0.0,0.0,0.0,0.0,0.0,0.0,0.0,0.0287226480264656,2.0085608308605343,2003-01-21,0.35,bmo,145212300.0,2025-04-25,2002-12-31,1.6000000000000003,38.82,295687.5
2002-09-30,AVB,USD,915912,2002-11-14,2002-11-14 17:53:03,2002,Q3,160358000.0,0.0,160358000.0,1.0,0,3042000.0,0.0,3042000.0,43593000.0,101062000.0,101062000.0,0.0,31817000.0,37756000.0,97052000.0,0.6052208184,59296000.0,0.3697726337,-30585000.0,28711000.0,0.179043141,31680000.0,28711000.0,0.179043141,0.42,0.4,69154045,71049699,https://www.sec.gov/Archives/edgar/data/915912/000095013302003818/0000950133-02-003818-index.htm,https://www.sec.gov/Archives/edgar/data/915912/000095013302003818/w65686e10vq.htm,2.3188520642574124,0.415174557034227,0.9752430244680552,-9.50016734379023,0.2048904008435081,33.23163525720007,33.23163525720007,32.158943124729724,31.44812425650589,2890639081.0,5019418081.0,25.17013584514645,18.026160721635343,42.86111148839002,-4.399922494767686,1.2997939589580745,1.2997939589580745,31.30132628867908,51.71885258418168,74.4257003202752,-7.640196477795959,0.0099324056706752,-0.2272767307126849,0.9635899836370088,0.4355753575849473,21.934416601409552,0.0506035714285714,1.86365779300374,2.3491588003761885,0.0182502894763844,1.8374490613353769,0.0189700545030494,0.0,0.0,10.741333293793184,4.517498347447586,19.18680474626549,0.0,17.33235231427684,-0.0013603409855415,0.0058357944717377,-37.70623974345969,-265831000.0,2298102000.0,-2607539000.0,4492718000.0,0.0,41313000.0,0.0,0.0,0.0,0.0,0.0,0.0,0.0,0.0129100808886646,10.475410368258284,2002-10-22,0.51,bmo,,2025-04-25,2002-09-30,-0.2076470588235294,44.09671875,202500.0
2002-06-30,AVB,USD,915912,2002-08-14,2002-08-14 18:06:11,2002,Q2,160785000.0,0.0,160785000.0,1.0,0,3483000.0,0.0,3483000.0,39796000.0,95477000.0,95477000.0,0.0,28550000.0,36376000.0,101684000.0,0.6324221787,65308000.0,0.4061821687,-27962000.0,37346000.0,0.232272911,0.0,32315000.0,0.2009826787,0.47,0.46,68755319,70250000,https://www.sec.gov/Archives/edgar/data/915912/000095013302002994/0000950133-02-002994-index.htm,https://www.sec.gov/Archives/edgar/data/915912/000095013302002994/w63046e10vq.htm,2.338509984951128,0.4700000010181031,1.3048735909435605,-0.0806773945736474,0.3214587659756185,34.664721721384204,34.664721721384204,33.564137779653095,33.481773242881765,3173057971.85,5424455971.85,24.547872287250502,19.73478851789657,35.36741054482428,-572.0313632323779,1.3749794588191857,1.3749794588191857,33.73732606804118,53.34620954968334,60.4618519550364,-977.9080533351362,0.0101841820372286,-0.0017481558954203,0.9851744996019868,0.4667230662196581,22.14112348058692,0.076477508650519,2.287495621716287,2.402318856102394,0.0168039791497766,1.6500077363453505,0.0216624685138539,0.0,0.0,1.061827747249685,0.592493080822216,2.618869584341324,0.0,18.83987149076914,0.014104324227548,0.0066338930657084,-35.86211271887198,-266898000.0,2383384000.0,-2465711000.0,4435819000.0,0.0,44603500.0,0.0,0.0,0.0,0.0,0.0,0.0,0.0,0.0140030411060647,1.3855509855172077,2002-07-24,0.55,bmo,,2025-04-25,2002-06-30,-0.1636363636363636,47.79078125,228753.125
2002-03-31,AVB,USD,915912,2002-05-15,2002-05-15 16:16:19,2002,Q1,160104000.0,0.0,160104000.0,1.0,0,3694000.0,0.0,3694000.0,0.0,93087000.0,93087000.0,0.0,0.0,34923000.0,101940000.0,0.6367111378,67017000.0,0.4185841703,0.0,0.0,0.0,26296000.0,35690000.0,0.2229176036,0.52,0.51,68634615,69980392,https://www.sec.gov/Archives/edgar/data/915912/000095013302002015/0000950133-02-002015-index.htm,https://www.sec.gov/Archives/edgar/data/915912/000095013302002015/w60632e10-q.htm,2.332700489395912,0.5200000029139815,0.9178021906293202,-0.8782886011672099,0.1876895499450241,34.72373233243896,34.72373233243896,33.677627535318734,29.99834704398065,3422808250.05,5468851250.049999,23.97596140410479,21.37865543677859,54.33632705300589,-56.78088037773095,1.4808050224945282,1.4808050224945282,34.158117536413826,53.64774622375906,86.81680901131871,-90.72263648662098,0.0104271105456984,-0.0176115620847645,0.8907500094096739,0.4437883533106437,20.071051598979796,0.0478884758364312,0.0,1.5469413815967192,0.0143177754696846,1.3731297282151864,0.0230725028731324,0.0,0.0,1.956947597352087,0.7699620246839555,3.529880021762162,0.0,19.85014469396354,,0.0076927553600334,-32.68464462137655,-256118000.0,2383250000.0,-2243298000.0,4224054000.0,0.0,44548000.0,0.0,0.0,0.0,0.0,0.0,0.0,0.0,0.0154405176661759,1.79609079179653,2002-04-30,0.54,bmo,,2025-04-25,2002-03-31,-0.0555555555555556,47.116,236708.3333333333
2001-12-31,AVB,USD,915912,2002-03-26,2002-03-26 00:00:00,2001,Q4,160272000.0,0.0,160272000.0,1.0,0,4255000.0,0.0,4255000.0,0.0,91049000.0,91049000.0,0.0,0.0,36125000.0,105348000.0,0.6573075771,69223000.0,0.4319095038,-69223000.0,0.0,0.0,7011000.0,56486000.0,0.3524383548,0.91,0.89,68634615,69980392,https://www.sec.gov/Archives/edgar/data/915912/000095013302001204/0000950133-02-001204-index.htm,https://www.sec.gov/Archives/edgar/data/915912/000095013302001204/w57832e10-k.txt,2.3351482338758656,0.8229958017539691,1.0689795520817011,-0.9858582291166054,1.7913847116356667,34.527009439770296,34.527009439770296,33.7228525285674,30.345751921242652,3247103635.65,5206921635.65,14.371276226188792,20.25995579795597,44.25716086698742,-47.98864441431189,1.402906232796369,1.402906232796369,32.488030570842064,49.42591824856665,70.9689601282558,-76.95261343772168,0.0173958106479384,-0.0208382631392222,0.8998572079730229,0.4465351525173504,18.6032767589323,0.4604906367041198,0.0,1.1793383913071434,0.0156496390943887,0.8996211450624934,0.0265486173505041,0.0,0.0,1.922242363941174,0.8799603174603174,3.9040276816609,0.0,24.989192388291222,,0.0121103130616477,-31.639865685849625,-144049000.0,2369748000.0,-2171590000.0,4246794000.0,0.0,40236000.0,0.0,0.0,0.0,0.0,0.0,0.0,0.0,0.0244046911825383,2.0548377811983065,2002-01-22,0.74,bmo,280692583.0,2025-04-25,2001-12-31,-0.945945945945946,47.22046875,206975.0
2001-09-30,AVB,USD,915912,2001-11-14,2001-11-14 00:00:00,2001,Q3,163269000.0,0.0,163269000.0,1.0,0,3421000.0,0.0,3421000.0,38784000.0,91162000.0,91162000.0,0.0,26701000.0,33008000.0,105115000.0,0.6438148087,72107000.0,0.4416453828,14561000.0,86668000.0,0.53082949,0.0,79229000.0,0.4852666458,1.16,1.14,68100249,70115873,https://www.sec.gov/Archives/edgar/data/915912/000110465901503410/0001104659-01-503410-index.htm,https://www.sec.gov/Archives/edgar/data/915912/000110465901503410/j2052_10q.htm,2.3974802206670347,1.1634171851559605,0.9352976080895092,-0.9123755186269584,4.105711860172494,35.9585175672412,35.9585175672412,35.24330726015407,30.92740527277661,3262001927.1,5061864927.1,10.292954369927678,19.97930977160392,51.21364535278048,-52.50031266959586,1.3591232981178112,1.3591232981178112,31.00322123060716,48.15549566760215,79.47161313624518,-81.46822022274799,0.0242884589802914,-0.0190475056080784,0.8664147581870256,0.4396822221865123,17.122798839366407,1.1184,2.7005355604659003,0.7349194627774958,0.0156048344352923,0.6424793951709601,0.02095315093496,0.0,0.0,1.975492197067228,0.7706729385247659,3.812015269025691,0.0,30.373673796305724,0.0165399491600769,0.016752201304671,-29.38438595136414,29600000.0,2448784000.0,-2001084000.0,4346435000.0,0.0,33281500.0,0.0,0.0,0.0,0.0,0.0,0.0,0.0,0.0330110104754928,1.847673126716468,2001-10-23,0.74,bmo,3976266666.0,2025-04-25,2001-09-30,-1.0405405405405406,48.47457627118644,339027.1525423729
2001-06-30,AVB,USD,915912,2001-08-14,2001-08-14 00:00:00,2001,Q2,162359000.0,0.0,162359000.0,1.0,0,3743000.0,0.0,3743000.0,37088000.0,89647000.0,89647000.0,0.0,25313000.0,32989000.0,105701000.0,0.6510325883,72712000.0,0.447847055,-60098000.0,48518000.0,0.2988316016,-35904000.0,39131000.0,0.241015281,0.58,0.57,67467241,68650877,https://www.sec.gov/Archives/edgar/data/915912/000110465901501957/0001104659-01-501957-index.htm,https://www.sec.gov/Archives/edgar/data/915912/000110465901501957/j1234_10q.htm,2.406486430948021,0.5800000032608418,1.5947443293256944,-0.1220147715837379,0.3360593921426252,35.47524642366805,35.47524642366805,34.747248668431546,26.637431342419944,3154093516.75,4903261516.75,20.15086195567453,19.42666262264488,29.31504388528994,-383.15033002308064,1.345430265460792,1.345430265460792,30.20012143921803,46.38803338426316,45.572309692545055,-595.6342950376579,0.01240641718205,-0.0026099416381548,0.7558078079564015,0.3944925061962255,16.54826349798015,0.0878798449612403,2.8725160984474383,2.2175893482831115,0.0169646206480063,1.3674069152334467,0.023053849801982,0.0,0.0,1.076510553660554,0.713388232250753,3.511018824456637,0.0,21.294402965859373,0.0307507269249656,0.0087123428456416,-30.76091402640876,-235327000.0,2393417000.0,-2075354000.0,4101328000.0,0.0,26582500.0,0.0,0.0,0.0,0.0,0.0,0.0,0.0,0.0166919691626629,1.7167591009094323,2001-08-14,,amc,,2025-04-25,2001-06-30,,45.38349206349206,244674.6031746032
2001-03-31,AVB,USD,915912,2001-05-15,2001-05-15 00:00:00,2001,Q1,155757000.0,0.0,155757000.0,1.0,0,3805000.0,0.0,3805000.0,35995000.0,87532000.0,87532000.0,0.0,23124000.0,31563000.0,99788000.0,0.640664625,68225000.0,0.4380220472,-16626000.0,51599000.0,0.331278851,16626000.0,41654000.0,0.2674293932,0.62,0.61,67183871,68285246,https://www.sec.gov/Archives/edgar/data/915912/000110465901500839/0001104659-01-500839-index.htm,https://www.sec.gov/Archives/edgar/data/915912/000110465901500839/j0631_10q.htm,2.318368943045869,0.6199999997023095,0.9536068560265007,-0.5634090360765309,0.9726292788339036,37.11710806303495,37.11710806303495,36.381916725221146,26.721711227386702,3077693130.51,4784492130.51,18.47177420241754,19.75958146670776,48.03866468712442,-81.30860008744585,1.2591420167877796,1.2591420167877796,30.71767002773551,47.946568029322165,74.67950942778654,-126.39998231295571,0.0135341628400416,-0.0122988220055998,0.725017367091632,0.3987025670804182,17.10425101214575,0.2866008771929824,2.95039785504238,1.2416325897788716,0.015591872862272,1.1520382196187642,0.0244290786288898,0.0,0.0,1.5908189863736402,0.654346193108496,3.2290656781674745,0.0027863916228484,22.52837628576786,0.0112713701599667,0.0093714487813449,-28.06865653811463,-162655000.0,2493671000.0,-1885761000.0,4090336000.0,0.0,38122000.0,0.0,0.0,0.0,0.0,0.0,0.0,0.0,0.0170414330939443,1.5170158921030317,2001-07-24,0.62,bmo,1964160000.0,2025-04-25,2001-03-31,-1.0806451612903227,47.564516129032256,256182.2580645161
2000-12-31,AVB,USD,915912,2001-03-29,2001-03-29 00:00:00,2000,Q4,151998000.0,0.0,151998000.0,1.0,0,3422000.0,0.0,3422000.0,0.0,84850000.0,84850000.0,0.0,0.0,32406000.0,99554000.0,0.6549691443,67148000.0,0.4417689706,0.0,0.0,0.0,12867000.0,44336000.0,0.2916880485,0.81,0.79,67183871,68285246,https://www.sec.gov/Archives/edgar/data/915912/000091205701008663/0000912057-01-008663-index.htm,https://www.sec.gov/Archives/edgar/data/915912/000091205701008663/a2042133z10-k405.txt,2.2624180139902923,0.659920295453056,1.4219930852153488,-0.556457962953638,1.1009636524218738,37.09214671479707,37.09214671479707,36.35534784829532,25.74909683307769,3367927453.23,5023884453.23,18.99092979311395,22.15770900426321,35.253335983984925,-90.087667600107,1.378889295989794,1.378889295989794,33.05230630159607,50.46391358689756,52.58684726257392,-134.38235798395078,0.0131641790435478,-0.0111002984830169,0.7082615999308903,0.3934126636685637,16.633756554231873,0.3287422222222222,0.0,1.7600081059670971,0.0140510746318526,1.067371887405269,0.0225134541243963,0.0,0.0,1.3913225519443135,0.874485190594613,4.101709559958032,0.0,23.23384853183556,,0.0100827226262017,-27.25749458527033,-151033000.0,2491994000.0,-1831264000.0,4048926000.0,0.0,36734500.0,0.0,0.0,0.0,0.0,0.0,0.0,0.0,0.0181519455736413,1.9784510481689868,2001-03-29,,amc,,2025-04-25,2000-12-31,,46.63444444444444,178287.3015873016
2000-09-30,AVB,USD,915912,2000-11-14,2000-11-14 00:00:00,2000,Q3,146351000.0,0.0,146351000.0,1.0,0,3359000.0,0.0,3359000.0,0.0,82506000.0,82506000.0,0.0,0.0,31163000.0,95008000.0,0.6491790285,63845000.0,0.436245738,-163651000.0,78366000.0,0.5354661055,5351000.0,48550000.0,0.3317367152,0.73,0.71,66490846,68615664,https://www.sec.gov/Archives/edgar/data/915912/000095013300004531/0000950133-00-004531-index.htm,https://www.sec.gov/Archives/edgar/data/915912/000095013300004531/w42219e10-q.txt,2.201069903667641,0.7301756996745086,1.0193583640069792,-0.6798830623992963,0.6695808923832913,37.21582967977276,37.21582967977276,36.38422648434944,25.40847502526889,3170948445.74,4815858445.74,16.3282618215242,21.6667357636094,46.78433187376434,-70.14441547007034,1.3107328259545026,1.3107328259545026,32.90622165711201,50.68897825172617,71.05341623742217,-106.5313994987391,0.0153108764871987,-0.0142563024197797,0.6983376446438477,0.3901474676790208,17.313384136072752,0.200545045045045,0.0,1.1587171333812014,0.0148725218359689,0.9713697219361483,0.0229516709827742,0.0,0.0,1.6669715836997256,0.7720070242089224,3.62558161922793,0.0,24.449023614089928,0.0143548576572433,0.0112118574572246,-27.239900060829427,-177479000.0,2474512000.0,-1811204000.0,3989480000.0,0.0,20271000.0,0.0,0.0,0.0,0.0,0.0,0.0,0.0,0.0200684684059063,1.6992414264062756,2000-11-14,,amc,,2025-04-25,2000-09-30,,45.83238095238095,182660.31746031743
2000-06-30,AVB,USD,915912,2000-08-14,2000-08-14 00:00:00,2000,Q2,139958000.0,0.0,139958000.0,1.0,0,3285000.0,0.0,3285000.0,0.0,80955000.0,80955000.0,0.0,0.0,31791000.0,90794000.0,0.6487231884,59003000.0,0.4215764729,-160275000.0,69845000.0,0.4990425699,8346000.0,40712000.0,0.2908872662,0.62,0.61,66098506,67893518,https://www.sec.gov/Archives/edgar/data/915912/000095013300003421/0000950133-00-003421-index.htm,https://www.sec.gov/Archives/edgar/data/915912/000095013300003421/e10-q.txt,2.117415482885498,0.615929201183458,1.077149913191684,-0.6492431160244378,0.6164587139079967,36.8537830491963,36.8537830491963,36.26263504352126,21.303310546837476,2759612625.5,4126982625.5,16.94594115678424,19.71743398376656,38.75969304615298,-64.30564910052664,1.1513228409875065,1.1513228409875065,29.48729351305392,45.454354092781465,57.96486734880193,-96.16867748287272,0.0147527952379271,-0.0155507333179506,0.5874727669754258,0.3298009156367685,15.060136132343548,0.2100360824742268,0.0,1.4054918372584244,0.0168404070812582,1.141506189821183,0.0234713271124194,0.0,0.0,1.6027416500463496,0.8153303133797282,3.5894435532068822,0.0,22.41745650806921,0.013039394077605,0.0095353261677858,-27.124213669821827,-153253000.0,2435980000.0,-1792870000.0,3973506000.0,0.0,18522000.0,0.0,0.0,0.0,0.0,0.0,0.0,0.0,0.0169852301258372,1.7263930292161218,2000-08-14,,amc,,2025-04-25,2000-06-30,,39.82746031746032,303568.253968254
2000-03-31,AVB,USD,915912,2000-05-15,2000-05-15 00:00:00,2000,Q1,135088000.0,0.0,135088000.0,1.0,0,2947000.0,0.0,2947000.0,0.0,76934000.0,76934000.0,0.0,0.0,30667000.0,88821000.0,0.6575047377,58154000.0,0.4304897548,0.0,0.0,0.0,10982000.0,37227000.0,0.2755759209,0.56,0.55,66476786,67685455,https://www.sec.gov/Archives/edgar/data/915912/000095013300002085/0000950133-00-002085-index.html,https://www.sec.gov/Archives/edgar/data/915912/000095013300002085/,2.032107869956288,0.5599999975931448,0.9071888643954598,-0.1817927840253889,0.263911675874342,36.27272233046887,36.27272233046887,35.7386712408148,24.356923633462063,2435044671.1800003,4036670671.18,16.352678641711663,18.02561790225631,40.37747974828793,-201.49314614646252,1.024940176235967,1.024940176235967,29.88178573359588,45.44725539208071,66.93535860148906,-334.0232247563095,0.015288015222308,-0.004962947966841,0.6815285176480096,0.3873504945795762,18.032064489253667,0.0948324324324324,0.0,1.2784490799626895,0.0182965842587232,1.196792650495608,0.0218154092147341,0.0,0.0,1.2003913310229326,0.5358877176359114,2.3605830371409007,0.0,21.220444286085662,,0.0089057337164805,-26.344203824775764,-167456000.0,2411294000.0,-1751278000.0,3896147000.0,0.0,32076500.0,0.0,0.0,0.0,0.0,0.0,0.0,0.0,0.0156693010162505,1.0889816484208488,2000-05-15,,amc,,2025-04-25,2000-03-31,,34.70650793650794,127944.44444444444
1999-12-31,AVB,USD,915912,2000-03-10,2000-03-10 00:00:00,1999,Q4,112044000.0,0.0,112044000.0,1.0,0,2402000.0,0.0,2402000.0,0.0,527616000.0,527616000.0,0.0,0.0,29823000.0,-385749000.0,-3.4428349577,-415572000.0,-3.7090071758,0.0,0.0,0.0,-489848000.0,64297000.0,0.5738549141,1.12,1.1,66476786,67685455,https://www.sec.gov/Archives/edgar/data/915912/000095013300000877/0000950133-00-000877-index.html,https://www.sec.gov/Archives/edgar/data/915912/000095013300000877/,1.6854605455805278,0.9672098166719432,1.494747354362168,-0.4632444173820317,0.2470336035800527,36.18800102640341,36.18800102640341,35.655830292397106,23.97298509587993,2302091099.1800003,3879316099.18,8.951005098138328,20.546313048266757,23.16779481090111,-74.7553531151161,0.9712296619098548,0.9712296619098548,34.623148934168725,-10.056581090761092,39.04067889600065,-125.97227144601398,0.0279298243335819,-0.0133769684488025,0.6723440430159242,0.3835804212231946,-4.088733865803929,0.0864315789473684,0.0,1.3377941730841725,0.0205282927408186,0.7349954119165747,0.0214380064974474,0.0,0.0,1.3099148602137551,1.1616954053764592,4.364450256513429,0.0,27.85588006703243,,0.015475867832329,-26.062902619870943,-173578000.0,2405662000.0,-1732578000.0,3867745000.0,0.0,23504000.0,0.0,0.0,0.0,0.0,0.0,0.0,0.0,0.0271262738447064,1.9579917717442,2000-03-10,,amc,,2025-04-25,1999-12-31,,32.65484375,114501.5625
1999-09-30,AVB,USD,915912,1999-11-12,1999-11-12 00:00:00,1999,Q3,140900000.0,0.0,140900000.0,1.0,0,2300000.0,0.0,2300000.0,0.0,-74300000.0,-74300000.0,0.0,0.0,28500000.0,244500000.0,1.7352732434,215200000.0,1.5273243435,6900000.0,222100000.0,1.5762952449,171100000.0,34200000.0,0.2427253371,0.52,0.52,65769231,65769231,https://www.sec.gov/Archives/edgar/data/915912/000095013399003534/0000950133-99-003534-index.html,https://www.sec.gov/Archives/edgar/data/915912/000095013399003534/,2.14233917376957,0.5199999981754386,0.5732163722577204,-1.266549703158305,0.1368421047830101,36.22362560389371,36.22362560389371,35.67017531343798,25.449590553978044,2228261546.28,3893061546.28,16.288461595614034,15.81448932775018,59.10508080318302,-26.749838490756304,0.9498131058312022,0.9498131058312022,27.629961293683465,15.922542111574645,103.264231996817,-46.735432728451386,0.0153482880217071,-0.0373834032809417,0.7134697357203751,0.397011385199241,6.808997955010225,0.0459183673469387,0.0,0.8568181818181818,0.0190731649392559,1.2426900584795322,0.0163236337828246,0.0,0.0,3.2095490716180373,0.8587650816181689,4.245614035087719,0.0,20.42892678783861,0.0120335026344119,0.008111954459203,-27.742456043008925,-187000000.0,2382400000.0,-1824600000.0,3859500000.0,0.0,0.0,0.0,0.0,0.0,0.0,0.0,0.0,0.0,0.0145780051150895,1.8397660754160257,1999-11-12,,amc,,2025-04-25,1999-09-30,,34.487812500000004,150520.3125
1999-06-30,AVB,USD,915912,1999-08-16,1999-08-16 00:00:00,1999,Q2,125600000.0,0.0,125600000.0,1.0,0,2400000.0,0.0,2400000.0,0.0,-69800000.0,-69800000.0,0.0,0.0,27400000.0,250800000.0,1.9968152866,195400000.0,1.5557324841,-28400000.0,195500000.0,1.5565286624,161200000.0,34200000.0,0.2722929936,0.53,0.52,64478959,65868570,https://www.sec.gov/Archives/edgar/data/915912/000095013399002832/0000950133-99-002832-index.html,https://www.sec.gov/Archives/edgar/data/915912/000095013399002832/,1.9479222671693568,0.5304055854871974,0.960003091861331,-1.1724755047611732,0.232634028722455,36.70344615830414,36.70344615830414,36.21491469798698,24.739853507870684,2385721483.0,3965921483.0,17.439484524853803,18.99459779458599,38.54154253634895,-31.557162473544977,1.0216785075585628,1.0216785075585628,31.57580798566879,15.813084062998405,64.06981394184169,-52.459278875661376,0.0143352860942485,-0.0316885271557073,0.6831399083551025,0.3857985875979491,6.300637958532695,0.073170731707317,0.0,1.809941520467836,0.017898149597205,1.2485380116959064,0.019108280254777,0.0,0.0,2.221324717285945,1.0947452229299364,5.018248175182482,0.0,20.789260286491213,0.0083288684052784,0.0082712585856631,-27.19026527708054,-190000000.0,2366600000.0,-1753200000.0,3799600000.0,0.0,0.0,0.0,0.0,0.0,0.0,0.0,0.0,0.0,0.0146460537021969,2.1324785966225046,1999-08-16,,amc,,2025-04-25,1999-06-30,,34.66873015873016,254611.11111111112
1999-03-31,AVB,USD,915912,1999-05-14,1999-05-14 00:00:00,1999,Q1,126100000.0,0.0,126100000.0,1.0,0,2400000.0,0.0,2400000.0,0.0,-70500000.0,-70500000.0,0.0,0.0,28000000.0,219600000.0,1.7414750198,196600000.0,1.5590800952,-6700000.0,185200000.0,1.4686756542,176800000.0,19800000.0,0.1570182395,0.31,0.31,64108000,64108000,https://www.sec.gov/Archives/edgar/data/915912/000095013399001832/0000950133-99-001832-index.html,https://www.sec.gov/Archives/edgar/data/915912/,1.9669931989767269,0.3088538091969801,0.7970924065639233,-1.1932988082610594,0.2963748674112435,36.75204342671741,36.75204342671741,36.25912522618082,24.996880264553567,2043763040.0,3627263040.0,25.80508888888889,16.207478509119746,39.99536281800391,-26.715856732026143,0.8792269477306948,0.8792269477306948,28.76497256145916,16.517591256830602,70.98362113502935,-47.4152031372549,0.0096880115808337,-0.0374309538350395,0.6893955689395569,0.3876390904692791,7.210837887067395,0.0917874396135265,0.0,2.580808080808081,0.0211864091641465,2.186868686868687,0.0190325138778747,0.0,0.0,2.49706457925636,1.0118953211736716,4.557142857142857,0.0,15.873635413658896,0.002166017935044,0.0047895500725689,-27.436513383665066,-188000000.0,2356100000.0,-1758900000.0,3793800000.0,0.0,34407000.0,0.0,0.0,0.0,0.0,0.0,0.0,0.0,0.008517960851796,1.990391214824983,1999-05-14,,amc,,2025-04-25,1999-03-31,,32.38934426229508,170983.60655737706
1998-12-31,AVB,USD,915912,1999-03-31,1999-03-31 00:00:00,1998,Q4,116084000.0,0.0,116084000.0,1.0,0,2174000.0,0.0,2174000.0,0.0,343891000.0,343891000.0,0.0,0.0,31524000.0,-196283000.0,-1.6908704042,-227807000.0,-1.9624323766,0.0,0.0,0.0,-259541000.0,31734000.0,0.2733710072,0.5,0.48,63844000,66000000,https://www.sec.gov/Archives/edgar/data/915912/000095013399001129/0000950133-99-001129-index.html,https://www.sec.gov/Archives/edgar/data/915912/,1.8182444708978136,0.4970553223482238,1.1015757158072803,-1.8108044608733789,0.2566568510744941,37.14782908339077,37.14782908339077,36.64327109830211,28.40315456425036,2186657000.0,3983642000.0,17.226452700573518,18.83685090107164,31.09182556271239,-18.914245430719063,0.93468729656035,0.93468729656035,34.316891216705145,-20.295400009170432,56.64294956561304,-34.457888226695154,0.0145125641561525,-0.0528702032371789,0.7751260657940126,0.4499452136914161,-9.155072013368454,0.079159420289855,0.0,2.2162034411041787,0.0197534409831994,1.3611268670826244,0.0187278177871196,0.0,0.0,2.64383113651552,1.6017539023465766,5.898299708158863,0.0,20.243739547631705,,0.0078740431005477,-25.72132071925318,-190614000.0,2371666000.0,-1642152000.0,3700245000.0,0.0,34407000.0,0.0,0.0,0.0,0.0,0.0,0.0,0.0,0.0135647093572728,2.912380176680659,1999-03-31,,amc,,2025-04-25,1998-12-31,,33.17234375,105220.3125
1998-09-30,AVB,USD,915912,1998-11-16,1998-11-16 00:00:00,1998,Q3,119900000.0,0.0,119900000.0,1.0,0,2600000.0,0.0,2600000.0,0.0,-67000000.0,-67000000.0,0.0,0.0,24200000.0,211100000.0,1.7606338616,186900000.0,1.5587989992,0.0,0.0,0.0,155400000.0,23700000.0,0.1976647206,0.37,0.37,64054054,64054054,https://www.sec.gov/Archives/edgar/data/915912/000095013598005962/0000950135-98-005962-index.html,https://www.sec.gov/Archives/edgar/data/915912/,1.871856541664014,0.3700000003122363,0.746244726368139,-3.067721521576136,0.1405063292324948,35.615232097565595,35.615232097565595,35.11097049376453,23.946962045524863,2197694592.74,3722594592.74,23.1824324128692,18.3293961029191,45.97687432510461,-11.18419640071247,0.977187457865718,0.977187457865718,31.04749451826522,17.634270927238276,77.87854796527198,-18.94450174422392,0.0107840279892811,-0.0894118776326475,0.6820364606491774,0.3874854746627595,7.223590715300805,0.0511363636363636,0.0,1.5174603174603174,0.0182918955767553,1.6962025316455696,0.0216847372810675,0.0,0.0,5.110878661087866,2.0375312760633864,10.09504132231405,0.0,17.096749094703807,,0.0059869650886677,-26.045189895396785,-167000000.0,2281300000.0,-1668300000.0,3653300000.0,0.0,0.0,0.0,0.0,0.0,0.0,0.0,0.0,0.0,0.0105380168963983,3.813966247944275,1998-11-16,,amc,,2025-04-25,1998-09-30,,34.59390625,106057.8125
1998-06-30,AVB,USD,915912,1998-08-14,1998-08-14 00:00:00,1998,Q2,71100000.0,0.0,71100000.0,1.0,0,1800000.0,0.0,1800000.0,0.0,-39600000.0,-39600000.0,0.0,0.0,14600000.0,125300000.0,1.7623066104,110700000.0,1.5569620253,0.0,0.0,0.0,92500000.0,13700000.0,0.1926863572,0.35,0.34,26470588,26470588,https://www.sec.gov/Archives/edgar/data/915912/000095013398003107/0000950133-98-003107-index.html,https://www.sec.gov/Archives/edgar/data/915912/,2.686000023875556,0.5175555601560494,1.7491111266587656,-4.503111151138766,0.5666666717037038,86.33355632296494,86.33355632296494,85.1133340898963,50.28600044698667,1005882344.0,2321982344.0,18.35551722627737,14.14743099859353,21.72532060475162,-8.438610268456376,0.4464635348424323,0.4464635348424323,32.65797952180028,18.531383431763768,50.15080656587473,-19.479717651006712,0.0136198831620013,-0.1185029250299675,0.5908122503328895,0.3535270370763837,10.503591380686352,0.0828729281767955,0.0,2.543956043956044,0.0160058480954905,1.1751824817518248,0.0253164556962025,0.0,0.0,3.57451403887689,2.3277074542897327,11.335616438356164,0.0,31.48245200563352,,0.0036385849357271,-55.340667158583706,-166000000.0,2285300000.0,-1464900000.0,3490000000.0,0.0,0.0,0.0,0.0,0.0,0.0,0.0,0.0,0.0,0.006080781180648,6.252222277797531,1998-08-14,,amc,,2025-04-25,1998-06-30,,36.91,101831.74603174604
1998-03-31,AVB,USD,915912,1998-05-15,1998-05-15 00:00:00,1998,Q1,45400000.0,0.0,45400000.0,1.0,0,2000000.0,0.0,2000000.0,0.0,-24000000.0,-24000000.0,0.0,0.0,9900000.0,79300000.0,1.7466960352,69400000.0,1.5286343612,0.0,0.0,0.0,56400000.0,13000000.0,0.2863436123,0.49,0.49,26470588,26470588,https://www.sec.gov/Archives/edgar/data/915912/000089161898002443/0000891618-98-002443-index.html,https://www.sec.gov/Archives/edgar/data/915912/,1.7151111263565433,0.4911111154765432,1.0124444534439507,-3.619111143280988,0.1133333343407407,30.335555825204946,30.335555825204946,29.99177804437136,22.863111314338767,982852932.44,1585052932.44,18.901017931538465,21.648743005286345,36.673616882089554,-10.259425182045929,1.2380059610026453,1.2380059610026453,34.913060185903085,19.988057155611603,59.1437661358209,-16.545437708141964,0.0132268008477388,-0.0974713477856447,0.7623126338329764,0.4181001727115717,7.593947036569987,0.0612244897959183,0.0,2.0615384615384613,0.0151599486639468,1.146153846153846,0.0440528634361233,0.0,0.0,4.574626865671642,2.700440528634361,12.383838383838384,0.0,18.204646394153407,,0.0089810017271157,-24.23444465986173,-46000000.0,803000000.0,-641500000.0,1371700000.0,0.0,3863500.0,0.0,0.0,0.0,0.0,0.0,0.0,0.0,0.0163748582944955,4.631555596724938,1998-05-15,,amc,,2025-04-25,1998-03-31,,37.79163934426229,69486.88524590163
1997-12-31,AVB,USD,915912,1998-03-31,1998-03-31 00:00:00,1997,Q4,37234000.0,0.0,37234000.0,1.0,0,1708000.0,0.0,1708000.0,0.0,133223000.0,133223000.0,0.0,0.0,7909000.0,-88080000.0,-2.3655798464,-95989000.0,-2.577993232,0.0,0.0,0.0,-108030000.0,9361000.0,0.2514100016,0.45,0.45,26078000,26470588,https://www.sec.gov/Archives/edgar/data/915912/000089161898001425/0000891618-98-001425-index.html,https://www.sec.gov/Archives/edgar/data/915912/,1.4277935424495745,0.3589615768080374,1.140808344198175,-31.406587928522125,0.1222486386992867,30.747296571822996,30.747296571822996,30.397077996778897,18.693304701280773,1017042000.0,1501338000.0,27.161681444290146,27.314873502712576,34.18628571428572,-1.2417776833561045,1.2830180586480298,1.2830180586480298,40.32169522479455,-17.04516348773842,50.46514285714286,-1.8330885288655605,0.0092041429950778,-0.8052971263723622,0.6149704489116242,0.3699647099002011,-5.498365122615804,0.0838947368421052,0.0,2.470725022838635,0.0126789257474125,1.3775237688281166,0.0458720524252027,0.0,0.0,28.530117647058823,22.79559005210292,107.31710709318496,0.0,15.668634866567498,,0.0071043144992979,-19.657719150241583,-34812000.0,801828000.0,-512634000.0,1259672000.0,0.0,3863500.0,0.0,0.0,0.0,0.0,0.0,0.0,0.0,0.0118090816770636,32.5473962727203,1998-03-31,,amc,,2025-04-25,1997-12-31,,39.34609375,64751.5625
1997-09-30,AVB,USD,915912,1997-11-13,1997-11-13 00:00:00,1997,Q3,32700000.0,0.0,32700000.0,1.0,0,1700000.0,0.0,1700000.0,0.0,-17100000.0,-17100000.0,0.0,0.0,7000000.0,56800000.0,1.7370030581,49800000.0,1.5229357798,0.0,0.0,0.0,39200000.0,8200000.0,0.250764526,0.36,0.36,22777778,22777778,https://www.sec.gov/Archives/edgar/data/915912/000089161897004583/0000891618-97-004583-index.html,https://www.sec.gov/Archives/edgar/data/915912/,1.4356097420916123,0.3599999964878049,0.2985365824533016,-5.746829212226056,0.175609754384295,29.92829239094349,29.92829239094349,29.519999712000004,14.77756083143843,909744453.32,1242344453.32,27.73611138170732,27.8209312941896,133.78594901764706,-6.949919429488158,1.3529810430101128,1.3529810430101128,37.99218511681957,21.872261502112675,182.6977137235294,-9.490790323300228,0.0090135201924838,-0.1438865601458702,0.5005948839976204,0.3212751741910852,5.855633802816901,0.1052631578947368,0.0,0.6415094339622641,0.0125309914871116,1.3902439024390243,0.0519877675840978,0.0,0.0,20.25,4.211009174311927,19.67142857142857,0.0,15.46324659747752,,0.0078266679392956,-15.892682771778704,-34000000.0,681700000.0,-362000000.0,978400000.0,0.0,0.0,0.0,0.0,0.0,0.0,0.0,0.0,0.0,0.0121951219512195,6.045365794679358,1997-11-13,,amc,,2025-04-25,1997-09-30,,38.37578125,41621.875
1997-06-30,AVB,USD,915912,1997-08-14,1997-08-14 00:00:00,1997,Q2,29800000.0,0.0,29800000.0,1.0,0,1500000.0,0.0,1500000.0,0.0,-15900000.0,-15900000.0,0.0,0.0,6400000.0,52100000.0,1.7483221477,45700000.0,1.533557047,0.0,0.0,0.0,37200000.0,7200000.0,0.2416107383,0.33,0.33,21818182,21818182,https://www.sec.gov/Archives/edgar/data/915912/000089161897003435/0000891618-97-003435-index.html,https://www.sec.gov/Archives/edgar/data/915912/,1.365833321951389,0.32999999725,0.9395833255034722,-4.784999960125,0.0916666659027777,26.551249778739585,26.551249778739585,26.40458311329514,12.741666560486111,807272734.0,1083272734.0,28.03030326388889,27.089689060402684,39.37915775609756,-7.73249745210728,1.401271886825204,1.401271886825204,36.35143402684564,20.79218299424184,52.8425723902439,-10.37617561302682,0.0089189188445945,-0.1293243232466216,0.4825551119597292,0.3156579993187237,5.297504798464491,0.074074074074074,0.0,2.411764705882353,0.0118918917927927,1.3333333333333333,0.0503355704697986,0.0,0.0,6.092682926829268,4.191275167785235,19.515625,0.0,14.001929437846515,,0.0081753150902691,-13.722499885645837,-25000000.0,579300000.0,-299400000.0,837600000.0,0.0,0.0,0.0,0.0,0.0,0.0,0.0,0.0,0.0,0.0124978302378059,5.724583285628473,1997-08-14,,amc,,2025-04-25,1997-06-30,,35.68046875,60087.5
1997-03-31,AVB,USD,915912,1997-05-15,1997-05-15 00:00:00,1997,Q1,26300000.0,0.0,26300000.0,1.0,0,1400000.0,0.0,1400000.0,0.0,-13600000.0,-13600000.0,0.0,0.0,5700000.0,45600000.0,1.7338403042,39900000.0,1.5171102662,0.0,0.0,0.0,32100000.0,6700000.0,0.2547528517,0.33,0.33,20303030,20303030,https://www.sec.gov/Archives/edgar/data/915912/000089161897002329/0000891618-97-002329-index.html,https://www.sec.gov/Archives/edgar/data/915912/,1.295373153662286,0.3300000049253732,0.3841791102116285,-1.5317910676386726,0.0492537320784139,22.99164213420361,22.99164213420361,22.691194368525288,13.037462881156165,728472716.4000001,992172716.4,27.18181777611941,27.698582372623576,93.393938,-23.42356001286174,1.5812301202517909,1.5812301202517909,37.72519834220533,21.75817360526316,127.20163030769233,-31.90265969131833,0.0091973245519892,-0.042692058741323,0.5745604514868679,0.3533101975440469,5.782894736842105,0.0416666666666666,0.0,1.0,0.0122173415690603,1.328358208955224,0.053231939163498,0.0,0.0,4.987179487179487,1.479087452471483,6.824561403508772,0.0,12.980066282610377,,0.0089428723972237,-13.860000206865674,-23000000.0,466800000.0,-281400000.0,708100000.0,0.0,2725000.0,0.0,0.0,0.0,0.0,0.0,0.0,0.0,0.0145430866073366,1.915970177850301,1997-05-15,,amc,,2025-04-25,1997-03-31,,36.00819672131148,72468.85245901639
1996-12-31,AVB,USD,915912,1997-03-28,1997-03-28 00:00:00,1996,Q4,24693000.0,0.0,24693000.0,1.0,0,1195000.0,0.0,1195000.0,0.0,93137000.0,93137000.0,0.0,0.0,5389000.0,-63055000.0,-2.5535576884,-68444000.0,-2.7717976755,68444000.0,0.0,0.0,-75470000.0,7026000.0,0.2845340785,0.35,0.35,20303030,20303030,https://www.sec.gov/Archives/edgar/data/915912/000089161897001442/0000891618-97-001442-index.html,https://www.sec.gov/Archives/edgar/data/915912/,1.2162224062122746,0.3460567215829361,0.5527746351160393,-3.93044781985743,0.0453134335121407,20.651055532105307,20.651055532105307,20.30618090009225,13.480155425076946,730909080.0,1003677080.0,26.00729718189581,29.599849350018225,65.12599839615076,-9.15926165413534,1.7728592184380891,1.7728592184380891,40.64621876645203,-15.917486004281976,89.43037334046156,-12.57740701754386,0.0096126867106371,-0.1091791061071508,0.6638449392034966,0.3844423936205329,-4.325874236777416,0.0353846153846153,0.0,1.5948557623987494,0.0119741295319521,1.245658980927982,0.0483942817802616,0.0,0.0,8.11039828922748,3.686186368606488,16.8905177212841,0.0,12.57416135487807,,0.0098692389055342,-14.367806184594125,-25080000.0,419279000.0,-291710000.0,672713000.0,0.0,2725000.0,0.0,0.0,0.0,0.0,0.0,0.0,0.0,0.0170419402489103,4.483222454973469,1997-03-28,,amc,,2025-04-25,1996-12-31,,31.53359375,55048.4375
1996-10-31,AVB,USD,915912,1996-11-14,1996-11-14 00:00:00,1996,Q3,23100000.0,0.0,23100000.0,1.0,0,1000000.0,0.0,1000000.0,0.0,-12400000.0,-12400000.0,0.0,0.0,5100000.0,40600000.0,1.7575757576,35500000.0,1.5367965368,0.0,0.0,0.0,29700000.0,5800000.0,0.2510822511,0.31,0.31,18709677,18709677,https://www.sec.gov/Archives/edgar/data/915912/000095014996001899/0000950149-96-001899-index.html,https://www.sec.gov/Archives/edgar/data/915912/,1.2346552000870994,0.310000006948276,0.6681034632505949,-4.366724235805888,0.0534482770600475,22.49637981457403,22.49637981457403,22.116897047447697,13.773620998374264,561290310.0,817990310.0,24.193547844827588,24.298281818181817,44.9032248,-6.870138433292533,1.3564289753504108,1.3564289753504108,35.41083593073593,20.147544581280787,65.4392248,-10.01212129742962,0.0103333335649425,-0.1455574745268629,0.6227646205896569,0.3690919507304497,6.322660098522167,0.0384615384615384,0.0,2.155172413793104,0.0112241381826099,1.0862068965517242,0.0432900432900432,0.0,0.0,7.536,4.077922077922078,18.47058823529412,0.0,12.420360717934868,,0.0083070753365797,-14.76775895169115,-25000000.0,420900000.0,-276300000.0,659500000.0,0.0,0.0,0.0,0.0,0.0,0.0,0.0,0.0,0.0,0.014016433059449,5.034827699056483,1996-11-14,,amc,,2025-04-25,1996-10-31,,26.86203125,76128.125
1996-06-30,AVB,USD,915912,1996-08-13,1996-08-13 00:00:00,1996,Q2,18400000.0,0.0,18400000.0,1.0,0,900000.0,0.0,900000.0,0.0,-9800000.0,-9800000.0,0.0,0.0,4200000.0,32400000.0,1.7608695652,28200000.0,1.5326086957,-28200000.0,0.0,0.0,24600000.0,3600000.0,0.1956521739,0.28,0.28,12857143,12857143,https://www.sec.gov/Archives/edgar/data/915912/000095014996001258/0000950149-96-001258-index.html,https://www.sec.gov/Archives/edgar/data/915912/,1.431111095209877,0.2799999968888889,0.8399999906666668,-6.719999925333334,0.0,21.94888864501235,21.94888864501235,21.94888864501235,21.42777753969136,331071432.25,606571432.25,22.991071684027776,17.99301262228261,30.65476224537037,-3.831845280671296,1.1731801284549963,1.1731801284549963,32.96583870923913,18.72134050154321,56.16402150462963,-7.020502688078704,0.0108737862869471,-0.2609708708867314,0.9762579730687456,0.4819804058782365,8.503086419753087,0.0,0.0,2.6341463414634148,0.0169147786685844,1.5555555555555556,0.0489130434782608,0.0,0.0,9.0,5.282608695652174,23.142857142857142,0.0,11.75916650648147,0.0,0.0062981105668299,-22.508888638790125,0.0,282200000.0,-289400000.0,560100000.0,0.0,0.0,0.0,0.0,0.0,0.0,0.0,0.0,0.0,0.0127569099929128,7.559999916000001,1996-08-13,,amc,,2025-04-25,1996-06-30,,25.010476190476187,32550.79365079365
1996-03-31,AVB,USD,915912,1996-03-31,1996-03-30 19:00:00,1996,Q1,16500000.0,0.0,16500000.0,1.0,0,900000.0,0.0,900000.0,0.0,-8900000.0,-8900000.0,0.0,0.0,4000000.0,29400000.0,1.7818181818,25400000.0,1.5393939394,0.0,0.0,0.0,22200000.0,3200000.0,0.1939393939,0.19,0.19,11558000,11558000,,,1.4275826267520333,0.2768645094306973,0.4931649074234296,-0.1124762069562208,0.0,20.36684547499567,20.36684547499567,20.36684547499567,20.237065236200035,281784040.0,515684040.0,22.014378125,17.077820606060605,49.43579649122807,-216.75695384615383,1.1970435004248088,1.1970435004248088,31.25357818181818,17.540273469387756,90.47088421052632,-396.6800307692308,0.0113562144967472,-0.0046134621393035,0.9936278674596432,0.485672757475083,7.95578231292517,0.0,0.0,1.78125,0.0191636119632609,1.6875,0.0545454545454545,0.0,0.0,1.2280701754385963,0.4242424242424242,1.75,0.0,11.26384815790872,0.0,0.0066445182724252,-21.30126319432428,0.0,235400000.0,-246200000.0,467000000.0,0.0,0.0,0.0,0.0,0.0,0.0,0.0,0.0,0.0,0.0135938827527612,0.6056411143796505,1996-03-30,,amc,,2025-04-25,1996-03-31,,23.92126984126984,33600.0
1995-12-31,AVB,USD,915912,1995-12-31,1995-12-30 19:00:00,1995,Q4,15200000.0,0.0,15200000.0,1.0,0,700000.0,0.0,700000.0,-9200000.0,-8500000.0,-8500000.0,0.0,0.0,3800000.0,27500000.0,1.8092105263,23700000.0,1.5592105263,0.0,0.0,0.0,20600000.0,3100000.0,0.2039473684,0.27,0.27,11558000,11558000,,,1.3151064197958124,0.2682124935109881,0.8825056238103478,-6.964872815365981,0.0,20.55718982522928,20.55718982522928,20.55718982522928,19.70929226509777,281784040.0,509584040.0,22.72451935483871,18.538423684210525,27.625886274509803,-3.500422857142857,1.185959764309764,1.185959764309764,33.525265789473686,18.530328727272728,49.95921960784314,-6.33023652173913,0.0110013327937238,-0.2856797709337974,0.9587542087542088,0.4773679798826488,8.283636363636363,0.0,0.0,3.290322580645161,0.0159696766360507,1.4516129032258065,0.0460526315789473,0.0,0.0,8.892156862745098,5.967105263157895,23.86842105263158,0.0,11.13813901460104,0.0,0.0064962279966471,-20.730230143623466,0.0,237600000.0,-239600000.0,463700000.0,0.0,0.0,0.0,0.0,0.0,0.0,0.0,0.0,0.0,0.013047138047138,7.847378439176328,1995-12-30,,amc,,2025-04-25,1995-12-31,,21.65095238095238,33342.857142857145
1995-09-30,AVB,USD,915912,1995-09-30,1995-09-29 20:00:00,1995,Q3,13600000.0,0.0,13600000.0,1.0,0,700000.0,0.0,700000.0,0.0,-7800000.0,-7800000.0,0.0,0.0,3300000.0,24700000.0,1.8161764706,21400000.0,1.5735294118,0.0,0.0,0.0,19300000.0,2100000.0,0.1544117647,0.18,0.18,11666667,11666667,,,1.1657142524081645,0.179999994857143,0.6428571244897965,0.5999999828571434,0.0,16.4314281019592,16.4314281019592,16.4314281019592,18.3085709054694,249433340.46,463033340.46,29.694445292857143,18.34068679852941,33.257778728,35.633334351428566,1.3011650519561813,1.3011650519561813,34.046569151470585,18.74628908744939,61.737778728,66.14762006571428,0.0084190830148336,0.0280636100494454,1.114241001564945,0.511861969805895,8.647773279352228,0.0,0.0,3.571428571428572,0.0180408921746434,2.142857142857143,0.0514705882352941,0.0,0.0,0.0666666666666666,0.0367647058823529,0.1515151515151515,0.0,8.157651740028122,0.0,0.0050323508267433,-19.33714230465308,0.0,191700000.0,-225600000.0,402600000.0,0.0,0.0,0.0,0.0,0.0,0.0,0.0,0.0,0.0,0.0109546165884194,0.0428571416326531,1995-09-29,,amc,,2025-04-25,1995-09-30,,20.266984126984127,33585.71428571428
1995-06-30,AVB,USD,915912,1995-06-30,1995-06-29 20:00:00,1995,Q2,15300000.0,0.0,15300000.0,1.0,0,600000.0,0.0,600000.0,0.0,-7200000.0,-7200000.0,0.0,0.0,3300000.0,25800000.0,1.6862745098,22500000.0,1.4705882353,0.0,0.0,0.0,18100000.0,4400000.0,0.2875816993,0.38,0.38,11578947,11578947,,,1.3213636784070262,0.3800000120909095,0.1468181864896695,-1.0104545776053728,0.0,16.763182351555802,16.763182351555802,16.763182351555802,17.842727840450433,225789466.5,432389466.5,12.828946960227272,14.757481470588235,132.81733323529411,-19.298245,1.1632636089644512,1.1632636089644512,28.260749444444443,16.759281647286823,254.346745,-36.95636465811966,0.0194871801072261,-0.0518181834669422,1.0643997939206595,0.5042714181108128,8.007751937984496,0.0,0.0,0.3863636363636363,0.0194871801072261,1.0,0.0392156862745098,0.0,0.0,7.882352941176471,0.8758169934640523,4.0606060606060606,0.0,11.971850887233344,0.0,0.0107395655357578,-18.620000592454563,0.0,194100000.0,-215600000.0,396600000.0,0.0,0.0,0.0,0.0,0.0,0.0,0.0,0.0,0.0,0.0226687274600721,1.1572727640950424,1995-06-29,,amc,,2025-04-25,1995-06-30,,18.629206349206346,64074.60317460317
1995-03-31,AVB,USD,915912,1995-03-31,1995-03-30 19:00:00,1995,Q1,11900000.0,0.0,11900000.0,1.0,0,500000.0,0.0,500000.0,0.0,-7000000.0,-7000000.0,0.0,0.0,3300000.0,22200000.0,1.8655462185,18900000.0,1.5882352941,0.0,0.0,0.0,17000000.0,1900000.0,0.1596638655,0.17,0.17,11176471,11176471,,,1.064736802878118,0.1699999937368423,0.2863157789252081,0.2773684108337954,0.0,17.37578883352357,17.37578883352357,17.37578883352357,18.073683544653765,205423536.98,407423536.98,27.02941276052632,17.262482099159662,64.19485530624999,66.26565709032258,1.0577937022657051,1.0577937022657051,34.23727201512605,18.35241157567568,127.31985530625,131.42694741290325,0.0092491835547792,0.015090773168324,1.0401647785787849,0.4965585054080629,9.0990990990991,0.0,0.0,1.6842105263157894,0.0214191619163308,2.3157894736842106,0.042016806722689,0.0,0.0,0.03125,0.0084033613445378,0.0303030303030303,0.0,8.15244686211528,0.0,0.0046705998033431,-19.022104562343515,0.0,194200000.0,-212600000.0,394800000.0,0.0,0.0,0.0,0.0,0.0,0.0,0.0,0.0,0.0,0.009783728115345,0.0089473680914127,1995-03-30,,amc,,2025-04-25,1995-03-31,,19.432539682539684,21371.42857142857
1994-12-31,AVB,USD,915912,1994-12-31,1994-12-30 19:00:00,1994,Q4,11000000.0,0.0,11000000.0,1.0,0,500000.0,0.0,500000.0,-8600000.0,-8100000.0,-8100000.0,0.0,0.0,2700000.0,21800000.0,1.9818181818,19100000.0,1.7363636364,0.0,0.0,0.0,16700000.0,2400000.0,0.2181818182,0.21,0.21,11176471,11176471,,,0.984210490055403,0.2147368341939061,0.2863157789252081,3.24789461718283,0.0,17.599473035808888,17.599473035808888,17.599473035808888,16.257367822096974,224982361.23,406682361.23,23.435662628125,20.45294193,70.30698788437499,6.197861190909091,1.1437842462125063,1.1437842462125063,36.97112374818182,18.655154184862383,127.088237884375,11.203370832782367,0.0106675029405815,0.1613459819762955,0.923741738688358,0.4658974358974359,8.3348623853211,0.0,0.0,1.3333333333333333,0.0195570887243994,1.8333333333333333,0.0454545454545454,0.0,0.0,10.34375,3.0090909090909093,12.25925925925926,0.0,9.221346987929088,0.0,0.0061538461538461,-17.295262520700856,0.0,196700000.0,-193300000.0,375800000.0,0.0,0.0,0.0,0.0,0.0,0.0,0.0,0.0,0.0,0.0122013218098627,2.961578838257622,1994-12-30,,amc,,2025-04-25,1994-12-31,,19.32174603174603,24700.0
1994-09-30,AVB,USD,915912,1994-09-30,1994-09-29 20:00:00,1994,Q3,10500000.0,0.0,10500000.0,1.0,0,600000.0,0.0,600000.0,0.0,-5100000.0,-5100000.0,0.0,0.0,2800000.0,18400000.0,1.7523809524,15600000.0,1.4857142857,-12400000.0,3200000.0,0.3047619048,900000.0,2300000.0,0.219047619,0.2,0.2,11500000,11500000,,,0.9130434782608696,0.2,0.782608695652174,-2.9565217391304346,0.0,17.16521739130435,17.16521739130435,17.234782608695653,13.669565217391304,244375000.0,401575000.0,26.5625,23.27380952380953,27.15277777777777,-7.1875,1.2329717457114029,1.2329717457114029,38.24523809523809,21.824728260869566,44.61944444444445,-11.811029411764704,0.0094117647058823,-0.1391304347826087,0.79313824419778,0.4267100977198697,8.543478260869565,0.0,0.0,3.9130434782608696,0.0207058823529411,2.2,0.0571428571428571,0.0,0.0,4.777777777777778,4.095238095238095,15.357142857142858,0.0,8.806618064792547,0.0,0.006243213897937,-14.869565217391305,0.0,197400000.0,-171000000.0,348800000.0,0.0,0.0,0.0,0.0,0.0,0.0,0.0,0.0,0.0,0.0116044399596367,3.739130434782609,1994-09-29,,amc,,2025-04-25,1994-09-30,,20.9415625,28595.3125
1994-06-30,AVB,USD,915912,1994-06-30,1994-06-29 20:00:00,1994,Q2,9000000.0,0.0,9000000.0,1.0,0,500000.0,0.0,500000.0,0.0,-4200000.0,-4200000.0,0.0,0.0,2500000.0,15700000.0,1.7444444444,13200000.0,1.4666666667,-10000000.0,3200000.0,0.3555555556,800000.0,2400000.0,0.2666666667,0.21,0.21,11428571,11428571,,,0.7875000295312511,0.2100000078750002,0.4375000164062506,-2.327500087281253,0.0,17.4562506546094,17.4562506546094,17.5262506572344,12.180000456750015,234285705.5,373485705.5,24.404760989583338,26.03174505555555,46.8571411,-8.807733289473685,1.169674016475287,1.169674016475287,41.49841172222222,23.788898439490445,74.6971411,-14.0408159962406,0.0102439028231707,-0.1135365896234757,0.6949575636545182,0.3980554761223906,8.86624203821656,0.0,0.0,2.083333333333333,0.0,0.0,0.0555555555555555,0.0,0.0,6.32,3.511111111111111,12.64,0.0,9.10008447547962,0.0,0.006863025450386,-13.142500492843768,0.0,199500000.0,-150200000.0,327700000.0,0.0,0.0,0.0,0.0,0.0,0.0,0.0,0.0,0.0,0.0119820269595606,2.765000103687504,1994-06-29,,amc,,2025-04-25,1994-06-30,,20.87483870967742,43875.8064516129
1994-03-31,AVB,USD,915912,1994-03-31,1994-03-30 19:00:00,1994,Q1,1500000.0,0.0,1500000.0,1.0,0,100000.0,0.0,100000.0,0.0,-700000.0,-700000.0,0.0,0.0,400000.0,2600000.0,1.7333333333,2200000.0,1.4666666667,-1700000.0,500000.0,0.3333333333,100000.0,400000.0,0.2666666667,0.03,0.03,13333333,13333333,,,0.1125000028125,0.03000000075,-0.2400000060000001,-6.345000158625004,0.0,15.16500037912501,15.16500037912501,15.22500038062501,7.845000196125005,275066659.79,379666659.79,171.91666236875,183.3777731933333,-85.958331184375,-3.2513789573286047,1.3550081763054185,1.3550081763054185,253.11110652666665,146.0256383807692,-118.64583118437498,-4.487785576713947,0.0014541929592825,-0.3075618108882697,0.5152709359605911,0.334934357989113,40.23076923076923,0.0,0.0,-8.0,0.0,0.0,0.0666666666666666,0.0,0.0,-25.4375,54.266666666666666,203.5,0.0,3.2057566211182924,0.0,0.0012808197246237,-8.257500206437506,0.0,202200000.0,-110100000.0,283100000.0,,,,0.0,0.0,0.0,0.0,0.0,0.0,0.0019704433497536,6.105000152625004,1994-03-30,,amc,,2025-04-25,1994-03-31,,20.89466666666667,328673.3333333333
