date,symbol,reportedCurrency,cik,fillingDate,acceptedDate,calendarYear,period,revenue,costOfRevenue,grossProfit,grossProfitRatio,researchAndDevelopmentExpenses,generalAndAdministrativeExpenses,sellingAndMarketingExpenses,sellingGeneralAndAdministrativeExpenses,otherExpenses,operatingExpenses,costAndExpenses,interestIncome,interestExpense,depreciationAndAmortization,ebitda,ebitdaratio,operatingIncome,operatingIncomeRatio,totalOtherIncomeExpensesNet,incomeBeforeTax,incomeBeforeTaxRatio,incomeTaxExpense,netIncome,netIncomeRatio,eps,epsdiluted,weightedAverageShsOut,weightedAverageShsOutDil,link,finalLink,revenuePerShare,netIncomePerShare,operatingCashFlowPerShare,freeCashFlowPerShare,cashPerShare,bookValuePerShare,tangibleBookValuePerShare,shareholdersEquityPerShare,interestDebtPerShare,marketCap,enterpriseValue,peRatio,priceToSalesRatio,pocfratio,pfcfRatio,pbRatio,ptbRatio,evToSales,enterpriseValueOverEBITDA,evToOperatingCashFlow,evToFreeCashFlow,earningsYield,freeCashFlowYield,debtToEquity,debtToAssets,netDebtToEBITDA,currentRatio,interestCoverage,incomeQuality,dividendYield,payoutRatio,salesGeneralAndAdministrativeToRevenue,researchAndDdevelopementToRevenue,intangiblesToTotalAssets,capexToOperatingCashFlow,capexToRevenue,capexToDepreciation,stockBasedCompensationToRevenue,grahamNumber,roic,returnOnTangibleAssets,grahamNetNet,workingCapital,tangibleAssetValue,netCurrentAssetValue,investedCapital,averageReceivables,averagePayables,averageInventory,daysSalesOutstanding,daysPayablesOutstanding,daysOfInventoryOnHand,receivablesTurnover,payablesTurnover,inventoryTurnover,roe,capexPerShare,report_date,epsEstimated,time,revenueEstimated,updatedFromDate,fiscalDateEnding,surprise(%),QuarterAvgPrice,QuarterAvgVolume
2025-03-31,AWK,USD,1410636,2025-04-30,2025-04-30 16:26:59,2025,Q1,1142000000.0,468000000.0,674000000.0,0.5901926445,0,0.0,0.0,0.0,303000000.0,303000000.0,771000000.0,22000000.0,144000000.0,216000000.0,630000000.0,0.5516637478,371000000.0,0.3248686515,-101000000.0,270000000.0,0.2364273205,65000000.0,205000000.0,0.1795096322,1.051282051282051,1.051282051282051,195000000,195000000,https://www.sec.gov/Archives/edgar/data/1410636/000141063625000083/0001410636-25-000083-index.htm,https://www.sec.gov/Archives/edgar/data/1410636/000141063625000083/awk-20250331.htm,5.856410256410256,1.051282051282051,1.6974358974358974,-1.1128205128205129,0.0,-116.01025641025642,-116.01025641025642,54.02051282051282,75.12820512820512,28766400000.000004,43272400000.0,35.0809756097561,25.18949211908932,86.90755287009064,-132.56405529953918,2.73081450541105,2.73081450541105,37.891768826619966,68.6863492063492,130.7323262839879,-199.4119815668203,0.0071263696534846,-0.0075435229990544,1.377064742737801,0.0,23.025396825396825,0.0,2.576388888888889,1.6146341463414635,0.0051796540408254,0.7268292682926829,0.0,0.0,0.0,1.6555891238670697,0.4798598949211909,2.537037037037037,0.0,35.746229163483584,-0.2111583097340219,0.0,-116.01025641025642,-2447000000.0,-22622000000.0,-22622000000.0,-2447000000.0,378000000.0,293000000.0,51500000.0,0.0,46.15384615384615,0.0,0.0,1.95,0.0,0.0194607936206569,2.81025641025641,2025-04-30,1.06,amc,1092659623.0,2025-05-12,2025-03-31,-0.0094339622641509,131.75066666666666,1452992.05
2024-12-31,AWK,USD,1410636,2025-02-19,2025-02-19 16:27:57,2024,Q4,1201000000.0,519000000.0,682000000.0,0.5678601166,0,0.0,0.0,0.0,282000000.0,282000000.0,801000000.0,23000000.0,136000000.0,207000000.0,646000000.0,0.5378850958,400000000.0,0.3330557868,-97000000.0,303000000.0,0.2522897585,64000000.0,239000000.0,0.1990008326,1.23,1.23,195000000,195000000,https://www.sec.gov/Archives/edgar/data/1410636/000141063625000022/0001410636-25-000022-index.htm,https://www.sec.gov/Archives/edgar/data/1410636/000141063625000022/awk-20241231.htm,6.158974358974359,1.2256410256410255,3.276923076923077,-1.5128205128205128,0.4923076923076923,58.22051282051282,52.35384615384616,52.98461538461538,73.05641025641026,24275550000.0,38289550000.0,25.39283472803347,20.21278101582015,37.98990610328639,-82.29,2.349549941927991,2.349549941927991,31.88139050791008,59.27174922600619,59.92104851330203,-129.79508474576272,0.0098452970169573,-0.0121521448535666,1.3656600851722802,0.4168266816342205,21.693498452012385,0.3857142857142857,2.9411764705882355,2.6736401673640167,0.0061378629938353,0.6234309623430963,0.0,0.0,0.0337951611473811,1.461658841940532,0.7776852622814321,4.51207729468599,0.0,38.22502665429932,0.0097933249885189,0.0073073042467973,-111.7102564102564,-1935000000.0,10209000000.0,-21283000000.0,27336000000.0,763250000.0,302500000.0,104000000.0,56.65278934221482,60.0,17.86127167630058,1.5886243386243386,1.5,5.038834951456311,0.023132017034456,4.78974358974359,2025-02-19,1.13,amc,1111514278.0,2025-05-12,2024-12-31,0.0796460176991151,134.97046875,1126269.078125
2024-09-30,AWK,USD,1410636,2024-10-30,2024-10-30 16:30:27,2024,Q3,1323000000.0,503000000.0,820000000.0,0.6198034769,0,0.0,0.0,0.0,284000000.0,284000000.0,780000000.0,22000000.0,132000000.0,200000000.0,785000000.0,0.5933484505,543000000.0,0.410430839,-90000000.0,453000000.0,0.3424036281,103000000.0,350000000.0,0.2645502646,1.79,1.79,195000000,195000000,https://www.sec.gov/Archives/edgar/data/1410636/000141063624000187/0001410636-24-000187-index.htm,https://www.sec.gov/Archives/edgar/data/1410636/000141063624000187/awk-20240930.htm,6.7846153846153845,1.794871794871795,3.482051282051282,-0.2205128205128205,1.041025641025641,53.13846153846154,47.27692307692307,53.13846153846154,69.53333333333333,28516800000.0,41816800000.0,20.36914285714285,21.5546485260771,41.99823269513991,-663.1813953488372,2.752055587724377,2.752055587724377,31.60755857898715,53.26980891719745,61.585861561119295,-972.4837209302326,0.0122734668686528,-0.0015078830724344,1.2957923180853117,0.4223655237496068,16.94267515923567,0.5802063789868668,4.113636363636363,1.94,0.0052249901812265,0.4257142857142857,0.0,0.0,0.0359547027367096,1.0633284241531664,0.54572940287226,3.61,0.0,46.32468382364792,0.0137742604189723,0.0114203674095343,-105.61346153846154,-895000000.0,9219000000.0,-20191000000.0,27344000000.0,750250000.0,237000000.0,108000000.0,52.41496598639456,46.341948310139166,18.78727634194831,1.717066839714471,1.942084942084942,4.79047619047619,0.0337772630766261,3.7025641025641023,2024-10-30,1.84,amc,1228153012.0,2025-04-25,2024-09-30,-0.0380434782608695,141.78359375,927708.046875
2024-06-30,AWK,USD,1410636,2024-07-31,2024-07-31 16:27:20,2024,Q2,1149000000.0,620000000.0,529000000.0,0.4604003481,0,0.0,0.0,7000000.0,-81000000.0,81000000.0,701000000.0,25000000.0,131000000.0,193000000.0,649000000.0,0.5648389904,448000000.0,0.3899042646,-88000000.0,361000000.0,0.3141862489,84000000.0,277000000.0,0.2410791993,1.42,1.42,195000000,195000000,https://www.sec.gov/Archives/edgar/data/1410636/000141063624000134/0001410636-24-000134-index.htm,https://www.sec.gov/Archives/edgar/data/1410636/000141063624000134/awk-20240630.htm,5.892307692307693,1.4205128205128206,1.7692307692307692,-1.6666666666666667,0.8923076923076924,52.06153846153846,46.2,52.06153846153846,68.41025641025641,24913200000.0,38024200000.0,22.484837545126357,21.682506527415143,72.21217391304349,-76.656,2.454018912529551,2.454018912529551,33.09329852045257,58.588906009244994,110.21507246376812,-116.99753846153848,0.011118603792367,-0.0130452932581924,1.3011229314420805,0.4231619413743392,20.20184899845917,0.6383561643835617,3.4198473282442747,1.2454873646209386,0.0059807652168328,0.5379061371841155,0.0,0.0,0.0366170110523786,1.9420289855072463,0.5831157528285466,3.471502590673575,0.0,40.79174994904393,0.0114696283970164,0.0092112263899973,-104.03076923076924,-660000000.0,9009000000.0,-19898000000.0,27105000000.0,684500000.0,223000000.0,113000000.0,57.18015665796345,31.20967741935484,16.112903225806452,1.573972602739726,2.883720930232558,5.585585585585585,0.0272852639873916,3.435897435897436,2024-07-31,1.46,amc,1103602083.0,2025-04-25,2024-06-30,-0.0410958904109589,126.4573015873016,1319699.396825397
2024-03-31,AWK,USD,1410636,2024-05-01,2024-05-01 16:29:03,2024,Q1,1011000000.0,604000000.0,407000000.0,0.4025717112,0,0.0,0.0,9000000.0,-81000000.0,81000000.0,685000000.0,24000000.0,124000000.0,188000000.0,523000000.0,0.5173095945,326000000.0,0.3224530168,-84000000.0,242000000.0,0.2393669634,57000000.0,185000000.0,0.1829871414,0.95,0.95,195000000,195000000,https://www.sec.gov/Archives/edgar/data/1410636/000141063624000092/0001410636-24-000092-index.htm,https://www.sec.gov/Archives/edgar/data/1410636/000141063624000092/awk-20240331.htm,5.184615384615385,0.9487179487179488,1.958974358974359,-1.1641025641025642,3.57948717948718,51.31794871794872,45.45641025641026,51.31794871794872,68.34871794871795,23458500000.0,36036500000.0,31.70067567567568,23.20326409495549,61.40968586387434,-103.34140969162996,2.3442090536624365,2.3442090536624365,35.64441147378833,68.90344168260039,94.33638743455498,-158.7511013215859,0.0078862672378881,-0.0096766630432465,1.3194763665434197,0.424757125394068,24.04971319311663,0.8546042003231018,2.629032258064516,2.0648648648648646,0.005882729074749,0.745945945945946,0.0,0.0,0.0367689635205558,1.594240837696335,0.6023738872403561,3.23936170212766,0.0,33.09744443914616,0.0083668460361598,0.0061784056373776,-101.76538461538462,-270000000.0,8864000000.0,-19492000000.0,26986000000.0,640000000.0,262500000.0,113500000.0,56.88427299703264,34.420529801324506,17.135761589403973,1.5821596244131455,2.6147186147186146,5.252173913043478,0.0184870590586589,3.123076923076923,2024-05-01,0.98,amc,962302083.0,2025-04-25,2024-03-31,-0.0510204081632652,123.02983606557376,1453499.1803278688
2023-12-31,AWK,USD,1410636,2024-02-14,2024-02-14 16:28:14,2023,Q4,1032000000.0,472000000.0,560000000.0,0.5426356589,0,0.0,0.0,6000000.0,16000000.0,261000000.0,733000000.0,21000000.0,118000000.0,181000000.0,517000000.0,0.5009689922,299000000.0,0.2897286822,-81000000.0,218000000.0,0.2112403101,47000000.0,171000000.0,0.1656976744,0.88,0.88,195000000,195000000,https://www.sec.gov/Archives/edgar/data/1410636/000141063624000050/0001410636-24-000050-index.htm,https://www.sec.gov/Archives/edgar/data/1410636/000141063624000050/awk-20231231.htm,5.292307692307692,0.8769230769230769,2.7025641025641027,-1.6153846153846154,2.01025641025641,50.24102564102565,44.37948717948718,50.24102564102565,64.41025641025641,25738050000.0,37850050000.0,37.62872807017544,24.93997093023256,48.838804554079694,-81.70809523809524,2.6271358579156887,2.6271358579156887,36.67640503875969,73.21092843326886,71.82172675521822,-120.1588888888889,0.0066438599660813,-0.0122386894112024,1.2699806063080534,0.4106541685919863,23.427466150870405,0.6457461645746164,2.5338983050847457,3.08187134502924,0.0053228585693166,0.8011695906432749,0.0,0.0,0.0377252623935573,1.5977229601518026,0.8158914728682171,4.651933701657459,0.0242248062015503,31.484823055564988,0.0081433525658034,0.0058652032241468,-100.3705128205128,-762000000.0,8654000000.0,-19112000000.0,25905000000.0,670500000.0,261000000.0,111500000.0,55.90116279069768,56.05932203389831,21.35593220338983,1.609984399375975,1.6054421768707483,4.214285714285714,0.0174543227518628,4.317948717948718,2024-02-14,0.83,amc,1019910000.0,2025-04-25,2023-12-31,0.1084337349397591,126.0984126984127,1191369.9523809524
2023-09-30,AWK,USD,1410636,2023-11-01,2023-11-01 16:28:20,2023,Q3,1167000000.0,436000000.0,731000000.0,0.6263924593,0,0.0,0.0,9000000.0,23000000.0,253000000.0,689000000.0,23000000.0,117000000.0,177000000.0,701000000.0,0.6006855184,478000000.0,0.4095972579,-71000000.0,407000000.0,0.3487574979,84000000.0,323000000.0,0.2767780634,1.66,1.66,195000000,195000000,https://www.sec.gov/Archives/edgar/data/1410636/000141063623000122/0001410636-23-000122-index.htm,https://www.sec.gov/Archives/edgar/data/1410636/000141063623000122/awk-20230930.htm,5.984615384615385,1.6564102564102563,3.246153846153846,-0.1435897435897435,3.58974358974359,50.75384615384616,44.89230769230769,50.75384615384616,63.49230769230769,24146850000.0,35782850000.0,18.68951238390093,20.6913881748072,38.146682464454976,-862.3875,2.43981509548348,2.43981509548348,30.662253641816623,51.04543509272468,56.528988941548185,-1277.9589285714285,0.0133764859598664,-0.0011595715383165,1.2391633828432858,0.4112951908243343,16.59914407988588,1.0349971313826736,4.085470085470085,1.959752321981424,0.0057150311531317,0.4272445820433436,0.0,0.0,0.0383325508082366,1.0442338072669826,0.5664095972579263,3.7344632768361583,0.0,43.49203150846978,0.0132791835805802,0.0112641673931996,-95.5923076923077,61000000.0,8754000000.0,-18117000000.0,25978000000.0,691500000.0,237000000.0,110000000.0,53.98457583547558,47.06422018348624,22.91284403669725,1.667142857142857,1.912280701754386,3.927927927927928,0.0326361523694048,3.3897435897435897,2023-11-01,1.65,amc,1137000000.0,2025-04-25,2023-09-30,0.0303030303030303,140.1920634920635,938098.0793650794
2023-06-30,AWK,USD,1410636,2023-07-26,2023-07-26 16:27:42,2023,Q2,1097000000.0,419000000.0,678000000.0,0.6180492252,0,0.0,0.0,8000000.0,20000000.0,246000000.0,665000000.0,15000000.0,110000000.0,174000000.0,641000000.0,0.5843208751,432000000.0,0.3938012762,-75000000.0,357000000.0,0.3254329991,77000000.0,280000000.0,0.2552415679,1.44,1.44,195000000,195000000,https://www.sec.gov/Archives/edgar/data/1410636/000141063623000116/0001410636-23-000116-index.htm,https://www.sec.gov/Archives/edgar/data/1410636/000141063623000116/awk-20230630.htm,5.625641025641026,1.435897435897436,2.2,-1.2564102564102564,4.425641025641026,49.748717948717946,43.88717948717949,49.748717948717946,63.41538461538462,27836250000.0,39298250000.0,24.853794642857142,25.374886052871467,64.88636363636363,-113.61734693877553,2.8694206782805898,2.8694206782805898,35.82338195077484,61.30772230889236,91.60431235431236,-160.40102040816328,0.0100588261709102,-0.0088014728995464,1.263374909803113,0.4155139679956604,17.881435257410295,1.1275510204081634,3.9272727272727272,1.5321428571428573,0.0049575643270914,0.4928571428571429,0.0,0.0,0.0387510170870626,1.5710955710955712,0.6144029170464904,3.873563218390805,0.0,40.09072551338213,0.0119657977613986,0.0098754981836137,-94.18076923076924,225000000.0,8558000000.0,-17806000000.0,25639000000.0,645000000.0,219500000.0,106000000.0,56.03463992707384,52.84009546539379,23.41288782816229,1.6061493411420205,1.7032520325203253,3.844036697247706,0.0288630038140397,3.456410256410257,2023-07-26,1.31,amc,1145450000.0,2025-04-25,2023-06-30,0.1221374045801526,146.87629032258064,904875.8225806452
2023-03-31,AWK,USD,1410636,2023-04-26,2023-04-26 16:28:52,2023,Q1,938000000.0,393000000.0,545000000.0,0.5810234542,0,0.0,0.0,9000000.0,250000000.0,250000000.0,643000000.0,14000000.0,115000000.0,172000000.0,501000000.0,0.5341151386,295000000.0,0.3144989339,-81000000.0,214000000.0,0.2281449893,44000000.0,170000000.0,0.1812366738,0.91,0.91,186000000,186000000,https://www.sec.gov/Archives/edgar/data/1410636/000141063623000064/0001410636-23-000064-index.htm,https://www.sec.gov/Archives/edgar/data/1410636/000141063623000064/awk-20230331.htm,5.043010752688172,0.913978494623656,1.532258064516129,-1.4623655913978495,1.489247311827957,51.32795698924731,45.18279569892473,51.32795698924731,61.274193548387096,27247140000.0,38316140000.0,40.06932352941177,29.0481236673774,95.604,-100.1733088235294,2.854000209489892,2.854000209489892,40.84876332622601,76.47932135728543,134.44259649122807,-140.8681617647059,0.006239186938519,-0.0099826991016304,1.181732481407772,0.3988545570246765,22.093812375249502,0.7071881606765328,2.565217391304348,1.6764705882352942,0.0043674308569633,0.7,0.0,0.0,0.0404086827405783,1.9543859649122808,0.593816631130064,3.238372093023256,0.0,32.48899197229194,0.0086382024546619,0.0062631249309214,-96.53360215053765,-554000000.0,8404000000.0,-17401000000.0,24304000000.0,608000000.0,223500000.0,100500000.0,58.2409381663113,44.19847328244275,23.587786259541986,1.5453047775947282,2.0362694300518136,3.815533980582525,0.0178066408295799,2.9946236559139785,2023-04-26,0.92,amc,899370000.0,2025-04-25,2023-03-31,-0.0108695652173913,148.09354838709675,1229101.3064516129
2022-12-31,AWK,USD,1410636,2023-02-15,2023-02-15 16:31:32,2022,Q4,931000000.0,433000000.0,498000000.0,0.5349087003,0,0.0,0.0,19000000.0,237000000.0,237000000.0,670000000.0,13000000.0,116000000.0,164000000.0,444000000.0,0.4769065521,261000000.0,0.2803437164,-83000000.0,178000000.0,0.1911922664,31000000.0,147000000.0,0.1578947368,0.81,0.81,182000000,182000000,https://www.sec.gov/Archives/edgar/data/1410636/000141063623000020/0001410636-23-000020-index.htm,https://www.sec.gov/Archives/edgar/data/1410636/000141063623000020/awk-20221231.htm,5.115384615384615,0.8076923076923077,1.89010989010989,-2.1648351648351647,0.8351648351648352,42.26923076923077,35.989010989010985,42.26923076923077,69.05494505494505,27740440000.0,40107440000.0,47.17761904761904,29.796390977443604,80.64081395348836,-70.4072081218274,3.6059326660600544,3.6059326660600544,43.07995703544576,90.33207207207208,116.5913953488372,-101.79553299492386,0.0052991228689955,-0.0142030912271038,1.618614324710776,0.4481232230899341,27.8536036036036,0.4446816079686944,2.25,2.3401360544217686,0.004289766132044,0.8095238095238095,0.0,0.0,0.0411343433979918,2.145348837209302,0.7926960257787325,4.5,0.0300751879699248,27.71573528248025,0.0081546967244334,0.0055171896111694,-106.79258241758242,-1561000000.0,6550000000.0,-18844000000.0,22887000000.0,620000000.0,237000000.0,95500000.0,58.87218045112783,52.79445727482679,20.369515011547342,1.528735632183908,1.704724409448819,4.418367346938775,0.019108280254777,4.054945054945055,2023-02-15,0.78,amc,914834255.0,2025-04-25,2022-12-31,-0.0641025641025641,144.35444444444445,863644.873015873
2022-09-30,AWK,USD,1410636,2022-10-31,2022-10-31 16:31:08,2022,Q3,1082000000.0,416000000.0,666000000.0,0.6155268022,0,0.0,0.0,19000000.0,227000000.0,227000000.0,643000000.0,14000000.0,111000000.0,164000000.0,642000000.0,0.5933456562,439000000.0,0.4057301294,-72000000.0,367000000.0,0.3391866913,70000000.0,297000000.0,0.2744916821,1.63,1.63,182000000,182000000,https://www.sec.gov/Archives/edgar/data/1410636/000141063622000155/0001410636-22-000155-index.htm,https://www.sec.gov/Archives/edgar/data/1410636/000141063622000155/awk-20220930.htm,5.945054945054945,1.6318681318681318,3.120879120879121,-0.3846153846153846,0.5494505494505495,42.62637362637363,36.34615384615385,42.62637362637363,66.08791208791209,23689120000.0,35529120000.0,19.9403367003367,21.893826247689464,41.70619718309859,-338.416,3.053508636246455,3.053508636246455,32.83652495378928,55.34130841121495,62.55126760563381,-507.5588571428571,0.0125374011360489,-0.0029549430286984,1.5360917762309874,0.4393202093932021,18.442367601246104,0.4774647887323943,3.954954954954955,1.9124579124579124,0.0050656166206258,0.404040404040404,0.0,0.0,0.0421366954213669,1.1232394366197185,0.589648798521257,3.890243902439024,0.0,39.5615212764199,0.0137195223005503,0.0114305507447177,-103.01236263736264,-1113000000.0,6615000000.0,-18351000000.0,22756000000.0,649000000.0,208000000.0,89000000.0,52.48613678373383,47.59615384615385,20.12019230769231,1.7147385103011092,1.8909090909090909,4.473118279569892,0.0382830626450116,3.505494505494505,2022-10-31,1.51,amc,1070720180.0,2025-04-25,2022-09-30,0.0794701986754966,150.57859375,707685.34375
2022-06-30,AWK,USD,1410636,2022-07-27,2022-07-27 16:32:43,2022,Q2,937000000.0,376000000.0,561000000.0,0.598719317,0,0.0,0.0,20000000.0,234000000.0,234000000.0,610000000.0,12000000.0,106000000.0,163000000.0,539000000.0,0.5752401281,327000000.0,0.3489861259,-57000000.0,270000000.0,0.288153682,52000000.0,218000000.0,0.2326574173,1.2,1.2,182000000,182000000,https://www.sec.gov/Archives/edgar/data/1410636/000141063622000144/0001410636-22-000144-index.htm,https://www.sec.gov/Archives/edgar/data/1410636/000141063622000144/awk-20220630.htm,5.148351648351649,1.1978021978021978,0.2307692307692307,-3.065934065934066,0.5274725274725275,41.59340659340659,35.31318681318681,41.59340659340659,64.86813186813187,27076140000.0,38705140000.0,31.050619266055048,28.89662753468517,644.67,-48.52354838709677,3.576768824306473,3.576768824306473,41.30751334044824,71.80916512059369,921.5509523809524,-69.36405017921147,0.0080513692128937,-0.020608550554104,1.5455746367239105,0.4402799729058478,21.57513914656772,0.5891203703703703,3.0849056603773586,0.1926605504587156,0.0043950134694236,0.5458715596330275,0.0,0.0,0.0430119665838789,14.285714285714286,0.6403415154749199,3.6809815950920246,0.0,33.480817809790935,0.0103745617596849,0.0085722150131729,-100.90796703296704,-710000000.0,6427000000.0,-17986000000.0,22626000000.0,593500000.0,185500000.0,78000000.0,64.06616862326574,46.91489361702128,20.345744680851062,1.4047976011994003,1.9183673469387752,4.423529411764706,0.0287978863936591,3.2967032967032965,2022-07-27,1.16,amc,984017272.0,2025-04-25,2022-06-30,0.0344827586206896,152.35467741935483,924847.3225806452
2022-03-31,AWK,USD,1410636,2022-04-27,2022-04-27 16:32:14,2022,Q1,842000000.0,364000000.0,478000000.0,0.567695962,0,0.0,0.0,19000000.0,232000000.0,232000000.0,596000000.0,13000000.0,100000000.0,158000000.0,451000000.0,0.5356294537,246000000.0,0.2921615202,-53000000.0,193000000.0,0.229216152,35000000.0,158000000.0,0.1876484561,0.87,0.87,182000000,182000000,https://www.sec.gov/Archives/edgar/data/1410636/000141063622000091/0001410636-22-000091-index.htm,https://www.sec.gov/Archives/edgar/data/1410636/000141063622000091/awk-20220331.htm,4.626373626373627,0.8681318681318682,0.8461538461538461,-1.5934065934065933,0.5164835164835165,40.989010989010985,34.73076923076923,40.989010989010985,59.90659340659341,30126460000.0,40854460000.0,47.668449367088606,35.77964370546318,195.62636363636364,-103.8843448275862,4.038399463806971,4.038399463806971,48.52073634204275,90.58638580931265,265.2887012987013,-140.87744827586206,0.0052445591018659,-0.0096260894907665,1.4481233243967828,0.4204483537012532,23.78713968957872,0.5175970873786407,2.46,0.9746835443037974,0.0036180819120467,0.689873417721519,0.0,0.0,0.0443294154277263,2.883116883116883,0.5273159144893111,2.810126582278481,0.0,28.295529688667692,0.0082455208416422,0.00643453471798,-97.33241758241758,-795000000.0,6321000000.0,-17381000000.0,21833000000.0,544000000.0,205000000.0,64000000.0,55.58194774346793,43.26923076923077,17.554945054945055,1.6192307692307693,2.08,5.126760563380282,0.0211796246648793,2.43956043956044,2022-04-27,0.77,amc,889450253.0,2025-04-25,2022-03-31,0.1298701298701298,158.45209677419356,1087282.2258064516
2021-12-31,AWK,USD,1410636,2022-02-16,2022-02-16 16:32:28,2021,Q4,951000000.0,491000000.0,460000000.0,0.483701367,0,0.0,0.0,19000000.0,26000000.0,240000000.0,731000000.0,4000000.0,103000000.0,160000000.0,399000000.0,0.4195583596,220000000.0,0.2313354364,674000000.0,894000000.0,0.9400630915,249000000.0,645000000.0,0.6782334385,3.56,3.55,182000000,182000000,https://www.sec.gov/Archives/edgar/data/1410636/000141063622000048/0001410636-22-000048-index.htm,https://www.sec.gov/Archives/edgar/data/1410636/000141063622000048/awk-20211231.htm,5.225274725274725,3.543956043956044,2.263736263736264,-1.021978021978022,0.7307692307692307,40.0989010989011,33.84065934065934,40.0989010989011,61.34615384615385,34372520000.0,45318520000.0,13.322682170542636,36.14355415352261,83.42844660194176,-184.79849462365596,4.709854754727322,4.709854754727322,47.6535436382755,113.5802506265664,109.99640776699027,-243.6479569892473,0.0187649901723818,-0.0054112994915705,1.5157577418470811,0.4242377756471716,27.43358395989975,0.7258290518449323,2.1359223300970878,0.6387596899224807,0.0032002308821116,0.1705426356589147,0.0,0.0,0.0436816874400767,1.4514563106796117,0.6288117770767613,3.7375,0.0178759200841219,56.5459699304251,0.0064587927656059,0.0258662175168431,-99.9423076923077,-587000000.0,6159000000.0,-17223000000.0,21728000000.0,582500000.0,205000000.0,55000000.0,53.753943217665615,43.07535641547861,10.448065173116088,1.6742957746478873,2.08936170212766,8.614035087719298,0.0883803781858043,3.2857142857142856,2022-02-16,0.86,amc,1013897611.0,2025-04-25,2021-12-31,-0.0116279069767441,174.68078125,680134.59375
2021-09-30,AWK,USD,1410636,2021-11-02,2021-11-02 16:31:17,2021,Q3,1092000000.0,436000000.0,656000000.0,0.6007326007,0,0.0,0.0,20000000.0,24000000.0,239000000.0,675000000.0,0.0,101000000.0,161000000.0,598000000.0,0.5476190476,417000000.0,0.3818681319,-77000000.0,340000000.0,0.3113553114,62000000.0,278000000.0,0.2545787546,1.53,1.53,182000000,182000000,https://www.sec.gov/Archives/edgar/data/1410636/000141063621000199/0001410636-21-000199-index.htm,https://www.sec.gov/Archives/edgar/data/1410636/000141063621000199/awk-20210930.htm,6.0,1.5274725274725274,2.7967032967032965,0.1593406593406593,0.4615384615384615,37.72527472527472,29.164835164835164,37.72527472527472,61.88461538461539,30765280000.0,41857280000.0,27.66661870503597,28.17333333333333,60.44259332023576,1060.871724137931,4.480815613166327,4.480815613166327,38.33084249084249,69.99545150501672,82.23434184675835,1443.3544827586206,0.0090361602429751,0.0009426210325405,1.6256918147392951,0.4406110606718509,18.548494983277592,0.8622559652928417,4.128712871287129,1.830935251798561,0.0035429549154111,0.3920863309352518,0.0,0.0,0.0615008092211739,0.9430255402750491,0.4395604395604395,2.981366459627329,0.0,36.00759942733956,0.0140717632492534,0.0116929547844374,-98.39972527472528,-254000000.0,5308000000.0,-16877000000.0,21984000000.0,581000000.0,160500000.0,52500000.0,49.2032967032967,36.12385321100918,10.940366972477063,1.829145728643216,2.4914285714285715,8.226415094339623,0.0404893678997961,2.6373626373626373,2021-11-02,1.53,amc,1195790000.0,2025-04-25,2021-09-30,0.0,174.77125,679125.109375
2021-06-30,AWK,USD,1410636,2021-08-02,2021-08-02 16:32:07,2021,Q2,999000000.0,431000000.0,568000000.0,0.5685685686,0,0.0,0.0,19000000.0,22000000.0,238000000.0,669000000.0,0.0,101000000.0,158000000.0,507000000.0,0.5075075075,330000000.0,0.3303303303,-79000000.0,251000000.0,0.2512512513,44000000.0,207000000.0,0.2072072072,1.14,1.14,182000000,182000000,https://www.sec.gov/Archives/edgar/data/1410636/000141063621000189/0001410636-21-000189-index.htm,https://www.sec.gov/Archives/edgar/data/1410636/000141063621000189/awk-20210630.htm,5.489010989010989,1.137362637362637,1.8736263736263736,-0.5164835164835165,0.478021978021978,36.75824175824176,28.18131868131868,36.75824175824176,61.417582417582416,28051660000.0,39058660000.0,33.878816425120775,28.07973973973974,82.26293255131965,-298.42191489361704,4.193073243647235,4.193073243647235,39.09775775775776,77.03877712031559,114.54152492668622,-415.5176595744681,0.0073792424405543,-0.0033509603353241,1.6557548579970105,0.4439323501122154,21.71005917159763,0.9181286549707602,3.267326732673267,1.647342995169082,0.0038856880484078,0.5265700483091788,0.0,0.0,0.0625601154216095,1.2756598240469208,0.4354354354354354,2.7531645569620253,0.0,30.67030555434301,0.0113832773306972,0.0088495575221238,-97.39148351648352,-140000000.0,5129000000.0,-16692000000.0,21729000000.0,529000000.0,140000000.0,52000000.0,50.9009009009009,30.487238979118327,10.8584686774942,1.768141592920354,2.952054794520548,8.288461538461538,0.0309417040358744,2.39010989010989,2021-08-02,1.08,amc,943500000.0,2025-04-25,2021-06-30,0.0555555555555553,155.78984126984128,784483.9682539683
2021-03-31,AWK,USD,1410636,2021-05-03,2021-05-03 16:01:26,2021,Q1,888000000.0,419000000.0,469000000.0,0.5281531532,0,0.0,0.0,20000000.0,24000000.0,240000000.0,659000000.0,0.0,98000000.0,157000000.0,406000000.0,0.4572072072,229000000.0,0.2578828829,-74000000.0,155000000.0,0.1745495495,22000000.0,133000000.0,0.1497747748,0.73,0.73,181000000,182000000,https://www.sec.gov/Archives/edgar/data/1410636/000141063621000147/0001410636-21-000147-index.htm,https://www.sec.gov/Archives/edgar/data/1410636/000141063621000147/awk-20210331.htm,4.906077348066298,0.7348066298342542,0.988950276243094,-1.0,0.4696132596685083,36.37016574585636,27.734806629834253,36.37016574585636,60.40331491712707,27135520000.0,37901520000.0,51.00661654135338,30.55801801801801,151.59508379888263,-149.92,4.122059851131702,4.122059851131702,42.68189189189189,93.3534975369458,211.74033519553072,-209.4006629834254,0.0049013249055113,-0.0066702241195304,1.6459061218289537,0.4417940876656473,26.517241379310345,0.5981232150142799,2.336734693877551,1.3458646616541354,0.0036852066958731,0.7518796992481203,0.0,0.0,0.0637308868501529,2.011173184357542,0.4054054054054054,2.2929936305732483,0.0,24.521691941219792,0.0083576527665156,0.005792178381674,-96.47099447513811,-985000000.0,5020000000.0,-16476000000.0,20581000000.0,510000000.0,161500000.0,49500000.0,49.96621621621622,28.782816229116943,11.169451073985678,1.8012170385395538,3.126865671641791,8.057692307692308,0.02020355461036,1.988950276243094,2021-05-03,0.73,amc,881380000.0,2025-04-25,2021-03-31,0.0,151.53606557377051,1130405.5409836066
2020-12-31,AWK,USD,1410636,2021-02-24,2021-02-24 16:32:18,2020,Q4,923000000.0,429000000.0,494000000.0,0.5352112676,0,0.0,0.0,12000000.0,17000000.0,231000000.0,660000000.0,0.0,99000000.0,153000000.0,416000000.0,0.4507042254,263000000.0,0.2849404117,-82000000.0,181000000.0,0.196099675,36000000.0,145000000.0,0.1570964247,0.8,0.8,181000000,181000000,https://www.sec.gov/Archives/edgar/data/1410636/000141063621000101/0001410636-21-000101-index.htm,https://www.sec.gov/Archives/edgar/data/1410636/000141063621000101/awk-20201231.htm,5.099447513812155,0.8011049723756906,2.4198895027624308,-0.5580110497237569,3.0828729281767955,35.65745856353591,27.044198895027623,35.65745856353591,61.43646408839779,27778070000.0,38252070000.0,47.89322413793104,30.095417118093177,63.42025114155251,-275.03039603960394,4.304008366904245,4.304008366904245,41.44319609967497,91.95209134615384,87.33349315068493,-378.7333663366337,0.0052199450861776,-0.0036359617496823,1.7076231794236132,0.4450052491318743,25.177884615384617,0.6615758417216244,2.656565656565657,3.0206896551724136,0.0035639625071144,0.6827586206896552,0.0,0.0,0.0629492045546313,1.230593607305936,0.5839653304442037,3.522875816993464,0.0227518959913326,25.351938102330507,0.0089670840881344,0.0062481147929504,-95.77486187845304,-975000000.0,4895000000.0,-16406000000.0,20389000000.0,543000000.0,175500000.0,48000000.0,51.38678223185265,39.650349650349646,9.86013986013986,1.7514231499051234,2.2698412698412698,9.127659574468083,0.0224666873256894,2.977900552486188,2021-02-24,0.8,amc,923000000.0,2025-04-25,2020-12-31,0.0,153.93765625,828797.765625
2020-09-30,AWK,USD,1410636,2020-11-04,2020-11-04 16:31:11,2020,Q3,1079000000.0,419000000.0,660000000.0,0.6116774791,0,0.0,0.0,12000000.0,18000000.0,227000000.0,646000000.0,0.0,0.0,154000000.0,587000000.0,0.5440222428,433000000.0,0.4012974977,-81000000.0,352000000.0,0.3262279889,88000000.0,264000000.0,0.2446709917,1.46,1.46,181000000,182000000,https://www.sec.gov/Archives/edgar/data/1410636/000141063620000145/0001410636-20-000145-index.htm,https://www.sec.gov/Archives/edgar/data/1410636/000141063620000145/awk-20200930.htm,5.961325966850829,1.4585635359116025,2.5248618784530388,-0.0662983425414364,3.1933701657458564,35.97790055248619,27.34806629834254,35.97790055248619,59.52486187845304,26223280000.0,36437280000.0,24.832651515151515,24.303317886932344,57.38135667396061,-2185.273333333333,4.0269164619164615,4.0269164619164615,33.76949026876738,62.07373083475298,79.73146608315099,-3036.44,0.0100673905018746,-0.0004576086591761,1.6544840294840295,0.4416659834385504,17.400340715502555,0.870353982300885,0.0,1.731060606060606,0.0038134054931343,0.3787878787878788,0.0,0.0,0.0640321390505862,1.026258205689278,0.4346617238183503,3.0454545454545454,0.0,34.3614785988828,0.0139707463970746,0.0115627189908899,-93.15055248618783,-293000000.0,4950000000.0,-15915000000.0,20633000000.0,532000000.0,165500000.0,50000000.0,46.62650602409639,34.79713603818615,10.52505966587112,1.930232558139535,2.58641975308642,8.551020408163266,0.0405405405405405,2.591160220994475,2020-11-04,1.38,amc,1019876712.0,2025-04-25,2020-09-30,0.0579710144927536,141.7228125,717163.328125
2020-06-30,AWK,USD,1410636,2020-08-05,2020-08-05 16:31:59,2020,Q2,931000000.0,391000000.0,540000000.0,0.5800214823,0,0.0,0.0,12000000.0,20000000.0,227000000.0,618000000.0,0.0,0.0,152000000.0,465000000.0,0.4994629431,313000000.0,0.3361976369,-81000000.0,232000000.0,0.2491944146,56000000.0,176000000.0,0.1890440387,0.97,0.97,181000000,181000000,https://www.sec.gov/Archives/edgar/data/1410636/000141063620000119/0001410636-20-000119-index.htm,https://www.sec.gov/Archives/edgar/data/1410636/000141063620000119/awk-20200630.htm,5.143646408839779,0.9723756906077348,1.9392265193370168,-0.7624309392265194,3.220994475138121,35.01657458563536,26.35911602209945,35.01657458563536,58.9060773480663,23287460000.0,33380460000.0,33.07877840909091,25.01338345864661,66.34603988603989,-168.74971014492755,3.674260018933418,3.674260018933418,35.85441460794844,71.78593548387097,95.10102564102564,-241.88739130434783,0.0075577156117498,-0.0059259361046674,1.682234143262859,0.4440834686992377,21.705376344086023,0.89730241362991,0.0,1.994318181818182,0.0042941565975851,0.5681818181818182,0.0,0.0,0.0652671914698654,1.393162393162393,0.5252416756176155,3.2171052631578947,0.0,27.678664755494435,0.0103757166642809,0.0078424382853578,-92.17541436464089,-217000000.0,4771000000.0,-15775000000.0,20393000000.0,484500000.0,160500000.0,50500000.0,48.81847475832439,38.90025575447571,11.73913043478261,1.843564356435644,2.3136094674556213,7.666666666666667,0.0277690123067213,2.701657458563536,2020-08-05,0.96,amc,921402061.0,2025-04-25,2020-06-30,0.0104166666666666,124.57333333333334,1011336.8888888888
2020-03-31,AWK,USD,1410636,2020-05-06,2020-05-06 16:33:50,2020,Q1,844000000.0,383000000.0,461000000.0,0.5462085308,0,0.0,0.0,13000000.0,16000000.0,222000000.0,605000000.0,0.0,0.0,145000000.0,384000000.0,0.4549763033,239000000.0,0.2831753555,-80000000.0,159000000.0,0.1883886256,35000000.0,124000000.0,0.1469194313,0.69,0.68,181000000,181000000,https://www.sec.gov/Archives/edgar/data/1410636/000141063620000080/0001410636-20-000080-index.htm,https://www.sec.gov/Archives/edgar/data/1410636/000141063620000080/a331202010-qdocument.htm,4.662983425414365,0.6850828729281768,0.994475138121547,-1.3867403314917126,3.12707182320442,34.49171270718232,25.85635359116022,34.49171270718232,57.447513812154696,21640360000.0,31482360000.0,43.629758064516125,25.640236966824645,120.22422222222222,-86.21657370517929,3.466339900688771,3.466339900688771,37.30137440758294,81.9853125,174.902,-125.42772908366534,0.0057300340659767,-0.0115986979883883,1.6655454108601633,0.4416036694130638,25.63020833333333,0.6508854354897,0.0,1.4516129032258065,0.0041588956930476,0.7258064516129032,0.0,0.0,0.0663807016053682,2.3944444444444444,0.5106635071090048,2.972413793103448,0.0,23.057923513558624,0.0082954264589843,0.0056407223763817,-90.40883977900552,-966000000.0,4680000000.0,-15502000000.0,19286000000.0,465000000.0,177500000.0,47000000.0,49.47867298578199,35.718015665796344,11.749347258485638,1.8189655172413792,2.5197368421052637,7.66,0.019862245715201,2.3812154696132595,2020-05-06,0.65,amc,818805970.0,2025-04-25,2020-03-31,0.0307692307692307,129.03290322580645,1457435.0483870967
2019-12-31,AWK,USD,1410636,2020-02-18,2020-02-18 16:34:02,2019,Q4,902000000.0,412000000.0,490000000.0,0.5432372506,0,0.0,0.0,4000000.0,14000000.0,223000000.0,635000000.0,0.0,98000000.0,152000000.0,423000000.0,0.4689578714,224000000.0,0.2483370288,-88000000.0,136000000.0,0.1507760532,38000000.0,98000000.0,0.1086474501,0.54,0.54,181000000,181000000,https://www.sec.gov/Archives/edgar/data/1410636/000141063620000040/0001410636-20-000040-index.htm,https://www.sec.gov/Archives/edgar/data/1410636/000141063620000040/a12312019-awkx10kdocum.htm,4.983425414364641,0.5414364640883977,2.4198895027624308,-0.7403314917127072,0.3756906077348066,33.81767955801105,25.154696132596683,33.81767955801105,53.25966850828729,22235850000.0,31717850000.0,56.72410714285714,24.651718403547672,50.76678082191781,-165.9391791044776,3.632715242607417,3.632715242607417,35.16391352549889,74.98309692671394,72.41518264840182,-236.70037313432832,0.0044072972249767,-0.0060263043688458,1.5588956052932528,0.4206860065249977,22.4160756501182,0.628361858190709,2.2857142857142856,4.469387755102041,0.0040475178596725,0.9183673469387756,0.0,0.0,0.0691297063750992,1.3059360730593608,0.6341463414634146,3.763157894736842,0.0188470066518847,20.297236486285264,0.007524673194997,0.0046414701146158,-89.06906077348066,-760000000.0,4553000000.0,-15276000000.0,19143000000.0,494000000.0,176000000.0,45000000.0,46.49667405764967,44.34466019417476,9.611650485436892,1.9356223175965663,2.0295566502463056,9.363636363636363,0.0160104558078745,3.160220994475138,2020-02-18,0.73,amc,902000000.0,2025-04-25,2019-12-31,0.0,121.21734375,898716.109375
2019-09-30,AWK,USD,1410636,2019-10-30,2019-10-30 16:31:55,2019,Q3,1013000000.0,395000000.0,618000000.0,0.6100691017,0,0.0,0.0,4000000.0,9000000.0,212000000.0,607000000.0,0.0,0.0,144000000.0,550000000.0,0.5429417572,406000000.0,0.4007897335,-88000000.0,318000000.0,0.3139190523,78000000.0,240000000.0,0.2369200395,1.33,1.33,181000000,181000000,https://www.sec.gov/Archives/edgar/data/1410636/000141063619000159/0001410636-19-000159-index.htm,https://www.sec.gov/Archives/edgar/data/1410636/000141063619000159/a930201910-qdocument.htm,5.596685082872928,1.3259668508287292,2.569060773480663,0.1767955801104972,0.5911602209944752,34.19889502762431,25.08287292817679,34.19889502762431,51.03314917127072,22485630000.0,31628630000.0,23.42253125,22.197068114511357,48.3561935483871,702.6759375,3.632573505654281,3.632573505654281,31.22273445212241,57.5066,68.01855913978494,988.3946875,0.0106734834647728,0.0014231311286363,1.4922455573505655,0.4153700872380609,16.623636363636365,0.5369623655913979,0.0,1.9375,0.0040025562992898,0.375,0.0,0.0,0.0741973199028689,0.9311827956989248,0.4274432379072063,3.0069444444444446,0.0,31.94211210433695,0.0144174984397319,0.0116572760831552,-85.7817679558011,-689000000.0,4540000000.0,-15249000000.0,19221000000.0,519000000.0,144500000.0,47000000.0,46.37709772951629,33.949367088607595,10.481012658227847,1.940613026819923,2.651006711409396,8.58695652173913,0.0387722132471728,2.3922651933701657,2019-10-30,1.3,amc,990150375.0,2025-04-25,2019-09-30,0.023076923076923,120.60125,1002333.984375
2019-06-30,AWK,USD,1410636,2019-07-31,2019-07-31 16:31:53,2019,Q2,882000000.0,372000000.0,510000000.0,0.5782312925,0,0.0,0.0,4000000.0,19000000.0,214000000.0,586000000.0,0.0,0.0,142000000.0,442000000.0,0.5011337868,302000000.0,0.3424036281,-75000000.0,227000000.0,0.2573696145,57000000.0,170000000.0,0.1927437642,0.94,0.94,181000000,181000000,https://www.sec.gov/Archives/edgar/data/1410636/000141063619000147/0001410636-19-000147-index.htm,https://www.sec.gov/Archives/edgar/data/1410636/000141063619000147/a630201910-qdocument.htm,4.87292817679558,0.9392265193370166,1.723756906077348,-0.5359116022099447,0.3756906077348066,33.29834254143646,24.165745856353592,33.29834254143646,50.613259668508285,20947130000.0,30044130000.0,30.80460294117647,23.74958049886621,67.13823717948718,-215.94979381443292,3.475548365687739,3.475548365687739,34.063639455782315,67.9731447963801,96.29528846153846,-309.73329896907217,0.008115670261272,-0.0046307059726081,1.5199933631989382,0.4191909947835636,20.581447963800905,0.5626423690205011,0.0,1.8352941176470587,0.0043442705516221,0.5352941176470588,0.0,0.0,0.0756383270797108,1.310897435897436,0.463718820861678,2.880281690140845,0.0,26.5269757644914,0.0107909442664753,0.0084154249789614,-84.79558011049724,-576000000.0,4374000000.0,-15086000000.0,18987000000.0,496500000.0,135000000.0,46000000.0,52.6530612244898,33.87096774193548,11.612903225806452,1.7093023255813953,2.657142857142857,7.75,0.0282064045130247,2.2596685082872927,2019-07-31,0.93,amc,872617021.0,2025-04-25,2019-06-30,0.0107526881720429,110.36396825396824,921922.1587301588
2019-03-31,AWK,USD,1410636,2019-05-01,2019-05-01 16:02:47,2019,Q1,813000000.0,365000000.0,448000000.0,0.5510455105,0,0.0,0.0,4000000.0,7000000.0,213000000.0,578000000.0,0.0,0.0,144000000.0,383000000.0,0.4710947109,238000000.0,0.2927429274,-86000000.0,152000000.0,0.1869618696,39000000.0,113000000.0,0.1389913899,0.62,0.62,181000000,181000000,https://www.sec.gov/Archives/edgar/data/1410636/000141063619000080/0001410636-19-000080-index.htm,https://www.sec.gov/Archives/edgar/data/1410636/000141063619000080/a331201910-qdocument.htm,4.49171270718232,0.6243093922651933,0.9281767955801103,-0.9723756906077348,0.3756906077348066,32.773480662983424,23.629834254143645,32.773480662983424,49.34806629834255,18796850000.0,27665850000.0,41.58595132743363,23.12035670356704,111.8860119047619,-106.80028409090907,3.1687204989885367,3.1687204989885367,34.02933579335793,72.23459530026109,164.67767857142857,-157.19232954545456,0.0060116455682734,-0.0093632709735939,1.5057316250842887,0.4161386507640701,23.156657963446477,0.3205009276437848,0.0,1.4867256637168142,0.0043624330672426,0.7256637168141593,0.0,0.0,0.0771058516585911,2.047619047619047,0.4231242312423124,2.388888888888889,0.0,21.456183616623218,0.0085986397689806,0.0057044777626331,-83.33839779005525,-1465000000.0,4277000000.0,-14841000000.0,17929000000.0,482000000.0,152500000.0,42500000.0,52.80442804428044,32.054794520547944,10.849315068493151,1.7044025157232705,2.8076923076923075,8.295454545454545,0.0190492245448415,1.900552486187845,2019-05-01,0.63,amc,839655737.0,2025-04-25,2019-03-31,-0.0317460317460317,98.09901639344262,1052854.1147540985
2018-12-31,AWK,USD,1410636,2019-02-19,2019-02-19 16:32:26,2018,Q4,850000000.0,394000000.0,456000000.0,0.5364705882,0,0.0,0.0,10000000.0,15000000.0,208000000.0,602000000.0,0.0,91000000.0,141000000.0,389000000.0,0.4576470588,248000000.0,0.2917647059,-78000000.0,170000000.0,0.2,58000000.0,112000000.0,0.1317647059,0.62,0.62,181000000,181000000,https://www.sec.gov/Archives/edgar/data/1410636/000141063619000041/0001410636-19-000041-index.htm,https://www.sec.gov/Archives/edgar/data/1410636/000141063619000041/a12312018-awkx10kdocument.htm,4.696132596685083,0.6187845303867403,2.176795580110497,-0.4530386740331492,0.7348066298342542,32.39779005524862,23.23204419889503,32.39779005524862,48.03867403314917,16429370000.0,24903370000.0,36.67270089285714,19.328670588235298,41.698908629441625,-200.3581707317073,2.801734311050477,2.801734311050477,29.298082352941176,64.01894601542416,63.20652284263959,-303.69963414634145,0.0068170599359561,-0.004991061738825,1.4672578444747613,0.4054092258398907,21.784061696658096,0.3729703915950334,2.725274725274726,3.517857142857143,0.004991061738825,0.7321428571428571,0.0,0.0,0.0781699100032983,1.2081218274111676,0.56,3.375886524822695,0.02,21.238247440887573,0.0081029674317654,0.0057248006542629,-81.99033149171271,-1313000000.0,4205000000.0,-14578000000.0,17755000000.0,518500000.0,158000000.0,41500000.0,51.56470588235295,39.9746192893401,9.365482233502538,1.7453798767967146,2.251428571428572,9.609756097560975,0.0190995907230559,2.6298342541436464,2019-02-19,0.69,amc,850000000.0,2025-04-25,2018-12-31,0.0,91.29396825396826,979621.5873015872
2018-09-30,AWK,USD,1410636,2018-10-31,2018-10-31 16:35:09,2018,Q3,976000000.0,390000000.0,586000000.0,0.6004098361,0,0.0,0.0,5000000.0,11000000.0,212000000.0,602000000.0,0.0,0.0,141000000.0,520000000.0,0.5327868852,335000000.0,0.3432377049,-80000000.0,255000000.0,0.2612704918,70000000.0,187000000.0,0.1915983607,1.04,1.04,181000000,181000000,https://www.sec.gov/Archives/edgar/data/1410636/000141063618000169/0001410636-18-000169-index.htm,https://www.sec.gov/Archives/edgar/data/1410636/000141063618000169/a930201810-qdocument.htm,5.392265193370166,1.033149171270718,2.580110497237569,0.2707182320441988,0.5082872928176796,32.3756906077348,23.193370165745858,32.3756906077348,46.39226519337016,15842930000.0,24153930000.0,21.18038770053476,16.23251024590164,33.92490364025696,323.3251020408163,2.703571672354949,2.703571672354949,24.747879098360656,46.449865384615386,51.72147751605995,492.93734693877553,0.011803372229758,0.0030928622420221,1.4329351535836177,0.4021551724137931,15.982692307692307,0.4576659038901602,0.0,2.5243243243243243,0.0051758102825676,0.4385026737967914,0.0,0.0,0.0795977011494252,0.8950749464668094,0.4282786885245901,2.964539007092198,0.0,27.43356800009276,0.0121769234774424,0.0097304610261213,-80.08011049723757,-948000000.0,4198000000.0,-14220000000.0,17777000000.0,543000000.0,140000000.0,42000000.0,50.7172131147541,32.53846153846154,9.692307692307692,1.7745454545454546,2.765957446808511,9.285714285714286,0.0319112627986348,2.3093922651933703,2018-10-31,1.16,amc,951600000.0,2025-04-25,2018-09-30,0.0344827586206896,87.95920634920635,645255.6984126985
2018-06-30,AWK,USD,1410636,2018-08-01,2018-08-01 16:31:50,2018,Q2,853000000.0,348000000.0,505000000.0,0.592028136,0,0.0,0.0,2000000.0,6000000.0,203000000.0,551000000.0,0.0,0.0,134000000.0,436000000.0,0.511137163,302000000.0,0.3540445487,-80000000.0,222000000.0,0.2602579132,60000000.0,162000000.0,0.1899179367,0.9,0.9,179000000,179000000,https://www.sec.gov/Archives/edgar/data/1410636/000141063618000143/0001410636-18-000143-index.htm,https://www.sec.gov/Archives/edgar/data/1410636/000141063618000143/a630201810-qdocument.htm,4.76536312849162,0.905027932960894,1.7094972067039107,-0.4972067039106145,0.3966480446927374,32.04469273743017,22.424581005586592,32.04469273743017,46.6927374301676,15283020000.0,23573020000.0,23.584907407407403,17.916787807737396,49.94450980392156,-171.71932584269663,2.6644037656903765,2.6644037656903765,27.635427901524032,54.06655963302752,77.03601307189543,-264.865393258427,0.0105999992148148,-0.0058234563587563,1.457112970711297,0.4082848908211616,19.013761467889907,0.2822771941714673,0.0,1.8888888888888888,0.0052999996074074,0.5,0.0,0.0,0.0841189976063699,1.2908496732026145,0.4630715123094959,2.9477611940298507,0.0,25.544670592645662,0.0112823620733312,0.0086404608245773,-79.55865921787709,-2118000000.0,4014000000.0,-13902000000.0,16381000000.0,498500000.0,136000000.0,42000000.0,56.55334114888628,35.94827586206897,10.862068965517242,1.5914179104477613,2.5035971223021583,8.285714285714286,0.0282426778242677,2.206703910614525,2018-08-01,0.81,amc,832445783.0,2025-04-25,2018-06-30,0.0246913580246912,82.6875,893236.453125
2018-03-31,AWK,USD,1410636,2018-05-02,2018-05-02 16:33:42,2018,Q1,761000000.0,347000000.0,414000000.0,0.544021025,0,0.0,0.0,3000000.0,7000000.0,199000000.0,546000000.0,0.0,0.0,129000000.0,347000000.0,0.455978975,217000000.0,0.285151117,-77000000.0,140000000.0,0.1839684625,34000000.0,106000000.0,0.1392904074,0.6,0.59,178000000,179000000,https://www.sec.gov/Archives/edgar/data/1410636/000141063618000111/0001410636-18-000111-index.htm,https://www.sec.gov/Archives/edgar/data/1410636/000141063618000111/a331201810-qdocument.htm,4.275280898876405,0.5955056179775281,1.2303370786516854,-0.9269662921348316,0.3370786516853932,30.623595505617978,22.876404494382022,30.623595505617978,44.943820224719104,14619140000.0,22564140000.0,34.4791037735849,19.21043363994744,66.75406392694063,-88.60084848484848,2.681918913960741,2.681918913960741,29.650643889618923,65.02634005763689,103.03260273972604,-136.75236363636364,0.0072507685130589,-0.0112865736288181,1.467620620069712,0.40551500405515,22.896253602305475,0.2871209137455691,0.0,2.0660377358490565,0.0050618572638335,0.6981132075471698,0.0,0.0,0.0699006488240064,1.7534246575342465,0.5045992115637319,2.976744186046512,0.0,20.256400747442893,0.0087426169318363,0.0057768815739277,-77.81039325842697,-1810000000.0,4072000000.0,-13548000000.0,16046000000.0,472500000.0,164000000.0,41500000.0,54.5203679369251,34.4956772334294,10.893371757925072,1.650759219088937,2.609022556390977,8.261904761904763,0.0194459732159236,2.157303370786517,2018-05-02,0.55,amc,709406779.0,2025-04-25,2018-03-31,0.0727272727272725,81.62655737704918,1175962.4098360655
2017-12-31,AWK,USD,1410636,2018-02-20,2018-02-20 16:33:54,2017,Q4,821000000.0,368000000.0,453000000.0,0.5517661389,0,0.0,0.0,2000000.0,6000000.0,181000000.0,549000000.0,0.0,83000000.0,114000000.0,386000000.0,0.4701583435,279000000.0,0.3398294762,-78000000.0,201000000.0,0.2448233861,202000000.0,-1000000.0,-0.0012180268,-0.0056,-0.0056,178000000,179000000,https://www.sec.gov/Archives/edgar/data/1410636/000141063618000076/0001410636-18-000076-index.htm,https://www.sec.gov/Archives/edgar/data/1410636/000141063618000076/a12312017-awkx10kdocument.htm,4.612359550561798,-0.0056179775280898,2.601123595505618,-0.1797752808988764,0.3258426966292135,30.252808988764045,22.50561797752809,30.252808988764045,43.82022471910113,16285220000.0,23947220000.0,-4071.305,19.835834348355665,35.17326133909287,-508.913125,3.024181987000929,3.024181987000929,29.1683556638246,62.03943005181347,51.721857451403885,-748.350625,-6.140537247884892e-05,-0.0019649719193231,1.4330547818013,0.3961092290319269,19.849740932642487,0.3096774193548387,3.36144578313253,-463.0,0.0045439975634348,-74.0,0.0,0.0,0.0707832871368442,1.0691144708423326,0.6029232643118149,4.342105263157895,0.0133982947624847,,-7.550368263123161e-05,-5.5239463072418936e-05,-76.71629213483146,-1605000000.0,4006000000.0,-13377000000.0,16020000000.0,515000000.0,169500000.0,41500000.0,53.057247259439706,47.69021739130434,10.027173913043478,1.6962809917355373,1.8871794871794871,8.975609756097562,-0.0001857010213556,2.7808988764044944,2018-02-20,0.66,amc,785304347.0,2025-04-25,2017-12-31,0.0454545454545453,88.36682539682539,869921.0952380953
2017-09-30,AWK,USD,1410636,2017-11-01,2017-11-01 16:31:24,2017,Q3,936000000.0,324000000.0,612000000.0,0.6538461538,0,0.0,0.0,2000000.0,5000000.0,189000000.0,513000000.0,0.0,0.0,128000000.0,529000000.0,0.5651709402,430000000.0,0.4594017094,-92000000.0,340000000.0,0.3632478632,137000000.0,203000000.0,0.2168803419,1.14,1.13,178000000,179000000,https://www.sec.gov/Archives/edgar/data/1410636/000141063617000011/0001410636-17-000011-index.htm,https://www.sec.gov/Archives/edgar/data/1410636/000141063617000011/a930201710-qdocument.htm,5.258426966292135,1.1404494382022472,2.595505617977528,0.4325842696629213,0.5449438202247191,31.0,23.286516853932586,31.0,41.92134831460674,14401980000.0,21770980000.0,17.736428571428572,15.38673076923077,31.173116883116883,187.0387012987013,2.61,2.61,23.259594017094017,41.15497164461247,47.123333333333335,282.74,0.0140952841206556,0.0053464870802486,1.3523015585357014,0.385413976550798,13.930056710775048,0.4922724670864339,0.0,2.2758620689655173,0.0051381823888104,0.3645320197044335,0.0,0.0,0.0709157584835494,0.8333333333333334,0.4113247863247863,3.0078125,0.0,28.203962188778856,0.0139499725123694,0.0112853013119857,-74.8061797752809,-887000000.0,4145000000.0,-12983000000.0,16167000000.0,535000000.0,139000000.0,41500000.0,52.5,40.0,11.666666666666666,1.7142857142857142,2.25,7.714285714285714,0.0367886915549112,2.162921348314607,2017-11-01,1.08,amc,936000000.0,2025-04-25,2017-09-30,0.0,80.93857142857144,746142.3015873015
2017-06-30,AWK,USD,1410636,2017-08-02,2017-08-02 16:35:22,2017,Q2,844000000.0,349000000.0,495000000.0,0.586492891,0,0.0,0.0,2000000.0,3000000.0,189000000.0,538000000.0,0.0,0.0,126000000.0,430000000.0,0.509478673,308000000.0,0.36492891,-84000000.0,226000000.0,0.2677725118,95000000.0,131000000.0,0.1552132701,0.74,0.73,178000000,179000000,https://www.sec.gov/Archives/edgar/data/1410636/000156459017014936/0001564590-17-014936-index.htm,https://www.sec.gov/Archives/edgar/data/1410636/000156459017014936/awk-10q_20170630.htm,4.741573033707865,0.7359550561797753,1.3876404494382022,-0.5617977528089888,0.3707865168539326,30.247191011235955,22.53370786516854,30.247191011235955,41.87078651685393,13875100000.0,21264100000.0,26.479198473282445,16.43969194312796,56.17449392712551,-138.751,2.577098811292719,2.577098811292719,25.19443127962085,49.45139534883721,86.08947368421053,-212.641,0.009441373395507,-0.0072071552637458,1.3842867756315007,0.3929663608562691,17.183720930232557,0.3036452461480646,0.0,1.8854961832061068,0.0053332948951719,0.5648854961832062,0.0,0.0,0.0723927027312032,1.4048582995951415,0.4111374407582938,2.753968253968254,0.0,22.37996640075622,0.0098592320218316,0.0074461433524697,-73.60955056179775,-1853000000.0,4011000000.0,-12774000000.0,14911000000.0,500500000.0,121000000.0,41000000.0,55.87677725118483,34.55587392550143,10.573065902578795,1.6106870229007633,2.6044776119402986,8.512195121951219,0.0243313521545319,1.949438202247191,2017-08-02,0.79,amc,913369863.0,2025-04-25,2017-06-30,-0.0506329113924051,78.59539682539683,879831.3492063492
2017-03-31,AWK,USD,1410636,2017-05-03,2017-05-03 16:31:35,2017,Q1,756000000.0,337000000.0,419000000.0,0.5542328042,0,0.0,0.0,3000000.0,3000000.0,192000000.0,529000000.0,0.0,0.0,124000000.0,351000000.0,0.4642857143,227000000.0,0.3002645503,-82000000.0,145000000.0,0.1917989418,52000000.0,93000000.0,0.123015873,0.52,0.52,178000000,179000000,https://www.sec.gov/Archives/edgar/data/1410636/000156459017008399/0001564590-17-008399-index.htm,https://www.sec.gov/Archives/edgar/data/1410636/000156459017008399/awk-10q_20170331.htm,4.247191011235955,0.5224719101123596,1.5561797752808988,-0.0337078651685393,0.4606741573033708,29.702247191011235,22.146067415730336,29.702247191011235,41.0,13843060000.0,21063060000.0,37.21252688172042,18.310925925925925,49.97494584837545,-2307.1766666666667,2.618320408549272,2.618320408549272,27.86119047619048,60.00871794871795,76.03992779783394,-3510.51,0.0067181678039393,-0.0004334301808993,1.3803669377718932,0.3921547555077915,20.56980056980057,0.3172043010752688,0.0,2.978494623655914,0.0048399703533756,0.7204301075268817,0.0,0.0,0.0722729715206878,1.021660649819495,0.3743386243386243,2.282258064516129,0.0,18.686044820978967,0.0082042772144864,0.0053866203301476,-72.26264044943821,-1651000000.0,3942000000.0,-12556000000.0,14822000000.0,504500000.0,131000000.0,40000000.0,56.785714285714285,28.84272997032641,10.949554896142432,1.5849056603773586,3.1203703703703702,8.21951219512195,0.0175903158691129,1.5898876404494382,2017-05-03,0.52,amc,770538461.0,2025-04-25,2017-03-31,0.0,74.27935483870968,929149.0
2016-12-31,AWK,USD,1410636,2017-02-21,2017-02-21 16:32:56,2016,Q4,802000000.0,373000000.0,429000000.0,0.5349127182,5000000,0.0,0.0,14000000.0,1000000.0,183000000.0,556000000.0,0.0,83000000.0,120000000.0,431000000.0,0.5374064838,248000000.0,0.3092269327,-82000000.0,166000000.0,0.2069825436,65000000.0,101000000.0,0.1259351621,0.57,0.57,178000000,178000000,https://www.sec.gov/Archives/edgar/data/1410636/000156459017001899/0001564590-17-001899-index.htm,https://www.sec.gov/Archives/edgar/data/1410636/000156459017001899/awk-10k_20161231.htm,4.50561797752809,0.5674157303370787,1.9719101123595504,-0.3033707865168539,0.4269662921348314,29.314606741573037,21.75842696629213,29.314606741573037,40.81460674157304,12880080000.0,19987080000.0,31.88138613861386,16.059950124688278,36.69538461538461,-238.52,2.4683940206975854,2.4683940206975854,24.92154613466334,46.37373549883991,56.94324786324786,-370.1311111111111,0.0078415662014521,-0.0041925205433506,1.3763894212341894,0.3885943079753273,16.48955916473318,0.3277591973244147,2.9879518072289155,3.4752475247524752,0.0052018310445276,0.6633663366336634,0.0,0.0062344139650872,0.0727735093604588,1.1538461538461535,0.5049875311720698,3.375,0.013715710723192,19.345679165147267,0.0086159747767407,0.0058936803407831,-71.73876404494382,-1608000000.0,3873000000.0,-12480000000.0,14729000000.0,559500000.0,144500000.0,39500000.0,59.7007481296758,37.15817694369973,9.410187667560322,1.5075187969924813,2.4220779220779223,9.564102564102564,0.0193560751245688,2.2752808988764044,2017-02-21,0.57,amc,802000000.0,2025-04-25,2016-12-31,0.0,72.36952380952381,1024487.1746031746
2016-09-30,AWK,USD,1410636,2016-11-02,2016-11-02 16:31:41,2016,Q3,930000000.0,432000000.0,498000000.0,0.535483871,0,0.0,0.0,0.0,5000000.0,184000000.0,616000000.0,0.0,0.0,119000000.0,428000000.0,0.4602150538,319000000.0,0.3430107527,-76000000.0,243000000.0,0.2612903226,95000000.0,148000000.0,0.1591397849,0.83,0.83,178000000,178000000,https://www.sec.gov/Archives/edgar/data/1410636/000156459016027010/0001564590-16-027010-index.htm,https://www.sec.gov/Archives/edgar/data/1410636/000156459016027010/awk-10q_20160930.htm,5.224719101123595,0.8314606741573034,2.2865168539325844,0.3258426966292135,0.2808988764044944,29.426966292134832,22.05056179775281,29.426966292134832,38.46067415730337,13321520000.0,20121520000.0,22.502567567567567,14.32421505376344,32.73100737100737,229.6813793103448,2.543245513554792,2.543245513554792,21.636043010752687,47.01289719626168,49.43862407862408,346.92275862068965,0.0111098433211825,0.0043538575177607,1.306987399770905,0.3809470814089366,15.88785046728972,0.4154564315352697,0.0,2.75,0.0050294560981029,0.4527027027027027,0.0,0.0,0.0730621556952868,0.8574938574938575,0.375268817204301,2.9327731092436973,0.0,23.46307136144819,0.0113971998500393,0.0088846200024012,-68.66713483146067,-1127000000.0,3925000000.0,-11932000000.0,14745000000.0,556500000.0,141500000.0,41000000.0,56.80645161290322,28.125,8.333333333333334,1.584327086882453,3.2,10.8,0.0282550591828942,1.9606741573033708,2016-11-02,1.01,amc,894571428.0,2025-04-25,2016-09-30,0.0396039603960396,78.19703125,1216632.953125
2016-06-30,AWK,USD,1410636,2016-08-03,2016-08-03 16:33:26,2016,Q2,827000000.0,351000000.0,476000000.0,0.5755743652,0,0.0,0.0,0.0,7000000.0,179000000.0,530000000.0,0.0,0.0,115000000.0,412000000.0,0.4981862152,299000000.0,0.361547763,-74000000.0,225000000.0,0.2720677146,88000000.0,137000000.0,0.1656590085,0.77,0.77,178000000,178000000,https://www.sec.gov/Archives/edgar/data/1410636/000156459016022379/0001564590-16-022379-index.htm,https://www.sec.gov/Archives/edgar/data/1410636/000156459016022379/awk-10q_20160630.htm,4.646067415730337,0.7696629213483146,1.5224719101123596,-0.3876404494382022,0.2921348314606741,28.94943820224719,21.573033707865168,28.94943820224719,38.50561797752809,15042780000.0,21844780000.0,27.450328467153287,18.18957678355502,55.50841328413284,-218.0113043478261,2.9192276343877355,2.9192276343877355,26.414486094316807,53.02131067961165,80.6080442804428,-316.59101449275363,0.0091073591450516,-0.0045869181095515,1.3300989714729283,0.3871004179374223,16.509708737864077,0.3971264367816092,0.0,1.9781021897810216,0.0043874868873971,0.4817518248175182,0.0,0.0,0.0741556534508076,1.2546125461254614,0.4111245465538089,2.9565217391304346,0.0,22.39038759173268,0.0107282131866692,0.0083572256450924,-67.89606741573034,-1049000000.0,3840000000.0,-11862000000.0,14581000000.0,496500000.0,132000000.0,41500000.0,57.24304715840387,37.94871794871795,10.76923076923077,1.5722433460076046,2.371621621621621,8.357142857142858,0.0265864544925286,1.9101123595505616,2016-08-03,0.73,amc,784038961.0,2025-04-25,2016-06-30,0.0547945205479452,74.37265625,1301212.53125
2016-03-31,AWK,USD,1410636,2016-05-04,2016-05-04 17:08:27,2016,Q1,743000000.0,348000000.0,395000000.0,0.531628533,0,0.0,0.0,0.0,2000000.0,182000000.0,530000000.0,0.0,0.0,116000000.0,329000000.0,0.4427994616,214000000.0,0.2880215343,-78000000.0,136000000.0,0.1830417227,54000000.0,82000000.0,0.1103633917,0.46,0.46,178000000,179000000,https://www.sec.gov/Archives/edgar/data/1410636/000156459016017693/0001564590-16-017693-index.htm,https://www.sec.gov/Archives/edgar/data/1410636/000156459016017693/awk-10q_20160331.htm,4.174157303370786,0.4606741573033708,1.3876404494382022,-0.3033707865168539,0.3707865168539326,28.55056179775281,21.174157303370787,28.55056179775281,37.88202247191011,12269540000.000002,18946540000.0,37.40713414634146,16.513512786002693,49.67425101214575,-227.21370370370377,2.4143132624950807,2.4143132624950807,25.50005383580081,57.58826747720365,76.70663967611335,-350.86185185185184,0.0066832171377248,-0.0044011429931358,1.326839826839827,0.3871504851581788,20.29483282674772,0.3952912019826518,0.0,3.0121951219512195,0.004971661529283,0.7439024390243902,0.0,0.0,0.0753861170121146,1.2186234817813766,0.405114401076716,2.5948275862068964,0.0053835800807537,17.20265633343135,0.0077281631387581,0.0050919026328862,-66.84410112359551,-976000000.0,3769000000.0,-11697000000.0,14435000000.0,494500000.0,121000000.0,39500000.0,56.56796769851951,30.0,10.60344827586207,1.5910064239828694,3.0,8.487804878048781,0.0161353797717434,1.6910112359550562,2016-05-04,0.46,amc,743000000.0,2025-04-25,2016-03-31,0.0,65.05852459016394,2158290.704918033
2015-12-31,AWK,USD,1410636,2016-02-25,2016-02-24 20:10:46,2015,Q4,783000000.0,380000000.0,403000000.0,0.5146871009,3000000,0.0,0.0,14000000.0,5000000.0,171000000.0,551000000.0,0.0,0.0,112000000.0,344000000.0,0.4393358876,232000000.0,0.2962962963,-74214000.0,158000000.0,0.2017879949,59000000.0,98988000.0,0.1264214559,0.55,0.55,179000000,180000000,https://www.sec.gov/Archives/edgar/data/1410636/000156459016013247/0001564590-16-013247-index.htm,https://www.sec.gov/Archives/edgar/data/1410636/000156459016013247/awk-10k_20151231.htm,4.374301675977653,0.5530055865921788,1.8066033519553075,-0.4401787709497207,0.2737430167597765,28.206703910614525,20.932960893854748,28.206703910614525,36.625698324022345,10695250000.0,17206250000.0,27.011481189639145,13.659323116219667,33.073114768292605,-135.74030358412023,2.118290750643692,2.118290750643692,21.97477650063857,50.018168604651166,53.207197679524526,-218.3755965072596,0.0092553236249737,-0.0073670087188237,1.298474945533769,0.380256365640044,18.927325581395348,0.4285714285714285,0.0,3.2668808340404896,0.0057348823075664,0.6196306623025013,0.0,0.003831417624521,0.0755176613885505,1.243649924856671,0.513632183908046,3.57475289767475,0.0140485312899106,18.734072139906715,0.0088692549486024,0.0062104272539055,-65.54469273743017,-876000000.0,3747000000.0,-11535000000.0,14359000000.0,558335000.0,203645500.0,37982500.0,60.0,29.842105263157897,9.0,1.5,3.015873015873016,10.0,0.0196054664289958,2.246782122905028,2016-02-25,0.55,amc,782600000.0,2025-04-25,2015-12-31,0.0,57.64015625,881001.859375
2015-09-30,AWK,USD,1410636,2015-11-04,2015-11-04 17:22:52,2015,Q3,896206000.0,363610000.0,532596000.0,0.5942785476,0,0.0,0.0,0.0,-189000.0,171488000.0,535098000.0,0.0,0.0,111196000.0,472000000.0,0.5266646284,361283000.0,0.4031249512,-74000000.0,287085000.0,0.3203337179,113191000.0,174000000.0,0.194151791,0.97,0.96,179000000,180000000,https://www.sec.gov/Archives/edgar/data/1410636/000156459015009409/0001564590-15-009409-index.htm,https://www.sec.gov/Archives/edgar/data/1410636/000156459015009409/awk-10q_20150930.htm,5.006737430167598,0.9720670391061452,2.4448212290502798,0.5449553072625698,0.4202458100558659,28.85727374301676,21.522703910614524,28.85727374301676,35.43341899441341,9859320000.0,16126678000.0,14.165689655172416,11.001176068894877,22.52925463241192,101.07250863686222,1.9087042140745865,1.9087042140745865,17.994387451099414,34.1666906779661,36.85061799768294,165.32213189539402,0.0176482759460084,0.0098938872052027,1.2278851879758057,0.3707990559347163,13.278300847457627,0.7542636051371776,0.0,2.516607818556132,0.0061870392684282,0.3505747126436782,0.0,0.0,0.0767538568595593,0.777098095849624,0.3794618647944781,3.058347422569158,0.0,25.12274078382215,0.0133913074317237,0.0110180382382916,-63.68442458100559,-286378000.0,3852564000.0,-11060712000.0,14632020000.0,552847000.0,282430500.0,38148500.0,59.71874769863179,69.6245702813454,9.39701878386183,1.5070644222846286,1.292647116331486,9.577505597260634,0.0336853386692974,1.8998659217877096,2015-11-04,0.94,amc,877529166.0,2025-04-25,2015-09-30,0.0212765957446808,52.25390625,873420.0625
2015-06-30,AWK,USD,1410636,2015-08-05,2015-08-05 16:32:03,2015,Q2,782121000.0,336624000.0,445497000.0,0.5696011231,0,0.0,0.0,0.0,-1012000.0,169145000.0,505769000.0,0.0,0.0,108923000.0,386000000.0,0.4935297735,277561000.0,0.3548824287,-74000000.0,203627000.0,0.2603522984,80552000.0,123000000.0,0.1572646688,0.69,0.68,179564000,180371000,https://www.sec.gov/Archives/edgar/data/1410636/000156459015006249/0001564590-15-006249-index.htm,https://www.sec.gov/Archives/edgar/data/1410636/000156459015006249/awk-10q_20150630.htm,4.3556670602125145,0.684992537479673,1.2217148203426076,-0.360306074714308,0.8061304047581921,28.142556414426053,21.40489741819073,28.142556414426053,35.254694704951994,8732197320.0,14917919320.0,17.748368536585364,11.164765196178084,39.80470662241996,-134.96858202726514,1.7279880080500418,1.7279880080500418,19.07367187430078,38.647459378238345,68.00160145138939,-230.5777507805496,0.014085801716629,-0.0074091317029469,1.252718274267373,0.3783378192591445,16.02518652849741,0.5886073689250279,0.0,1.7824578509039204,0.0069856415017428,0.4959349593495935,0.0,0.0,0.0723055817921853,1.2949183137626723,0.3632097846752612,2.608025853125602,0.0,20.826483750584437,0.0104179857427573,0.0079239859117972,-61.99325031743557,-622103000.0,3843549000.0,-10788857000.0,13945719000.0,482427000.0,243489500.0,38477000.0,58.804404945014895,75.81544987879653,10.248467132468274,1.530497589154325,1.1870931339704482,8.78180110612543,0.0243400964501057,1.5820208950569157,2015-08-05,0.67,amc,770598529.0,2025-04-25,2015-06-30,0.0149253731343283,52.63539682539683,878605.1587301587
2015-03-31,AWK,USD,1410636,2015-05-06,2015-05-06 17:22:08,2015,Q1,698078000.0,323832000.0,374246000.0,0.5361091454,0,0.0,0.0,0.0,1756000.0,171073000.0,494905000.0,0.0,0.0,107377000.0,310000000.0,0.4440764499,204301000.0,0.292662138,-71000000.0,133502000.0,0.1912422394,53459000.0,80000000.0,0.1146003742,0.45,0.44,179000000,180000000,https://www.sec.gov/Archives/edgar/data/1410636/000156459015003448/0001564590-15-003448-index.htm,https://www.sec.gov/Archives/edgar/data/1410636/000156459015003448/awk-10q_20150331.htm,3.899877094972067,0.4469273743016759,1.1096033519553072,-0.2349553072625698,0.1357206703910614,27.893508379888267,21.144664804469272,27.893508379888267,33.712743016759774,9703590000.0,15713877000.0,30.32371875,13.900438059930266,48.85529581762067,-230.7247307225908,1.9434629470664369,1.9434629470664369,22.510202298310503,50.68992580645161,79.11567876185057,-373.6328554105143,0.0082443714130543,-0.0043341691064853,1.208623259491706,0.3710498661084115,19.38802258064516,0.5938822758865641,0.0,2.481403745486801,0.005771059989138,0.7,0.0,0.0,0.0742792570690829,1.2117471138209337,0.3447694956724034,2.2414111029363832,0.0034637963092949,16.747936599964138,0.0078311069149341,0.0053136769794509,-60.81908100558659,-498529000.0,3784895000.0,-10541574000.0,13808081000.0,360441500.0,151704500.0,37906000.0,58.51022378588066,56.53181279181798,10.733899058771216,1.5381927153339356,1.5920239517425483,8.384651235047382,0.0160226303631248,1.344558659217877,2015-05-06,0.41,amc,650502272.0,2025-04-25,2015-03-31,0.0731707317073171,54.38032786885245,890103.7213114754
2014-12-31,AWK,USD,1410636,2015-02-25,2015-02-24 18:40:19,2014,Q4,731378000.0,345487000.0,385891000.0,0.5276218317,3000000,0.0,0.0,15000000.0,-605000.0,164142000.0,509629000.0,2411000.0,77556000.0,105686000.0,332388000.0,0.454468141,223061000.0,0.3049872979,-73915000.0,149146000.0,0.2039246464,55200000.0,93501000.0,0.1278422375,0.52,0.52,179150000,180142000,https://www.sec.gov/Archives/edgar/data/1410636/000156459015000905/0001564590-15-000905-index.htm,https://www.sec.gov/Archives/edgar/data/1410636/000156459015000905/awk-10k_20141231.htm,4.082489533910131,0.5219145967066704,1.434691599218532,-0.3374323192855149,0.1288305888919899,27.43840915433994,20.695216299190623,27.43840915433994,33.697415573541726,9548695000.0,15484951000.0,25.530996994684543,13.055759128658504,37.15084135784456,-157.9576020247804,1.9425324442167784,1.9425324442167784,21.17229531104299,46.58697365729208,60.24686703628052,-256.15706936196256,0.0097920186999375,-0.0063308127445687,1.2123335729111715,0.3694347687762585,17.859417307484026,0.5329331715280766,2.876128217030275,2.748901081271858,0.0058129409306716,0.5936407097250297,0.0,0.0041018461042032,0.0748897337516759,1.2351950199396946,0.4340792312593488,3.0039551123138355,0.0046118423031592,17.95024764679721,0.0091230493780206,0.0062655997525416,-61.25258303097963,-579629000.0,3707548000.0,-10553996000.0,13657710000.0,371892000.0,180356500.0,37196500.0,32.8623092299741,26.050184232691823,9.688063516138088,2.738699808652215,3.45487,9.289782199516,0.019021314019006,1.772123918504047,2015-02-24,0.51,amc,717334615.0,2025-04-25,2014-12-31,0.0196078431372549,51.78609375,734852.75
2014-09-30,AWK,USD,1410636,2014-11-05,2014-11-05 16:59:32,2014,Q3,846169000.0,341348000.0,504821000.0,0.5965959519,0,0.0,0.0,0.0,-733000.0,167596000.0,508944000.0,3527000.0,78972000.0,106458000.0,444335000.0,0.5251137775,337285000.0,0.3986024068,-73472000.0,263813000.0,0.3117734164,107205000.0,152185000.0,0.179851779,0.85,0.85,178992000,179948000,https://www.sec.gov/Archives/edgar/data/1410636/000156459014005041/0001564590-14-005041-index.htm,https://www.sec.gov/Archives/edgar/data/1410636/000156459014005041/awk-10q_20140930.htm,4.727412398319478,0.8502335299901671,2.176896174130688,0.5920711540180567,0.4141414141414141,27.48531777956557,20.73604965585054,27.48531777956557,33.460601591132566,8632784160.0,14468864160.0,14.181397903867005,10.202198567898376,22.155397475150583,81.45980372914622,1.7547550436494288,1.7547550436494288,17.09926050233464,32.5629629896362,37.13326205514222,136.52963085981733,0.0176287275552595,0.0122759932410959,1.201346761925437,0.3760715674003113,13.134414349533571,0.7148323551492773,4.270944132097452,2.5603508887209645,0.0064241152068836,0.3644117357163978,0.0,0.0,0.0768702045801868,0.7280204903412576,0.3352415415833007,2.6646283041199346,0.0032948500831394,22.93035372751551,0.0133248869176461,0.0104900320397982,-57.79988630776794,-301974000.0,3711587000.0,-10039034000.0,13705449000.0,470612000.0,226577000.0,37024000.0,50.7059346300798,68.7397318865205,9.808963286733771,1.7749401654182335,1.3092864567551292,9.175281563314789,0.0309340985907133,1.5848250201126308,2014-11-05,0.91,amc,837002173.0,2025-04-25,2014-09-30,0.0109890109890109,48.86734375,578119.453125
2014-06-30,AWK,USD,1410636,2014-08-06,2014-08-06 17:08:51,2014,Q2,759159000.0,342974000.0,416185000.0,0.5482184891,0,0.0,0.0,0.0,-317000.0,162756000.0,505730000.0,2126000.0,75794000.0,105862000.0,360304000.0,0.4746094033,253774000.0,0.3342830685,-72284000.0,181489000.0,0.239065861,72190000.0,109299000.0,0.1439737921,0.61,0.61,178863000,179693000,https://www.sec.gov/Archives/edgar/data/1410636/000156459014003227/0001564590-14-003227-index.htm,https://www.sec.gov/Archives/edgar/data/1410636/000156459014003227/awk-10q_20140630.htm,4.244360208651314,0.6110766340718874,1.1502714367979965,-0.1368645275993358,0.1796514650878046,27.24501993145592,20.49088408446688,27.24501993145592,33.605642307240736,8844775350.0,14747654350.0,20.23068680866248,11.65075478259495,42.98985301908711,-361.3061825980392,1.8150106009982097,1.8150106009982097,19.426305095507,40.93114245192948,71.68067789113498,-602.4368607026144,0.0123574647941736,-0.0027677356440715,1.2179065347376612,0.3847296788430933,16.38305153425996,0.5730251005942938,3.3482069820830147,1.8823685486600976,0.0062660720941883,0.5070677682320973,0.0,0.0,0.0783112922891447,1.1189845485343224,0.3032579472811361,2.174727475392492,0.0054942377025102,19.35453148970675,0.0102509561240156,0.0076871615912415,-56.77191901063943,-527276000.0,3665061000.0,-9845686000.0,13263300000.0,440684000.0,188140000.0,36043500.0,55.066685635025074,50.49855091056465,9.668517147072372,1.6343820036039294,1.7822293586086124,9.308562898629392,0.0224289296028873,1.287135964397332,2014-08-06,0.64,amc,766780952.0,2025-04-25,2014-06-30,-0.015625,47.00492063492064,747982.3650793651
2014-03-31,AWK,USD,1410636,2014-05-07,2014-05-07 16:43:25,2014,Q1,681946000.0,329275000.0,352671000.0,0.5171538509,0,0.0,0.0,0.0,-1541000.0,166845000.0,496120000.0,3377000.0,76937000.0,106078000.0,293310000.0,0.4301073692,186096000.0,0.2728896423,-73090000.0,113006000.0,0.165711068,44883000.0,68123000.0,0.0998950063,0.38,0.38,178539000,179457000,https://www.sec.gov/Archives/edgar/data/1410636/000156459014001874/0001564590-14-001874-index.htm,https://www.sec.gov/Archives/edgar/data/1410636/000156459014001874/awk-10q_20140331.htm,3.819591237768779,0.3815580909493164,1.3715434722945687,0.234951467186441,0.1722592822856631,26.890970600261006,20.12457782333272,26.890970600261006,33.26294535087572,8105670600.0,13936711600.0,29.74645347386345,11.88608863458397,33.101393369651326,193.2313960141127,1.6882990456119624,1.6882990456119624,20.43667915054857,47.51529644403532,56.91380710079469,332.2378087155526,0.008404363236769,0.0051751424490405,1.2209310099983608,0.3837554626663055,19.88013023763254,0.574429802479588,2.4188101953546406,3.594586263082953,0.0061645732309921,0.7334967632077272,0.0,0.0,0.07908865184083,0.8286955740503279,0.297569015728518,1.9129885555911688,0.0039753880805811,15.194094794860934,0.0076158640534648,0.0048428365431233,-56.64141588112401,-509705000.0,3593022000.0,-9785740000.0,13168341000.0,420351500.0,223977000.0,34107500.0,55.01718611151029,50.24830309012224,9.6326171133551,1.6358524737631184,1.7911052605812694,9.343255206855456,0.0141890784316135,1.1365920051081275,2014-05-07,0.34,amc,577150000.0,2025-04-25,2014-03-31,0.1764705882352941,43.24393442622951,742717.6721311476
2013-12-31,AWK,USD,1410636,2014-02-27,2014-02-26 19:32:42,2013,Q4,712260000.0,333591000.0,378669000.0,0.5316443434,2900000,0.0,0.0,15830000.0,-2564000.0,162450000.0,496041000.0,3138000.0,78042000.0,103969000.0,357117000.0,0.5013857299,215854000.0,0.3030550642,-115906000.0,99948000.0,0.1403251622,40255000.0,59693000.0,0.0838078791,0.33,0.33,178237000,179469000,https://www.sec.gov/Archives/edgar/data/1410636/000156459014000381/0001564590-14-000381-index.htm,https://www.sec.gov/Archives/edgar/data/1410636/000156459014000381/awk-10k_20131231.htm,3.996139970937572,0.3349080157318626,1.1641017297194185,-0.6878033180540516,0.1512817204059763,26.52537913003473,19.749210321089336,26.52537913003473,33.39699950066485,7532295620.0,13379870620.0,31.5459753237398,10.575205149804846,36.30266919213826,-61.44198332680762,1.5931911771300162,1.5931911771300162,18.78509339286216,37.4663502997617,64.48565503214675,-109.1414661641869,0.0079249412146678,-0.0162755162814494,1.242551298657897,0.3898288686185563,16.374395506234652,0.4454676645625814,2.765869659926706,3.475884944633374,0.006624275322853,0.8358769034895214,0.0,0.0040715469070283,0.0801460801738182,1.5908446834967178,0.4634234689579647,3.1747732497186663,0.0049953668604161,14.137897546910716,0.0089040255630247,0.0043063046282188,-55.99514971638885,-685143000.0,3520040000.0,-9791339000.0,12913783000.0,445120000.0,236941500.0,34013000.0,53.55420773313116,71.25596913585798,8.895833520688509,1.6805402191455023,1.2630520795865436,10.117095805659176,0.0126259464224828,1.8519050477734704,2014-02-26,0.47,amc,676148936.0,2025-04-25,2013-12-31,0.0,41.89578125,702387.59375
2013-09-30,AWK,USD,1410636,2013-11-06,2013-11-06 17:31:08,2013,Q3,829196000.0,343610000.0,485586000.0,0.5856106397,0,0.0,0.0,0.0,-449000.0,160943000.0,504553000.0,2935000.0,80324000.0,102734000.0,431102000.0,0.5199036175,323875000.0,0.3905891972,-74883000.0,248992000.0,0.3002812363,98327000.0,150665000.0,0.1817001047,0.85,0.84,177965000,179154000,https://www.sec.gov/Archives/edgar/data/1410636/000156459013001006/0001564590-13-001006-index.htm,https://www.sec.gov/Archives/edgar/data/1410636/000156459013001006/awk-10q_20130930.htm,4.659320652937375,0.8465990503750738,2.239086337201135,0.8082150984744191,0.1823617003343354,26.032826679403257,19.24643047790296,26.032826679403257,32.35185008288146,7346395200.0,12991114200.0,12.189949888826204,8.85966068336075,18.436091236928423,51.07551204861159,1.5856902713011976,1.5856902713011976,15.667121163150812,30.134664650129203,32.6017536683238,90.3201899411822,0.0205086979257527,0.0195788541297097,1.225395278842858,0.372800547081429,13.093697083288871,0.5372181383177701,4.032107464767691,2.644801380546245,0.0067801960885523,0.3306010022234759,0.0,0.0,0.0793082235705468,0.639042458950158,0.3070986835440595,2.478682811922051,0.0029594932922975,22.26849215305423,0.0134321973046131,0.0107458933056504,-57.29061613238558,-528253000.0,3425191000.0,-9982294000.0,12792055000.0,448720000.0,194093000.0,34436000.0,50.62383320710665,54.94345333372137,9.181252000814878,1.777818752519232,1.6380477479882536,9.802584657518617,0.0325204427779211,1.430871238726716,2013-11-06,0.85,amc,831988095.0,2025-04-25,2013-09-30,-0.0117647058823529,41.36671875,826537.25
2013-06-30,AWK,USD,1410636,2013-08-07,2013-08-07 17:23:39,2013,Q2,724265000.0,323320000.0,400945000.0,0.5535888107,0,0.0,0.0,0.0,-256000.0,159172000.0,482492000.0,2845000.0,80602000.0,101366000.0,349687000.0,0.4828163725,241887000.0,0.3339758238,-74168000.0,167719000.0,0.2315713171,66456000.0,101263000.0,0.1398148468,0.57,0.57,177716000,178910000,https://www.sec.gov/Archives/edgar/data/1410636/000156459013000226/0001564590-13-000226-index.htm,https://www.sec.gov/Archives/edgar/data/1410636/000156459013000226/awk-10q_20130630.htm,4.075406828873033,0.5698023813275113,0.7909923698485224,-0.539495599720903,0.1145985730041189,25.727148934254657,18.93352314929438,25.727148934254657,32.870478741362625,7105085679.999999,12845727680.0,17.54116923259236,9.810063554085865,50.54410323535269,-74.10625780948506,1.5540004103124017,1.5540004103124017,17.736225939400633,36.73493060937353,91.38183763480636,-133.98132690843477,0.0142521856260007,-0.0134941370615533,1.2600282669375251,0.3846473250957093,16.41651534086197,0.5201914408189794,3.0010049378427333,1.3881871957180807,0.0070011822855315,0.4912356931949478,0.0,0.0,0.0806106436394036,1.6820490567111517,0.3264675222466914,2.332626324408579,0.0061027386384817,18.16139563384052,0.0100661088561547,0.0073538633617721,-56.521103896103895,-503466000.0,3364790000.0,-9859411000.0,12631740000.0,392310500.0,172570500.0,32484500.0,53.56122413757395,49.66479030063096,9.413924285537547,1.6803200720138831,1.812148998419442,9.56030633667465,0.0221479023106537,1.3304879695694254,2013-08-07,0.61,amc,764533333.0,2025-04-25,2013-06-30,-0.0655737704918033,41.2853125,891258.875
2013-03-31,AWK,USD,1410636,2013-05-07,2013-05-07 17:09:17,2013,Q1,636137000.0,312203000.0,323934000.0,0.5092204981,0,0.0,0.0,0.0,-776000.0,159795000.0,471998000.0,2835000.0,80949000.0,99649000.0,258645000.0,0.4065869459,164233000.0,0.2581723748,-75422000.0,88811000.0,0.1396098639,31168000.0,57643000.0,0.0906141287,0.32,0.32,177327000,178465000,https://www.sec.gov/Archives/edgar/data/1410636/000119312513204722/0001193125-13-204722-index.htm,https://www.sec.gov/Archives/edgar/data/1410636/000119312513204722/d522605d10q.htm,3.58736684204887,0.3250661207825091,0.8437801350048216,-0.4183344893896586,0.1194459952517101,25.43133307392557,18.62379107524517,25.43133307392557,32.331534396905155,7318285290.000001,12949409290.0,31.739696450566424,11.50425975851114,48.91084571428571,-98.6531138281524,1.6228012853291445,1.6228012853291445,20.356321499928477,50.06634301842293,86.54575966583124,-174.5626875791971,0.0078765718629151,-0.0101365274870283,1.253376638870053,0.3827085337502004,21.77163293317095,0.5132354966754736,2.0288453223634635,2.5957184740558263,0.0,0.0,0.0,0.0,0.0817349411099411,1.4957861319966583,0.3518220131826949,2.245953296069203,0.0032100003615573,13.638345124869456,0.0074748524721565,0.0042503145725334,-56.15390352287018,-466482000.0,3302501000.0,-9767704000.0,12533614000.0,364501000.0,223168000.0,30461000.0,50.02596924876245,48.06190203169092,8.979734339516277,1.7990655923618395,1.872585066247608,10.022568218298556,0.0127821109431261,1.2621146243944803,2013-05-07,0.32,amc,636100000.0,2025-04-25,2013-03-31,0.0,39.136,917963.0166666668
2012-12-31,AWK,USD,1410636,2013-03-01,2013-03-01 06:06:23,2012,Q4,680913000.0,357333000.0,323580000.0,0.4752148953,2800000,0.0,0.0,16943000.0,-684000.0,156799000.0,514132000.0,4182000.0,78976000.0,100851000.0,263202000.0,0.3865427742,166963000.0,0.2452046003,-72639000.0,94324000.0,0.1385257735,40100000.0,55478000.0,0.0814759007,0.31,0.31,176907000,178113000,https://www.sec.gov/Archives/edgar/data/1410636/000119312513085812/0001193125-13-085812-index.htm,https://www.sec.gov/Archives/edgar/data/1410636/000119312513085812/d444550d10k.htm,3.848988451559294,0.3135998010253975,1.2468924350082249,-0.2607471722430429,0.1381121154052694,25.126128417756224,18.301921348505147,25.126128417756224,32.07476244580486,6568556910.0,12139397910.0,29.59982745412596,9.646690414193884,29.77802973017082,-142.39847619667017,1.4777445765882833,1.4777445765882833,17.82811887862326,46.12198201381448,55.03299382548145,-263.1676619406868,0.0084459951797844,-0.0070225470574479,1.258782700875683,0.3801401673594685,21.165648437321902,0.5020415507341943,2.114097953808752,3.9760625833663794,0.0134635356306899,1.5940733263636035,0.0,0.0041121259250447,0.0820199720415333,1.209117615058209,0.3916976177573346,2.644614332034388,0.0042898285096627,13.315023455773789,0.0068023831498359,0.0041059151140276,-56.26183390142843,-495385000.0,3237738000.0,-9774541000.0,12451229000.0,194115500.0,240948000.0,30848500.0,49.61986333055765,70.42498173972177,7.4985517710371,1.8137897599684607,1.277955602922611,12.002317613865376,0.0124810235708172,1.5076396072512677,2013-02-26,0.34,amc,699125000.0,2025-04-25,2012-12-31,-0.0588235294117647,37.12,794818.0483870967
2012-09-30,AWK,USD,1410636,2012-11-07,2012-11-07 17:08:20,2012,Q3,831815000.0,355126000.0,476689000.0,0.5730709352,0,0.0,0.0,0.0,504206000.0,504206000.0,504206000.0,2837000.0,79453000.0,96219000.0,430696000.0,0.5177785926,327640000.0,0.3938856597,-72616000.0,255024000.0,0.3065874022,100913000.0,153812000.0,0.1849113084,0.87,0.86,176621000,177841000,https://www.sec.gov/Archives/edgar/data/1410636/000119312512457734/0001193125-12-457734-index.htm,https://www.sec.gov/Archives/edgar/data/1410636/000119312512457734/d417295d10q.htm,4.709604180703314,0.8708590711183835,2.3674591356633696,1.1330136280510246,0.1049195735501441,25.191455149727386,18.35437462136439,25.191455149727386,31.688315658953357,6481990700.000001,11980828700.0,10.535573784880244,7.792586933392642,15.501851519695416,32.39149035050022,1.456843194721015,1.456843194721015,14.403237138065556,27.81736700596244,28.65246745730527,59.87001758997371,0.0237291300032257,0.0308723059414448,1.240042118606355,0.3779140226041446,12.767330088972267,0.6387728482891495,4.1236957698261865,2.7185330143291813,0.006800380012887,0.2865836215639872,0.0,0.0,0.0827130453127445,0.521422097225112,0.2621123687358367,2.2659661813155405,0.0039503976244717,22.2173279832605,0.0142170017851473,0.0114853961290066,-57.21904530038897,-363349000.0,3241768000.0,-9507670000.0,12378550000.0,209144000.0,193095500.0,31818500.0,1.3873036672817876,51.26481868407269,8.09079031104453,64.87404461082514,1.7555899408254771,11.123758809710258,0.0345696215618496,1.234445507612345,2012-11-07,0.82,amc,783995402.0,2025-04-25,2012-09-30,0.0609756097560976,36.66492063492064,804120.1746031746
2012-06-30,AWK,USD,1410636,2012-08-02,2012-08-02 16:54:52,2012,Q2,745607000.0,327577000.0,418030000.0,0.56065729,0,0.0,0.0,0.0,475188000.0,475188000.0,475188000.0,2821000.0,82551000.0,92329000.0,372145000.0,0.499116827,270632000.0,0.3629686953,-73367000.0,197265000.0,0.2645696728,80602000.0,107026000.0,0.1435421073,0.61,0.6,176331000,177491000,https://www.sec.gov/Archives/edgar/data/1410636/000119312512332103/0001193125-12-332103-index.htm,https://www.sec.gov/Archives/edgar/data/1410636/000119312512332103/d369178d10q.htm,4.228451038104474,0.6069607726378232,0.9571317578871554,-0.4983185032694194,0.0732656197719062,24.533264145272245,17.684939120177393,24.533264145272245,32.71089598539111,6044626680.0,11717101680.0,14.119528619214025,8.106987568517999,35.81534069632404,-68.79134484289112,1.3972865492750188,1.3972865492750188,15.714849350931525,31.485312660387752,69.42562557770246,-133.34738849878798,0.0177059735308583,-0.014536712464102,1.3142456902779145,0.3944694566155645,15.24264735519757,0.5956733244004699,3.2783612554663177,1.5769252331209238,0.0067049632914633,0.378683684338385,0.0,0.0,0.0837849181013963,1.520637309506316,0.3442041182553275,2.7796358673872783,0.0040168614296807,18.304136188883664,0.0115335989768269,0.0081048442396394,-55.31592005943368,-411590000.0,3118403000.0,-9480412000.0,12183293000.0,202733000.0,173161000.0,31033500.0,48.94259308187826,50.52772325285353,8.712699609557447,1.8388890807120697,1.7812003828000955,10.329748990918263,0.0247403186564878,1.455450261156575,2012-08-02,0.49,amc,553551515.0,2025-04-25,2012-06-30,0.3469387755102042,33.83206349206349,807881.0317460317
2012-03-31,AWK,USD,1410636,2012-05-02,2012-05-02 16:57:38,2012,Q1,618554000.0,310004000.0,308550000.0,0.4988246782,0,0.0,0.0,0.0,459229000.0,459229000.0,459229000.0,2812000.0,82466000.0,92104000.0,259215000.0,0.4190660799,159738000.0,0.2582442277,-75093000.0,84645000.0,0.1368433475,35393000.0,41754000.0,0.0675025948,0.24,0.24,175914000,177028000,https://www.sec.gov/Archives/edgar/data/1410636/000119312512204941/0001193125-12-204941-index.htm,https://www.sec.gov/Archives/edgar/data/1410636/000119312512204941/d324204d10q.htm,3.5162295212433348,0.2373546164603158,0.8418829655399798,-0.5468240162806826,0.0540150300715122,24.19043396204964,17.396949645849677,24.19043396204964,31.89239059995225,5986353420.0,11504703420.0,35.84299360540308,9.67798028951393,40.42129534973227,-62.2320874482816,1.4067544242235108,1.4067544242235108,18.59935174616929,44.38286140848331,77.68251926076476,-119.59897103769464,0.0069748638395626,-0.0160688808780688,1.2990095491977791,0.3923874512439505,21.288698570684566,0.7921442968767859,1.9370164673926225,3.546941610384634,0.0067510213922518,0.9679072663696892,0.0,0.0,0.0848304330453595,1.649524979912086,0.3949420745803923,2.652360375228003,0.0036666160108899,11.366111975477589,0.0068740000165788,0.003238584404937,-55.75237616107871,-154580000.0,3060367000.0,-9243194000.0,12179988000.0,187250000.0,203061500.0,29476500.0,0.0,47.1518432020232,8.812628224151947,0.0,1.908727080177817,10.2126173612255,0.0098119205646612,1.3887069818206623,2012-05-02,0.27,amc,668088000.0,2025-04-25,2012-03-31,-0.0740740740740741,33.427258064516124,910030.758064516
2011-12-31,AWK,USD,1410636,2012-02-28,2012-02-28 15:14:21,2011,Q4,623716000.0,0.0,623716000.0,1.0,0,0.0,0.0,0.0,446230000.0,446230000.0,446230000.0,3002000.0,82091000.0,88794000.0,273108000.0,0.437872365,177140000.0,0.2840074649,-74917000.0,102223000.0,0.1638935028,41082000.0,40293000.0,0.0646015174,0.23,0.23,175914000,177028000,https://www.sec.gov/Archives/edgar/data/1410636/000119312512084903/0001193125-12-084903-index.htm,https://www.sec.gov/Archives/edgar/data/1410636/000119312512084903/d265318d10k.htm,3.545573405186625,0.2290494218765988,1.320605523153359,-0.4821901611014473,0.0807610536966927,24.10486942483259,17.311385108632628,24.10486942483259,33.913992064304146,5604620040.0,11474268040.0,34.77415456779093,8.985852599580578,24.125296647195807,-66.07351740073564,1.3217246456924656,1.3217246456924656,18.39662288605712,42.01366507022863,49.39141606367272,-135.2714802414411,0.0071892473909792,-0.0151346566572958,1.3875759836844963,0.3981929687702498,21.492039779134995,0.9385899583978295,2.1578492161138247,5.765592038319311,0.0072069113894828,1.0024570024570023,0.0,0.0,0.0808769204875534,1.3651280815107203,0.5084637880060797,3.571603937202964,0.0165684381994369,11.14572313216142,0.0076602136517337,0.0029667951323148,-58.134236047159405,-91446000.0,3045315000.0,-9138348000.0,12124721000.0,373339500.0,217132500.0,29544500.0,54.0390177580822,0.0,0.0,1.665463284379172,0.0,0.0,0.0095022054606375,1.8027956842548063,2012-02-27,0.32,amc,417828571.0,2025-04-25,2011-12-31,0.5312499999999999,30.67888888888889,1094359.174603175
2011-09-30,AWK,USD,1410636,2011-11-02,2011-11-02 16:39:41,2011,Q3,766450000.0,345757000.0,420693000.0,0.5488851197,0,0.0,0.0,0.0,486768000.0,486768000.0,486768000.0,2601000.0,81203000.0,88424000.0,370707000.0,0.4836675582,281317000.0,0.3670389458,-74519000.0,206759000.0,0.2697618892,78354000.0,137422000.0,0.1792967578,0.78,0.78,175547000,176593000,https://www.sec.gov/Archives/edgar/data/1410636/000119312511292885/0001193125-11-292885-index.htm,https://www.sec.gov/Archives/edgar/data/1410636/000119312511292885/d236523d10q.htm,4.366067207072749,0.782821694474984,1.7866896044933835,0.3909095569847391,0.0889847163437711,24.285177189014902,17.474978210963446,24.285177189014902,33.38525295220084,5298008460.0,11061865460.0,9.638210148302308,6.912399321547394,16.89157418507371,77.20455911283389,1.2427333663289697,1.2427333663289697,14.432598943179594,29.839915243035605,35.26840745039025,161.19763723532927,0.0259384259269378,0.0129526029484671,1.3556698153260822,0.3975228102751457,15.548282066429822,1.072062312411323,3.464367080033989,2.2823710905095256,0.0076175793800072,0.2936793235435374,0.0,0.0,0.0822293111786288,0.7812101464061624,0.3196881727444712,2.7710237039717724,0.0,20.68203761840023,0.0128682756563877,0.0102990109660911,-56.768513560470986,99447000.0,3067680000.0,-8796082000.0,12082801000.0,189976500.0,174790000.0,30952500.0,43.70292908865549,49.601425278447,7.936759053323577,2.05935853446863,1.8144639895883623,11.339641205601652,0.032234547369458,1.3957800475086444,2011-11-02,0.76,amc,760900000.0,2025-04-25,2011-09-30,0.0,29.0628125,1250113.640625
2011-06-30,AWK,USD,1410636,2011-08-03,2011-08-03 16:46:18,2011,Q2,674248000.0,332310000.0,341938000.0,0.5071398061,0,0.0,0.0,0.0,473060000.0,473060000.0,473060000.0,2663000.0,81167000.0,86584000.0,291505000.0,0.4323409191,201160000.0,0.2983471957,-75311000.0,125813000.0,0.1865975131,51160000.0,81110000.0,0.1202969827,0.46,0.46,175469000,176419000,https://www.sec.gov/Archives/edgar/data/1410636/000119312511208312/0001193125-11-208312-index.htm,https://www.sec.gov/Archives/edgar/data/1410636/000119312511208312/d10q.htm,3.842547686485932,0.4622468926135101,0.5748593768699884,-0.7405980543571798,0.076742900455351,23.721950885911472,16.908724618023697,23.721950885911472,33.636425807407576,5167562050.0,10975079050.0,15.92763546418444,7.664185952349877,51.22992019430951,-39.76515982824427,1.2414661906028324,1.2414661906028324,16.277510723057393,37.64971115418261,108.80419401209475,-84.45486833600098,0.0156959895624281,-0.0251476419136563,1.3984454411290228,0.4057221275542237,19.92252963070959,1.1247079417254298,2.4783471115108355,1.1927961592129224,0.0074658029505422,0.4756503513746764,0.0,0.0,0.0833269674060807,2.2883116883116883,0.342339910537369,2.6658736025131664,0.0,15.707369508743811,0.0088560399095149,0.0061672607340827,-57.84352506710587,165568000.0,2966957000.0,-8691535000.0,11961020000.0,162823000.0,145874500.0,31010000.0,1.0376893961865663,43.06870091179922,8.507899250699648,86.73115513249293,2.0896845759130698,10.57840453301076,0.0194860403698095,1.3154574312271683,2011-08-03,0.46,amc,668900000.0,2025-04-25,2011-06-30,0.0,29.043650793650794,1175438.3333333333
2011-03-31,AWK,USD,1410636,2011-05-04,2011-05-04 16:41:42,2011,Q1,610936000.0,320571000.0,290365000.0,0.4752789163,0,0.0,0.0,0.0,465795000.0,465795000.0,465795000.0,2676000.0,79158000.0,88019000.0,234362000.0,0.3836113766,144873000.0,0.2371328584,-76229000.0,70113000.0,0.1147632485,28649000.0,47332000.0,0.0774745636,0.27,0.27,175259000,176048000,https://www.sec.gov/Archives/edgar/data/1410636/000119312511126204/0001193125-11-126204-index.htm,https://www.sec.gov/Archives/edgar/data/1410636/000119312511126204/d10q.htm,3.4859037196377933,0.2700688695017089,0.9216416845925174,-0.1339845599940659,0.0771886179882345,23.682972058496283,16.811844184892074,23.682972058496283,33.096171951226474,4916014950.0,10623730950.0,25.96559911898927,8.046693843544986,30.43482132907396,-209.35248062345627,1.1843952663845263,1.1843952663845263,17.389269825317218,45.33043304801973,65.77102726496044,-452.42019206200496,0.0096281236899004,-0.0047766331548686,1.3783957901574064,0.4049346841527384,24.35427245031191,1.1503762512336106,1.8301750928522704,3.412617256824136,0.0078366319858323,0.8139313783486859,0.0,0.0,0.0852320369299403,1.1453759766229583,0.3028271373760918,2.101909814926323,0.0,11.996280820790652,0.006427523397998,0.0036621692929286,-55.40895474697448,170659000.0,2946427000.0,-8672614000.0,11930584000.0,328541500.0,160534000.0,29736500.0,46.82729451202744,37.26241612622477,8.592605070327634,1.9219560074495392,2.415302316820493,10.47412272103509,0.0114035041224828,1.0556262445865834,2011-05-04,0.22,amc,546975000.0,2025-04-25,2011-03-31,0.0909090909090908,26.751612903225805,1128752.4032258063
2010-12-31,AWK,USD,1410636,2011-02-28,2011-02-25 20:58:29,2010,Q4,664384000.0,0.0,664384000.0,1.0,0,0.0,0.0,0.0,512296000.0,512296000.0,512296000.0,0.0,82736000.0,122494000.0,280086000.0,0.4215724641,152088000.0,0.2289158077,-77232000.0,74856000.0,0.1126697813,34702000.0,40154000.0,0.0604379395,0.23,0.23,175259000,176048000,https://www.sec.gov/Archives/edgar/data/1410636/000119312511047938/0001193125-11-047938-index.htm,https://www.sec.gov/Archives/edgar/data/1410636/000119312511047938/d10k.htm,3.790869513120581,0.2291123423048174,1.0721617720060026,-0.5667897226390656,0.0748149881033213,23.57808728795668,16.441837509058022,23.57808728795668,33.041024997289725,4432300110.0,10127189110.0,27.59563250236589,6.671292671105866,23.587858344065648,-44.619722252982335,1.0726060893377782,1.0726060893377782,15.242975613500626,36.15742704026621,53.89497466818516,-101.94985765339509,0.009059404598846,-0.0224116141810623,1.3813226718860714,0.4054043342886281,20.332644259263223,0.689868122390272,1.838232450203056,4.67963341136624,0.0086808201261443,0.9582108880808886,0.0,0.0,0.0888289889332732,1.5286419805647504,0.4323418384548694,2.344939343967868,0.0,11.024776329987466,0.0060076709802211,0.0031299202179797,-55.150076458270334,-240199000.0,2881580000.0,-9413194000.0,12212110000.0,169605500.0,177365500.0,30106000.0,45.950820609767845,0.0,0.0,1.9586157288531327,0.0,0.0,0.0097171725384969,1.638951494645068,2011-02-25,0.24,amc,639860869.0,2025-04-25,2010-12-31,-0.0416666666666665,24.42203125,972445.234375
2010-09-30,AWK,USD,1410636,2010-11-03,2010-11-03 16:26:37,2010,Q3,786946000.0,378034000.0,408912000.0,0.5196188811,0,0.0,0.0,0.0,512991000.0,512991000.0,512991000.0,2531000.0,74858000.0,79431000.0,353386000.0,0.4490600372,273955000.0,0.3481242677,-71232000.0,202723000.0,0.2576072564,78609000.0,124114000.0,0.1577160313,0.71,0.71,174859000,175062000,https://www.sec.gov/Archives/edgar/data/1410636/000119312510246179/0001193125-10-246179-index.htm,https://www.sec.gov/Archives/edgar/data/1410636/000119312510246179/d10q.htm,4.500460370927433,0.7097947489119805,1.6557226107892644,0.5416192475079922,0.1343997163428819,23.65193098439314,16.499356624480296,23.65193098439314,32.438885044521584,4068968930.0,9642840930.0,8.19603133006752,5.170582136512543,14.054286538315408,42.9637611792159,0.983852016791138,0.983852016791138,12.253497609747049,27.286991929504847,33.30653337616314,101.81761569894516,0.0305025676369566,0.0232754296307688,1.3534108540814695,0.4002791111778556,15.772758400162994,0.8462081076415114,3.659662293943199,2.3326780218186505,0.0094512886831013,0.3098522326248449,0.0,0.0,0.0894394356276157,0.6728804426667772,0.2475531993300684,2.45258148581788,0.0,19.435286705446188,0.0124534998758369,0.0097474409570797,-56.09518812300196,-114025000.0,2885061000.0,-9220523000.0,12150014000.0,194341000.0,156980500.0,30626500.0,0.0,39.61262743562748,7.462424014771158,0.0,2.272002788662644,12.060424310097304,0.0300100126869278,1.1141033632812722,2010-11-03,0.61,amc,643507042.0,2025-04-25,2010-09-30,0.1639344262295081,22.16203125,1071282.75
2010-06-30,AWK,USD,1410636,2010-08-04,2010-08-04 16:34:35,2010,Q2,671223000.0,344863000.0,326360000.0,0.4862169503,0,0.0,0.0,0.0,475240000.0,475240000.0,475240000.0,2614000.0,81348000.0,65817000.0,275090000.0,0.4098339896,195983000.0,0.2919789697,-74411000.0,121572000.0,0.1811201344,48821000.0,72751000.0,0.1083857377,0.42,0.42,174774000,174850000,https://www.sec.gov/Archives/edgar/data/1410636/000119312510177283/0001193125-10-177283-index.htm,https://www.sec.gov/Archives/edgar/data/1410636/000119312510177283/d10q.htm,3.840519756943253,0.4162575669149873,0.6952922059345211,-0.3270967077482921,0.1179237186309176,23.137686383558197,15.981633423735795,23.137686383558197,32.592605307425586,3600344400.0000005,9194726400.0,12.37214746189056,5.363857317165831,29.627831038767603,-62.97831654072209,0.8903223796238551,0.8903223796238551,13.69846742438802,33.42442982296703,75.66492811823666,-160.83694374475232,0.0202066780055819,-0.0158784809586549,1.3885207867916494,0.4076658421858297,20.3365516739976,0.7832280602094137,2.409192604612283,1.6703413011504995,0.0101904140059489,0.504309219117263,0.0,0.0,0.0908041200228031,1.4704449509953177,0.266211080371203,2.7149064831274594,0.0,14.720829913982236,0.0087982598728825,0.0058094723682134,-53.79847402931786,-163324000.0,2793174000.0,-9139537000.0,11959691000.0,369875500.0,132208000.0,29998500.0,52.11588399086444,38.51259775621044,7.805186407355965,1.7269207218240104,2.3368976709831744,11.530794436271233,0.0179904576462226,1.0223889136828133,2010-08-04,0.36,amc,544200000.0,2025-04-25,2010-06-30,0.1666666666666666,21.046507936507936,1229524.8095238097
2010-03-31,AWK,USD,1410636,2010-05-04,2010-05-04 16:26:17,2010,Q1,588053000.0,330423000.0,257630000.0,0.4381067693,0,0.0,0.0,0.0,461988000.0,461988000.0,461988000.0,2305000.0,81020000.0,76232000.0,199362000.0,0.3390204624,126065000.0,0.2143769354,-77716000.0,50285000.0,0.0855109999,19477000.0,30808000.0,0.0523898356,0.18,0.18,174721000,174797000,https://www.sec.gov/Archives/edgar/data/1410636/000119312510106573/0001193125-10-106573-index.htm,https://www.sec.gov/Archives/edgar/data/1410636/000119312510106573/d10q.htm,3.365668694661775,0.1763268296312406,1.0072630078811362,0.1568099999427659,0.0723038444148099,22.91362228924972,15.756972544799996,22.91362228924972,31.804087659754696,3801928960.000001,9265117960.0,30.85179953258894,6.465282823146894,21.60309653957611,138.76666034017083,0.9496534299689946,0.9496534299689946,15.755583187229725,46.473841353919,52.64570691516563,338.1676750127747,0.0081032550382003,0.0072063419091344,1.3677617859013549,0.4044013830445147,27.40336172389924,0.7521347352625743,1.555973833621328,5.712477278628928,0.0096474711615863,1.1905673850947809,0.0,0.0,0.0923460193158895,0.844320700039775,0.2526847069906964,1.70976204722235,0.0,9.534487055248462,0.0059074226541328,0.0025067238832414,-52.91917828995942,-163861000.0,2753074000.0,-9039843000.0,11828973000.0,186425000.0,127726000.0,29805000.0,53.73020799145655,31.825478250606043,8.195585658383346,1.6750353919030163,2.827922939328843,10.981521486257437,0.0076952839409405,0.8504530079383703,2010-05-04,0.18,amc,558000000.0,2025-04-25,2010-03-31,0.0,21.92852459016393,1274107.9836065574
2009-12-31,AWK,USD,1410636,2010-03-01,2010-03-01 13:46:36,2009,Q4,597837000.0,0.0,597837000.0,1.0,0,0.0,0.0,0.0,460456000.0,460456000.0,460456000.0,0.0,76754000.0,87803000.0,227473000.0,0.3804933452,137381000.0,0.2297967506,-74465000.0,62916000.0,0.105239388,26545000.0,36371000.0,0.0608376531,0.21,0.21,174721000,174797000,https://www.sec.gov/Archives/edgar/data/1410636/000119312510044392/0001193125-10-044392-index.htm,https://www.sec.gov/Archives/edgar/data/1410636/000119312510044392/d10k.htm,3.42166654265944,0.2081661620526439,0.713165561094545,-0.4435585876912334,0.1273802233274763,22.92463985439644,15.768196152723483,22.92463985439644,31.83615592859473,3915497610.0,9378932610.0,26.913596065546727,6.549440081493785,31.42327843986999,-50.523201718731855,0.977550798718535,0.977550798718535,15.688109986501336,41.23097075257283,75.26931190562176,-121.02004683931406,0.009288985366026,-0.0197928865547181,1.3695683544480772,0.407777693779464,24.017949383003696,0.8217543201095833,1.789887172004065,3.425943746391356,0.0093645823985064,1.0081383519837233,0.0,0.0,0.092946810260669,1.621957385337667,0.3380587016193377,2.3017892327141443,0.0,10.362095426886288,0.0061002699734929,0.0029806749072098,-53.76504684611466,-108265000.0,2755035000.0,-8948108000.0,11819509000.0,202161500.0,128940000.0,30178000.0,3.278970689335053,0.0,0.0,27.44763784950186,0.0,0.0,0.0090804550638435,1.1567241487857784,2010-03-01,0.24,bmo,683200000.0,2025-04-25,2009-12-31,-0.125,20.8228125,1841032.90625
2009-09-30,AWK,USD,1410636,2009-11-09,2009-11-09 11:37:00,2009,Q3,679956000.0,340862000.0,339094000.0,0.4986999159,0,0.0,0.0,0.0,465550000.0,465550000.0,465550000.0,0.0,74124000.0,74854000.0,287741000.0,0.4231759114,214406000.0,0.3153233445,-72605000.0,141801000.0,0.2085443764,50165000.0,91636000.0,0.1347675438,0.52,0.52,174595000,174691000,https://www.sec.gov/Archives/edgar/data/1410636/000119312509228817/0001193125-09-228817-index.htm,https://www.sec.gov/Archives/edgar/data/1410636/000119312509228817/d10q.htm,3.894475786820928,0.5248489361092815,1.3908932100002864,0.2443197113319396,0.0448523726338096,22.863249233941406,15.703439388298634,22.863249233941406,31.08187519688422,3481424300.0,8826209300.0,9.497971048496224,5.120072916482831,14.336111397075475,81.61437278758468,0.8721420037882575,0.8721420037882575,12.980559477377948,30.674145498903528,36.34533134576661,206.91115877816068,0.0263214110385798,0.0122527437979909,1.340899827622013,0.4010739332020502,18.57498583795844,0.8598806921387674,2.892531433813609,2.650082936837051,0.0105295984749689,0.400039285870182,0.0,0.0,0.0936680846255526,0.824343299992176,0.2944102265440705,2.3516158210673463,0.0,16.431506955230812,0.0107607905796386,0.007575951735344,-51.79841919871703,-84160000.0,2741742000.0,-8837429000.0,11698038000.0,372505500.0,121193500.0,31852000.0,50.63383513050845,31.49189408030229,8.141564621459711,1.777467572188152,2.857878277200661,11.054386249391923,0.0229560081657213,1.146573498668347,2009-11-09,0.54,bmo,706153846.0,2025-04-25,2009-09-30,-0.037037037037037,19.6240625,1214645.421875
2009-06-30,AWK,USD,1410636,2009-08-06,2009-08-06 11:41:41,2009,Q2,612740000.0,330597000.0,282143000.0,0.460461207,0,0.0,0.0,0.0,455548000.0,455548000.0,455548000.0,2413000.0,73688000.0,73242000.0,227812000.0,0.3717922773,157192000.0,0.2565394784,-71066000.0,86126000.0,0.1405588014,34137000.0,51989000.0,0.0848467539,0.32,0.32,163229000,163301000,https://www.sec.gov/Archives/edgar/data/1410636/000119312509166688/0001193125-09-166688-index.htm,https://www.sec.gov/Archives/edgar/data/1410636/000119312509166688/d10q.htm,3.753867266233329,0.3185034522051841,0.5281475718162827,-0.7698448192416789,0.0552107774966458,24.093531173994812,16.43516777043295,24.093531173994812,33.36332391915652,3119306190.0,8482468190.0,14.999837417530632,5.090750057120475,36.18306893711793,-24.82318452025688,0.793158954658595,0.793158954658595,13.843503264027158,37.23450999069408,98.3942301847835,-67.50279076244817,0.0166668473158128,-0.0402849198975237,1.366005019880425,0.4072899198479096,23.542052218495957,0.6252688300892926,2.133210292042123,1.6582161611110042,0.0102375329816532,0.6142453211256227,0.0,0.0,0.0947734917436622,2.457632033778376,0.3457747168456441,2.5411084591673965,0.0,13.14009662184559,0.040076057153126,0.0043541941688019,-54.892131606516,-297082000.0,2682696000.0,-8761581000.0,11348677000.0,341863500.0,119091000.0,32840000.0,53.2398896758821,33.516456592165085,8.948084828355974,1.690461805009532,2.6852480587413496,10.058018193434544,0.0132194591944645,1.2979923910579616,2009-08-05,0.31,amc,593553125.0,2025-04-25,2009-06-30,0.032258064516129,18.036666666666665,1031259.3333333334
2009-03-31,AWK,USD,1410636,2009-05-06,2009-05-06 12:14:58,2009,Q1,550170000.0,314402000.0,235768000.0,0.4285366341,0,0.0,0.0,0.0,435540000.0,435540000.0,435540000.0,2549000.0,74528000.0,78852000.0,-249128000.0,-0.4528200374,-335370000.0,-0.6095752222,247264000.0,-402508000.0,-0.7316065943,10571000.0,-413079000.0,-0.7508206554,-2.58,-2.58,160011000,160011000,https://www.sec.gov/Archives/edgar/data/1410636/000119312509101146/0001193125-09-101146-index.htm,https://www.sec.gov/Archives/edgar/data/1410636/000119312509101146/d10q.htm,3.438326115079588,-2.581566267319122,0.8905575241702133,-0.3656373624313328,0.0532213410328039,22.90403784739799,15.093081100674327,22.90403784739799,34.16063895607177,3078611639.9999995,8461645640.0,-1.863209967100724,5.595746114837231,21.60444382065839,-52.62044303148394,0.8400265546271684,0.8400265546271684,15.38005641892506,-33.965052663690955,59.38038610797269,-144.62868150275185,-0.1341770409209522,-0.0190040209163894,1.4711323480216911,0.4177150443580364,-21.607502970360617,0.3597204261346142,-4.499919493344783,-0.3449679117069616,0.0104176829526961,-0.0776413228462352,0.0,0.0,0.0968323679323022,1.4105713022547526,0.3653507097806133,2.5491426977121696,0.0,,-0.0276545139897163,-0.0354349016783752,-56.09914943347645,-748620000.0,2415059000.0,-8821758000.0,10738536000.0,327446500.0,132430500.0,30879500.0,52.553247178144936,32.938530925375794,9.39240208395621,1.7125487925592515,2.732362296421184,9.582213282130992,-0.1127122773948961,1.2561948866015462,2009-05-05,0.15,amc,434368421.0,2025-04-25,2009-03-31,0.2666666666666667,19.56262295081967,390560.7049180328
2008-12-31,AWK,USD,1410636,2009-02-27,2009-02-27 13:40:29,2008,Q4,568551000.0,0.0,568551000.0,1.0,0,0.0,0.0,0.0,445357000.0,445357000.0,445357000.0,0.0,0.0,111839000.0,235033000.0,0.4133894761,123194000.0,0.2166806496,-58741000.0,64453000.0,0.1133636209,28215000.0,36182000.0,0.0636389699,0.23,0.23,159988000,160011000,https://www.sec.gov/Archives/edgar/data/1410636/000119312509040650/0001193125-09-040650-index.htm,https://www.sec.gov/Archives/edgar/data/1410636/000119312509040650/d10k.htm,3.5537102782708705,0.2261544615846188,0.9954246568492636,-0.8906542990724304,0.059641973147986,25.818861414606097,15.19608345625922,25.818861414606097,32.995568417631326,3340549440.0,8609902440.0,23.08156984135758,5.875549317475477,20.975972271060428,-23.44343930270748,0.8087111071516069,0.8087111071516069,15.143588596273686,36.632738551607645,54.0632845230321,-60.42291212261569,0.0108311523747422,-0.0426558572352696,1.2779637292202692,0.3989546258873875,22.419630434875103,0.3780685397733444,0.0,4.374323619084242,0.0095981216790493,0.8861588635232989,0.0,0.0,0.1284416850352688,1.8947480785653288,0.5307351495292418,0.0,0.0,11.462052206905753,0.0054189552538345,0.0031374484588981,-55.172061342100655,-687085000.0,2431191000.0,-8683435000.0,11136360000.0,318649500.0,155156500.0,30948500.0,52.8134679210836,0.0,0.0,1.7041107797443311,0.0,0.0,0.0087592732287055,1.8860789559216944,2009-02-25,0.26,bmo,642765217.0,2025-04-25,2008-12-31,-0.1153846153846153,19.90015625,526619.421875
2008-09-30,AWK,USD,1410636,2008-11-06,2008-11-06 14:05:14,2008,Q3,672193000.0,342226000.0,329967000.0,0.4908813391,0,0.0,0.0,0.0,459982000.0,459982000.0,459982000.0,0.0,0.0,47970000.0,280587000.0,0.4174202945,212211000.0,0.3156995089,-66449000.0,145762000.0,0.2168454596,57549000.0,88158000.0,0.1311498335,0.55,0.55,159949000,160000000,https://www.sec.gov/Archives/edgar/data/1410636/000119312508227647/0001193125-08-227647-index.htm,https://www.sec.gov/Archives/edgar/data/1410636/000119312508227647/d10q.htm,4.202545811477409,0.5511631832646656,1.5732389699216625,-0.3088109334850483,0.0418195799911221,26.202920931046773,15.547587043370074,26.202920931046773,31.838417245497,3438903500.0,8524737500.0,9.752102758683272,5.115946610571666,13.666073883912606,-69.62188727375795,0.8205192106856121,0.8205192106856121,12.681978985202166,30.38179780246412,33.87698797478918,-172.58649836012472,0.0256354968960309,-0.0143632992318627,1.2150713017560175,0.3984531558912275,18.12569363512921,0.5303779240311897,0.0,2.8543977857936884,1.599347001158945e-05,0.0006238798520837,0.0,0.0,0.1333499520997701,1.196289908519381,0.4478356662446648,4.319028967417036,0.0,18.02628412906364,0.0104699327757471,0.0079590683706344,-52.13342690482591,-440266000.0,2486821000.0,-8092377000.0,11135635000.0,301796500.0,148910500.0,32314000.0,40.65760875224824,42.21368335544348,8.665063437611403,2.2136078033616102,2.132010117245418,10.386536768945946,0.0210344176786647,1.8820499034067109,2008-11-05,0.55,bmo,672200000.0,2025-04-25,2008-09-30,0.0,20.6153125,463069.6875
2008-06-30,AWK,USD,1410636,2008-08-12,2008-08-12 11:53:31,2008,Q2,589369000.0,330575000.0,258794000.0,0.4391035158,0,0.0,0.0,0.0,448952000.0,448952000.0,448952000.0,0.0,0.0,77564000.0,217981000.0,0.3698548787,140417000.0,0.2382497213,-64753000.0,75664000.0,0.1283813706,30166000.0,45498000.0,0.0771978166,0.28,0.28,159932000,159976000,https://www.sec.gov/Archives/edgar/data/1410636/000119312508174452/0001193125-08-174452-index.htm,https://www.sec.gov/Archives/edgar/data/1410636/000119312508174452/d10q.htm,3.685122427031488,0.2844834054473151,0.3494235049896206,-1.155378535877748,0.04869569567066,25.68255258484856,15.01129855188455,25.68255258484856,31.541811519895955,3547291760.0,8584048760.0,19.491470833882808,6.018795966533699,63.47598167632954,-19.19717158597699,0.8636213213901918,0.8636213213901918,14.564812129582656,39.37980264334965,153.6047663016248,-46.4550051411934,0.0128261228785985,-0.0520910070278515,1.2281416115352983,0.4027040041409209,23.10640376913584,0.6187909702538588,0.0,1.229787421328287,1.5786691309541453e-05,0.0012308233328937,0.0,0.0,0.1362431807560853,4.30652780760146,0.4083451963031649,3.5756459209294724,0.0,12.821499539763003,0.0069726883423436,0.0042049880374384,-51.08824844308831,-282567000.0,2400787000.0,-7960548000.0,11045699000.0,270522500.0,128256000.0,30320000.0,45.80086499289919,37.38113892460108,8.624699387430992,1.9650283900523124,2.407631297203994,10.4351463114366,0.0110769131887282,1.5048020408673686,2008-08-12,,amc,,2025-04-25,2008-06-30,,21.795,1486564.8333333333
2008-03-31,AWK,USD,1410636,2008-05-14,2008-05-14 15:47:25,2008,Q1,506815000.0,311261000.0,195554000.0,0.3858488798,0,0.0,0.0,0.0,1178561000.0,1178561000.0,1178561000.0,0.0,0.0,74065000.0,-597681000.0,-1.1792883005,-671746000.0,-1.3254264377,-66172000.0,-736530000.0,-1.4532521729,-4102000.0,-732428000.0,-1.4451584898,-4.58,-4.58,160000000,160000000,https://www.sec.gov/Archives/edgar/data/1410636/000119312508114600/0001193125-08-114600-index.htm,https://www.sec.gov/Archives/edgar/data/1410636/000119312508114600/d10q.htm,3.16759375,-4.577675,0.53369375,-0.65475,0.0575125,23.83744375,13.16899375,23.83744375,32.03085,3296000000.0,8411734000.0,-1.1250252584554388,6.503359213914347,38.59891557658302,-31.462390225276824,0.8641866223596228,0.8641866223596228,16.59724751635212,-14.073952493052314,98.50843765736435,-80.29528445971745,-0.2222172330097087,-0.0317839805825242,1.3437200035343555,0.4177481520221219,-8.559305047341308,0.4760601004734507,0.0,-0.1165862036951072,0.0,0.0,0.0,0.0,0.1391385265280317,2.2268271831926083,0.375188185037933,2.975014080981288,0.0,,-0.0563486272379408,-0.0693518032105135,-51.559334375,-456600000.0,2107039000.0,-8039139000.0,10666407000.0,251079500.0,144047500.0,28209500.0,42.81728046723163,34.468854112786374,8.373969112738184,2.101955075565288,2.6110528567473934,10.747591588688236,-0.1920371600247614,1.18844375,2008-08-11,0.35,bmo,736749999.0,2025-04-25,2008-03-31,-0.1999999999999998,,
2007-12-31,AWK,USD,1410636,2007-12-31,2007-12-30 19:00:00,2007,Q4,553554000.0,0.0,553554000.0,1.0,0,0.0,0.0,0.0,-2211279000.0,-2211279000.0,-2211279000.0,0.0,0.0,0.0,-1657725000.0,-2.9946942846,-1657725000.0,-2.9946942846,1657725000.0,0.0,0.0,85707000.0,-85707000.0,-0.154830423,-0.54,-0.54,160000000,160000000,,,3.4597125,-0.53566875,,,0.10461875,28.5681875,13.2122375,28.5681875,31.1987875,3296000000.0,8271067000.0,-9.614150536128903,5.954251979030049,0.0,0.0,0.7210817977164284,0.7210817977164284,14.941752746796157,-4.989408375936901,0.0,0.0,-0.0260033373786407,,1.092081445488973,0.3859423389633211,-3.0011413231989623,0.5556618622085013,0.0,0.0,,,0.0,0.0,0.1899596662211251,0.0,,0.0,,,,-0.0081803969029657,-50.8556984375,-344135000.0,2113958000.0,-7932808000.0,11430778000.0,,,,42.44187558937339,0.0,0.0,2.120547189543485,0.0,0.0,-0.018750533263617,,2007-12-30,,amc,,2025-04-25,2007-12-31,,,
2007-09-30,AWK,USD,1410636,2007-09-30,2007-09-29 20:00:00,2007,Q3,553554000.0,0.0,553554000.0,1.0,0,0.0,0.0,0.0,0.0,0.0,0.0,0.0,0.0,0.0,553554000.0,1.0,553554000.0,1.0,-553554000.0,0.0,0.0,85707000.0,-85707000.0,-0.154830423,-0.54,-0.54,158716667,158716667,,,3.487686646040772,-0.5399999988659036,,,,,,,,3269563340.2000003,,-9.537037057066518,5.906493928686271,0.0,0.0,0.0,0.0,,,0.0,0.0,-0.0262135921779564,,0.0,0.0,,0.0,0.0,0.0,,,0.0,0.0,0.0,0.0,,0.0,,,0.0,0.0,,,,,,,,,,0.0,0.0,0.0,0.0,0.0,0.0,,2007-09-29,,amc,,2025-04-25,2007-09-30,,,
2007-06-30,AWK,USD,1410636,2007-06-30,2007-06-29 20:00:00,2007,Q2,553554000.0,0.0,553554000.0,1.0,0,0.0,0.0,0.0,0.0,0.0,0.0,0.0,0.0,0.0,553554000.0,1.0,553554000.0,1.0,-553554000.0,0.0,0.0,85707000.0,-85707000.0,-0.154830423,-0.54,-0.54,158716667,158716667,,,3.487686646040772,-0.5399999988659036,,,,,,,,3269563340.2000003,,-9.537037057066518,5.906493928686271,0.0,0.0,0.0,0.0,,,0.0,0.0,-0.0262135921779564,,0.0,0.0,,0.0,0.0,0.0,,,0.0,0.0,0.0,0.0,,0.0,,,0.0,0.0,,,,,,,,,,0.0,0.0,0.0,0.0,0.0,0.0,,2007-06-29,,amc,,2025-04-25,2007-06-30,,,
2007-03-31,AWK,USD,1410636,2007-03-31,2007-03-30 20:00:00,2007,Q1,553554000.0,0.0,553554000.0,1.0,0,0.0,0.0,0.0,0.0,0.0,0.0,0.0,0.0,0.0,553554000.0,1.0,553554000.0,1.0,-553554000.0,0.0,0.0,85707000.0,-85707000.0,-0.154830423,-0.54,-0.54,158716667,158716667,,,3.487686646040772,-0.5399999988659036,,,,,,,,3269563340.2000003,,-9.537037057066518,5.906493928686271,0.0,0.0,0.0,0.0,,,0.0,0.0,-0.0262135921779564,,0.0,0.0,,0.0,0.0,0.0,,,0.0,0.0,0.0,0.0,,0.0,,,0.0,0.0,,,,,,,,,,0.0,0.0,0.0,0.0,0.0,0.0,,2007-03-30,,amc,,2025-04-25,2007-03-31,,,
2006-12-31,AWK,USD,1410636,2006-12-31,2006-12-30 19:00:00,2006,Q4,523267000.0,0.0,523267000.0,1.0,0,0.0,0.0,0.0,-1839557000.0,-1839557000.0,-1839557000.0,0.0,0.0,0.0,-1316290000.0,-2.5155226682,-1316290000.0,-2.5155226682,1316290000.0,0.0,0.0,40560000.0,-40560000.0,-0.0775130096,-0.26,-0.26,158716667,158716667,,,3.296862326374331,-0.2555497211896467,,,0.2006972588455376,35.260569074324124,16.59527666366633,35.260569074324124,25.85444917388544,3269563340.2000003,7341241340.200001,-20.15263400024655,6.248365251773952,0.0,0.0,0.5842219947323656,0.5842219947323656,14.029627972335348,-5.577221843362786,0.0,0.0,-0.012405326271342,,0.7332397023822287,0.3210133036231781,-3.093298589216662,0.3024510472536449,0.0,0.0,,,0.0,0.0,0.2317514923462373,0.0,,0.0,,,,-0.0041301081831739,-43.80751329663443,-951221000.0,2633947000.0,-6774178000.0,10731829000.0,,,,43.6358111633258,0.0,0.0,2.062526113314046,0.0,0.0,-0.0072474644595492,,2006-12-30,,amc,,2025-04-25,2006-12-31,,,
2006-09-30,AWK,USD,1410636,2006-09-30,2006-09-29 20:00:00,2006,Q3,523267000.0,0.0,523267000.0,1.0,0,0.0,0.0,0.0,0.0,0.0,0.0,0.0,0.0,0.0,523267000.0,1.0,523267000.0,1.0,-523267000.0,0.0,0.0,40561000.0,-40561000.0,-0.0775149207,-0.25,-0.25,162244000,162244000,,,3.225185523039373,-0.25,,,,,,,,3342226400.0,,-20.6,6.387229464116789,0.0,0.0,0.0,0.0,,,0.0,0.0,-0.012135922330097,,0.0,0.0,,0.0,0.0,0.0,,,0.0,0.0,0.0,0.0,,0.0,,,0.0,0.0,,,,,,,,,,0.0,0.0,0.0,0.0,0.0,0.0,,2006-09-29,,amc,,2025-04-25,2006-09-30,,,
2006-06-30,AWK,USD,1410636,2006-06-30,2006-06-29 20:00:00,2006,Q2,523267000.0,0.0,523267000.0,1.0,0,0.0,0.0,0.0,0.0,0.0,0.0,0.0,0.0,0.0,523267000.0,1.0,523267000.0,1.0,-523267000.0,0.0,0.0,40561000.0,-40561000.0,-0.0775149207,-0.25,-0.25,162244000,162244000,,,3.225185523039373,-0.25,,,,,,,,3342226400.0,,-20.6,6.387229464116789,0.0,0.0,0.0,0.0,,,0.0,0.0,-0.012135922330097,,0.0,0.0,,0.0,0.0,0.0,,,0.0,0.0,0.0,0.0,,0.0,,,0.0,0.0,,,,,,,,,,0.0,0.0,0.0,0.0,0.0,0.0,,2006-06-29,,amc,,2025-04-25,2006-06-30,,,
2006-03-31,AWK,USD,1410636,2006-03-31,2006-03-30 19:00:00,2006,Q1,523267000.0,0.0,523267000.0,1.0,0,0.0,0.0,0.0,0.0,0.0,0.0,0.0,0.0,0.0,523267000.0,1.0,523267000.0,1.0,-523267000.0,0.0,0.0,40561000.0,-40561000.0,-0.0775149207,-0.25,-0.25,160000000,160000000,,,3.27041875,-0.25350625,,,,,,,,3296000000.0,,-20.31508098912749,6.298887566003589,0.0,0.0,0.0,0.0,,,0.0,0.0,-0.0123061286407766,,0.0,0.0,,0.0,0.0,0.0,,,0.0,0.0,0.0,0.0,,0.0,,,0.0,0.0,,,,,,,,,,0.0,0.0,0.0,0.0,0.0,0.0,,2006-03-30,,amc,,2025-04-25,2006-03-31,,,
2002-09-30,AWK,USD,1410636,2002-09-30,2002-09-29 20:00:00,2002,Q3,483457000.0,242955000.0,240502000.0,0.4974630629,0,0.0,0.0,0.0,336078000.0,336078000.0,579033000.0,0.0,0.0,-62647000.0,-37816000.0,-0.0782199865,-95576000.0,-0.1976928662,189192000.0,93616000.0,0.1936387311,38428000.0,55188000.0,0.1141528616,0.55,0.55,100062000,100062000,,,4.831574423857209,0.5515380464112251,1.0563650536667266,0.090433930962803,0.400061961583818,18.56089224680698,15.451040354979911,18.56089224680698,43.65069656812776,2061277200.0,6389022200.0,9.33752446183953,4.263620549500783,19.50083442129761,227.7906066968726,1.1098604380693935,1.1098604380693935,13.215285330443038,-168.95023799449967,60.44372102703828,706.0473201458725,0.0267736915733604,0.0043899966486797,2.3517563696668176,0.5736075514158905,-114.44216733657711,0.5109077903157547,0.0,1.9153076755816485,0.011891656299308,0.4441545263463071,0.0,0.0,0.0408661182795303,0.9143914022440446,0.1999205720467383,-1.5428192890321963,0.0,15.17673748249921,-0.0077225057985503,0.0075564867512282,-54.72246457196538,-391779000.0,1546062000.0,-5348078000.0,6306207000.0,295724000.0,54935000.0,33557500.0,55.81222321736991,17.991109464715688,12.45045378773847,1.612549990160402,5.00247081351535,7.228652186849152,0.0297150610583446,0.9659311227039236,2002-09-29,,amc,,2025-04-25,2002-09-30,,,
2002-06-30,AWK,USD,1410636,2002-06-30,2002-06-29 20:00:00,2002,Q2,424014000.0,222299000.0,201715000.0,0.4757272166,0,0.0,0.0,0.0,316724000.0,316724000.0,539023000.0,0.0,0.0,-64207000.0,-56058000.0,-0.1322078988,-115009000.0,-0.2712386855,246075000.0,131066000.0,0.3091077181,64401000.0,66665000.0,0.1572235822,0.67,0.66,100034000,100034000,,,4.238698842393586,0.6664234160385469,0.6427614611032249,-0.6846172301417518,0.244706799688106,18.27118779614931,15.26222084491273,18.27118779614931,43.22334406301857,2060700400.0,6360025400.0,7.7278196954923875,4.859981981727019,32.04921459454416,-30.089806526976712,1.1274581723877577,1.1274581723877577,14.999564637016702,-113.45437582503835,98.91482472238638,-92.86742206322552,0.0323506512640071,-0.033233846123386,2.36565594668826,0.5745970860600468,-76.69422740732813,0.4495921873129035,0.0,0.9644941123528088,0.0118930437437678,0.3676291907297682,0.0,0.0,0.040000228573494,2.065118666210457,0.3131571127368436,-2.0680455402058966,0.0,16.551973181144046,-0.0081351867851308,0.0092283524777984,-54.353832197053,-478049000.0,1526741000.0,-5306705000.0,6154184000.0,273326500.0,53480000.0,33183000.0,61.90246076780483,24.819139987134445,13.564838348350644,1.453900198533118,3.626233626413063,6.634800776003582,0.0364740061496711,1.3273786912449768,2002-06-29,,amc,,2025-04-25,2002-06-30,,,
2002-03-31,AWK,USD,1410636,2002-03-31,2002-03-30 19:00:00,2002,Q1,384740000.0,209252000.0,175488000.0,0.4561210168,0,0.0,0.0,0.0,299037000.0,299037000.0,508289000.0,0.0,0.0,-59458000.0,-68522000.0,-0.1780994958,-123549000.0,-0.321123356,151219000.0,27670000.0,0.0719186983,12457000.0,17746000.0,0.0461246556,0.18,0.18,100032346,100032346,,,3.846155922405339,0.1774026173493921,0.9322584516812192,0.2800494152161542,0.1550598443427489,17.85463473984705,14.784587777237574,17.85463473984705,45.18793351102652,2060666327.6,6565410327.6,29.030011377211768,5.355997108696783,22.09687663635584,73.55844676233312,1.1537620511511213,1.1537620511511213,17.064537941466966,-95.81463365926273,70.40201517972034,234.36175939173276,0.0086117775412326,0.0135946318066094,2.530879750240896,0.5914177564210673,-65.7415720498526,0.4016754332003953,0.0,5.212161860049184,0.0119626354203158,1.3891017694128254,0.0,0.0,0.0401806443813314,0.6996010980526722,0.1695742579404273,-1.0972787513875342,0.0,8.442027364916003,-0.0092268594659912,0.002419036368561,-56.32018267371236,-519390000.0,1478937000.0,-5508358000.0,6251211000.0,247110500.0,56826500.0,32571000.0,59.653948120808856,19.6372316632577,14.133628352417183,1.5087014830558323,4.583130735703178,6.367791607072213,0.0099359421200297,0.652209036465065,2002-03-30,,amc,,2025-04-25,2002-03-31,,,
2001-12-31,AWK,USD,1410636,2001-12-31,2001-12-30 19:00:00,2001,Q4,363626000.0,186360000.0,177266000.0,0.4874953936,0,0.0,0.0,0.0,266712000.0,266712000.0,453072000.0,0.0,0.0,-52617000.0,-42501000.0,-0.1168810811,-89446000.0,-0.2459835105,143029000.0,53583000.0,0.1473574497,20719000.0,32718000.0,0.0899770643,0.33,0.33,99999000,100032346,,,3.6362963629636296,0.3271832718327183,0.6532865328653287,-0.8074280742807428,0.1969119691196912,18.07451074510745,17.84050840508405,18.07451074510745,35.440844408444086,2059979400.0,5584337400.0,15.740413533834587,5.665104805486957,31.532871050698017,-25.513108419409978,1.139726562478388,1.139726562478388,15.357365534917744,-131.39308251570552,85.48153012490816,-69.16273315003345,0.0158826830986756,-0.0391955375864438,1.9608190179110376,0.5364001659427231,-82.92411943248395,0.4008419684407336,0.0,1.9878286270691337,0.0114768137972641,0.7225991808790269,0.0,0.0,0.0035416451304876,2.2359478324761204,0.401703948562534,-2.7760989794172986,0.0,11.535065892880596,-0.008622319987519,0.0049695467547954,-45.84475094750948,-494146000.0,1784033000.0,-4469078000.0,5171943000.0,238601000.0,57170000.0,27717500.0,59.20541985446585,32.837733419188666,15.589665164198324,1.520131099842396,2.740749455850344,5.773055357640717,0.0181019158109871,1.4607146071460717,2001-12-30,,amc,,2025-04-25,2001-12-31,,,
2001-09-30,AWK,USD,1410636,2001-09-30,2001-09-29 20:00:00,2001,Q3,394956000.0,166890000.0,228066000.0,0.5774466016,0,0.0,0.0,0.0,247452000.0,247452000.0,414342000.0,0.0,0.0,-59151000.0,28127000.0,0.0712155278,-19386000.0,-0.0490839486,117135000.0,97749000.0,0.2474933917,41972000.0,55631000.0,0.1408536647,0.56,0.56,99723000,99723000,,,3.9605306699557774,0.5578552590676173,1.3364319164084515,0.356347081415521,0.4347743248799173,18.02000541499955,18.02000541499955,18.02000541499955,33.30605778005074,2054293800.0,5332316800.0,9.231785335514372,5.201323185367484,15.41417841573312,57.80880796938317,1.1431739073093123,1.1431739073093123,13.501040115861008,189.58000497742384,40.010480742536,150.05393966681677,0.0270803523819231,0.0172984020104621,1.8482823402665207,0.5223383802443119,116.5436413410602,0.425090058230473,0.0,2.389389891890923,0.011466227469508,0.4234150024267045,0.0,0.0,0.0,0.7333593451036594,0.2474630085376599,-1.6523304762387787,0.0,15.03936443991733,-0.0018143364837795,0.0087488352526273,-43.40258265395145,-453566000.0,1797009000.0,-4226298000.0,5083867000.0,223924000.0,42039500.0,22884000.0,54.23274997721265,24.992270357720656,12.486428186230452,1.6595138553330953,3.601113412739513,7.207825861622182,0.0309575522437561,0.9800848349929304,2001-09-29,,amc,,2025-04-25,2001-09-30,,,
2001-06-30,AWK,USD,1410636,2001-06-30,2001-06-29 20:00:00,2001,Q2,363878000.0,160476000.0,203402000.0,0.5589840551,0,0.0,0.0,0.0,238720000.0,238720000.0,399196000.0,0.0,0.0,-41385000.0,7395000.0,0.0203227455,-35318000.0,-0.0970600036,116529000.0,81211000.0,0.2231819456,31830000.0,49235000.0,0.1353063389,0.5,0.5,99256000,99256000,,,3.6660554525670994,0.4960405416297251,0.4301301684532925,-0.486338357378899,0.1790521479809785,17.757505843475457,17.757505843475457,17.757505843475457,33.64350769726767,2044673600.0,5366221600.0,10.382215903320809,5.619118495759569,47.89247886070317,-42.35734173019557,1.1600728267573088,1.1600728267573088,14.747309812629508,725.6553887762001,125.6932424519242,-111.16634073583027,0.0240796379431905,-0.0236086581251892,1.894607722155368,0.5309291020796626,449.1613252197431,0.38713501600681,0.0,0.8645632935744517,0.0114653996608554,0.4761450187874479,0.0,0.0,0.0,2.1306771601901957,0.2499876332177268,-2.1980186057750397,0.0,14.077995715771758,-0.0035307944101321,0.0078280291618928,-43.73106159829129,-469408000.0,1762539000.0,-4230523000.0,5016126000.0,194927000.0,36009000.0,22040500.0,51.90412720747064,21.162977641516488,12.682644133702237,1.7339661572624647,4.252709685967934,7.096312019103211,0.0279341336560495,0.9164685258321916,2001-06-29,,amc,,2025-04-25,2001-06-30,,,
2001-03-31,AWK,USD,1410636,2001-03-31,2001-03-30 19:00:00,2001,Q1,316427000.0,150823000.0,165604000.0,0.5233560979,0,0.0,0.0,0.0,228494000.0,228494000.0,379317000.0,0.0,0.0,-48044000.0,-18530000.0,-0.0585601102,-62890000.0,-0.1987504227,102154000.0,39264000.0,0.1240854921,15803000.0,23315000.0,0.0736820815,0.24,0.24,98873000,98873000,,,3.200337807085857,0.2358075511009072,0.8730189232651988,0.2406622637120346,0.2046261365590201,17.493410739028857,17.493410739028857,17.08176145155907,29.032809766063536,2036783800.0,4887112800.0,21.839843448423764,6.436820498882839,23.59628119279872,85.59713385164952,1.2059646224669538,1.2059646224669538,15.44467697130776,-263.7405720453319,56.61753979471258,205.38402185333047,0.011446968500044,0.0116826341607783,1.6996379353730924,0.4637463250843546,-153.82239611440906,0.3783870948386554,0.0,3.679212309790716,0.0114680802154848,1.0018443062406177,0.0,0.0,0.0,0.7243332792696773,0.1975905975153827,-1.301369577886937,0.0,9.51998884288188,-0.0062832716942006,0.0037665966928909,-43.43294681055495,-414397000.0,1729626000.0,-4208061000.0,5026580000.0,183927000.0,43365000.0,21075000.0,51.19692693733468,20.457556208270624,12.80991625945645,1.7579180115666024,4.399352448735525,7.025807052685518,0.0138046390455467,0.6323566595531641,2001-03-30,,amc,,2025-04-25,2001-03-31,,,
2000-12-31,AWK,USD,1410636,2000-12-31,2000-12-30 19:00:00,2000,Q4,332297000.0,145791000.0,186506000.0,0.5612629666,0,0.0,0.0,0.0,220632000.0,220632000.0,366423000.0,0.0,0.0,-46232000.0,12106000.0,0.0364312648,-34126000.0,-0.1026972859,96561000.0,62435000.0,0.1878891474,24327000.0,37396000.0,0.1125378803,0.39,0.39,98120000,98873000,,,3.3866388096208726,0.3811251528740318,1.0403995108030983,-0.3712902568283734,0.2911842641663269,17.553709743171627,17.553709743171627,17.553709743171627,33.10454545454545,2021272000.0,5240919000.0,13.512621670766928,6.08272719886126,19.80008620351867,-55.48219922593396,1.1735411090532233,1.1735411090532233,15.771791499772794,432.9191310094168,51.339279416950745,-143.85877412094095,0.0185012210133025,-0.0180237988751637,1.8859002421082576,0.5294743200998631,265.954650586486,0.3587567227482426,0.0,2.6788075994541827,0.0113072362354002,0.6111616215638036,0.0,0.0,0.0,1.3568727714431252,0.4168409585401011,-2.996084962796332,0.0,12.269010023668782,-0.00350996182002,0.0060957182290272,-43.13723756624541,-496355000.0,1722370000.0,-4134732000.0,4875193000.0,193649000.0,46529000.0,21027500.0,50.87849122923168,32.37668991913081,12.768072103216248,1.768920379232698,2.7797776803248992,7.04883237441377,0.0217119434267898,1.4116897676314717,2000-12-30,,amc,,2025-04-25,2000-12-31,,,
2000-09-30,AWK,USD,1410636,2000-09-30,2000-09-29 20:00:00,2000,Q3,364125000.0,148215000.0,215910000.0,0.5929557158,0,0.0,0.0,0.0,228681000.0,228681000.0,376896000.0,0.0,0.0,-43556000.0,35753000.0,0.0981888088,-12771000.0,-0.0350731205,96990000.0,84219000.0,0.2312914521,33488000.0,49735000.0,0.1365877103,0.51,0.51,98139000,98139000,,,3.710298658025861,0.5067811980965773,1.0710726622443676,0.1366327352021112,0.2317733011341057,17.914977735660646,17.914977735660646,17.914977735660646,32.233648192869296,2021663400.0,5162295400.0,10.162176535638888,5.5521136972193625,19.23305553969976,150.7691401297636,1.1498758359601355,1.1498758359601355,14.177261654651565,144.3877548737169,49.11139714976121,384.98735177865615,0.0246010290338144,0.0066326570486461,1.7992569496029367,0.5207246013714671,87.84247475736302,0.4506182875395694,0.0,2.071987542134001,0.0114054594845017,0.4636171710063336,0.0,0.0,0.0,0.872433738607607,0.2518503261242705,-2.105450454587198,0.0,14.292547439729251,-0.0013084752347431,0.0081868932670107,-42.121687096872805,-344670000.0,1758158000.0,-4034088000.0,4934411000.0,197084000.0,39231000.0,21040000.0,49.29639546858908,24.660054650339035,12.97763384272847,1.825691293339016,3.649626948363744,6.9350084222347,0.0282881288257369,0.9344399270422564,2000-09-29,,amc,,2025-04-25,2000-09-30,,,
2000-06-30,AWK,USD,1410636,2000-06-30,2000-06-29 20:00:00,2000,Q2,346409000.0,154270000.0,192139000.0,0.5546593766,0,0.0,0.0,0.0,227106000.0,227106000.0,381376000.0,0.0,0.0,-43844000.0,6096000.0,0.0175976952,-34967000.0,-0.1009413728,109178000.0,74211000.0,0.2142294224,29072000.0,44143000.0,0.1274302919,0.45,0.45,97816000,97816000,,,3.5414349390692728,0.4512860881655353,0.3864193996892124,-0.5744152285924593,0.4411139281917068,17.84788787110493,17.84788787110493,17.84788787110493,32.55804776314714,2015009600.0,5156559600.0,11.411829735178852,5.816851178808865,53.30995290756125,-35.8625589549184,1.1541981969390698,1.1541981969390698,14.885755277720843,845.8923228346457,136.42413884332504,-91.77495862032144,0.0219070916585211,-0.0278842343976921,1.824196117673812,0.5217308822380232,515.3461286089239,0.5277074818361587,0.0,0.8373690157070383,0.0114113600252822,0.5208979906213895,0.0,0.0,0.0,2.4865072226043705,0.2713122349592534,-2.1436228446309644,0.0,13.462032860447977,-0.0035927129336762,0.0072316955437008,-42.5160275415065,-274904000.0,1745809000.0,-4051133000.0,4956205000.0,181451500.0,39174500.0,21110000.0,50.59068904098912,22.08199909250016,12.080897128411229,1.7789834790959465,4.075717946685689,7.449777863627584,0.025285125692444,0.9608346282816718,2000-06-29,,amc,,2025-04-25,2000-06-30,,,
2000-03-31,AWK,USD,1410636,2000-03-31,2000-03-30 19:00:00,2000,Q1,307759000.0,144358000.0,163401000.0,0.5309381692,0,0.0,0.0,0.0,217993000.0,217993000.0,362351000.0,0.0,0.0,-42927000.0,-14086000.0,-0.0457695794,-54592000.0,-0.1773855517,100094000.0,45502000.0,0.1478494536,18419000.0,26087000.0,0.0847643773,0.27,0.27,97479000,97479000,,,3.1571825726566747,0.2676166148606366,0.5965387416776947,-0.0940818022343274,0.3940028108618266,17.960924917161645,17.960924917161645,17.960924917161645,31.753957262589893,2008067400.0,5065004400.0,19.243947176754705,6.524804798559913,34.532543422184006,-218.95839057899903,1.146934252829971,1.146934252829971,16.45769709415484,-359.577197217095,87.10239724849527,-552.2848544324501,0.0129910978087687,-0.0045670777783654,1.7679466624933673,0.5132612293885094,-217.01952293056937,0.5515136819941475,0.0,2.1471033489642948,0.0114020077214539,0.877678537202438,0.0,0.0,0.0,1.157712811693895,0.2187458368398649,-1.5682670580287466,0.0,10.399492455748952,-0.005569115318652,0.0043256729110102,-42.107807835533805,-216409000.0,1750813000.0,-4013802000.0,4941404000.0,168869000.0,53781000.0,20785000.0,49.181989803710046,25.24847947463944,13.41165713019022,1.829938161493638,3.564571089930367,6.710580141316474,0.0148999350587412,0.6906205439120221,2000-03-30,,amc,,2025-04-25,2000-03-31,,,
1999-12-31,AWK,USD,1410636,1999-12-31,1999-12-30 19:00:00,1999,Q4,310857000.0,139163000.0,171694000.0,0.5523247024,0,0.0,0.0,0.0,211763000.0,211763000.0,350926000.0,0.0,0.0,-43126000.0,3057000.0,0.0098341038,-40069000.0,-0.1288984967,92418000.0,52349000.0,0.1684021914,19800000.0,31565000.0,0.1015418665,0.33,0.33,97249000,97479000,,,3.1965058766671124,0.3245791730506226,1.1114972904605702,-0.7143312527635246,0.4431922179148371,17.77508252012874,17.77508252012874,17.77508252012874,31.32323211549733,2003329400.0,5006382400.0,15.866698875336608,6.444536877084962,18.533558450209085,-28.838161455634253,1.1589257026892723,1.1589257026892723,16.10509784241629,1637.6782466470395,46.31593827480295,-72.0674612771348,0.0157562705364379,-0.0346762744059963,1.7621989703860157,0.5117687459069797,982.3529604187112,0.5667611671967916,0.0,3.3209007957233707,0.0109088400539621,0.692349120861714,0.0,0.0,0.0,1.6426747585390222,0.5711951154389318,-4.117237861151046,0.0,11.393506293894966,-0.0043413315642996,0.0053030758680059,-41.57677199765551,-213027000.0,1728609000.0,-3944916000.0,4871461000.0,178879000.0,58082000.0,19929000.0,49.09080381011205,43.37187327091253,12.971982495347184,1.833337265124618,2.0750775378742694,6.938029713829893,0.0182603469032036,1.8258285432240948,1999-12-30,,amc,,2025-04-25,1999-12-31,,,
1999-09-30,AWK,USD,1410636,1999-09-30,1999-09-29 20:00:00,1999,Q3,353600000.0,146400000.0,207200000.0,0.5859728507,0,0.0,0.0,0.0,217900000.0,217900000.0,364300000.0,0.0,0.0,-40400000.0,37700000.0,0.1066176471,-10700000.0,-0.030260181,-48300000.0,87400000.0,0.2471719457,34600000.0,52800000.0,0.149321267,0.54,0.54,96672000,96672000,,,3.657729228732208,0.5461767626613704,1.2702747434624295,0.0341360476663356,0.4758358159549818,17.523171135385635,17.27077126779212,17.523171135385635,26.658184376034427,1991443200.0,4522543200.0,9.42918181818182,5.631909502262444,16.216964169381107,603.4676363636364,1.1755863046044863,1.1755863046044863,12.78999773755656,119.96135809018568,36.828527687296415,1370.4676363636363,0.026513435080649,0.0016570896925405,1.521310507674144,0.4460193838698512,67.13793103448276,0.7159405691261647,0.0,2.321361058601134,0.0108966200994334,0.4109848484848485,0.0,0.0,0.0042229145032883,0.9731270358306188,0.3379524886877828,-2.957920792079208,0.0,14.67453065182792,-0.0011623313301826,0.0091768631813125,-40.207609235352535,-112800000.0,1669600000.0,-3799700000.0,4800500000.0,189700000.0,50000000.0,19500000.0,47.90158371040724,30.18442622950819,12.172131147540982,1.8788522848034008,2.981670061099796,7.393939393939394,0.0311688311688311,1.236138695796094,1999-09-29,,amc,,2025-04-25,1999-09-30,,,
1999-06-30,AWK,USD,1410636,1999-06-30,1999-06-29 20:00:00,1999,Q2,319000000.0,130100000.0,188900000.0,0.5921630094,0,0.0,0.0,0.0,208300000.0,208300000.0,338400000.0,0.0,0.0,-47400000.0,42600000.0,0.1335423197,-19400000.0,-0.060815047,-54800000.0,55900000.0,0.1752351097,22800000.0,32100000.0,0.1006269592,0.33,0.33,96341000,96341000,,,3.311155167581819,0.3331914761108977,0.3103559232310231,-0.9113461558422686,0.49304034627002,17.09137335090979,16.83810630987845,17.09137335090979,26.887825536376,1984624600.0,4527524600.0,15.45657788161994,6.221393730407525,66.37540468227425,-22.60392482915718,1.2052864083566135,1.2052864083566135,14.1928670846395,106.27992018779342,151.42222742474917,-51.56633940774488,0.016174343500529,-0.0442401046525373,1.573181100449411,0.4550948699929726,59.6924882629108,0.7299725480409284,0.0,0.8846153846153846,0.0100784803332579,0.6231152647975078,0.0,0.0,0.0042867182009838,3.936454849498328,0.3689655172413793,-2.4831223628691985,0.0,11.319485328402616,-0.0020882200959396,0.0056637730256193,-39.90928057628632,-108200000.0,1622200000.0,-3752900000.0,4725700000.0,162250000.0,42350000.0,15650000.0,53.9435736677116,35.21137586471945,13.282090699461952,1.6684100418410042,2.555992141453831,6.776041666666667,0.0194947163852787,1.2217020790732918,1999-06-29,,amc,,2025-04-25,1999-06-30,,,
1999-03-31,AWK,USD,1410636,1999-03-31,1999-03-30 19:00:00,1999,Q1,237000000.0,108100000.0,128900000.0,0.5438818565,0,0.0,0.0,0.0,168100000.0,168100000.0,276200000.0,0.0,0.0,-34700000.0,-23464000.0,-0.0990042194,-39200000.0,-0.1654008439,73470000.0,32600000.0,0.1375527426,12900000.0,19426000.0,0.0819662447,0.2,0.2,97130000,97130000,,,2.440028827344796,0.2,0.7062699474930505,0.0061772881704931,0.4694739009574796,13.809327705137443,13.558117986204056,13.809327705137443,23.293524142901266,2000878000.0,4217778000.0,25.75,8.442523206751057,29.167317784256564,3334.796666666667,1.4917453217028256,1.4917453217028256,17.79653164556962,-179.7552846914422,61.483644314868805,7029.63,0.0097087378640776,0.0002998683577909,1.6867963915604265,0.4763057619839582,-94.48090692124104,0.6544952439398588,0.0,3.482233502538071,0.009894656245908,1.0191495933285288,0.0,0.0,0.0051367339634955,0.9912536443148688,0.2869198312236287,-1.9596541786743515,0.0,7.883018119547772,-0.0051703211887293,0.0041107137566921,-33.5341809945434,-112600000.0,1316900000.0,-3195500000.0,4075900000.0,136550000.0,48536000.0,12000000.0,50.62025316455696,28.14061054579094,10.074005550416285,1.7779444861215303,3.198224852071006,8.933884297520661,0.0144829642883769,0.7000926593225574,1999-03-30,,amc,,2025-04-25,1999-03-31,,,
1998-12-31,AWK,USD,1410636,1998-12-31,1998-12-30 19:00:00,1998,Q4,253300000.0,115100000.0,138200000.0,0.545598105,0,0.0,0.0,0.0,172300000.0,172300000.0,287400000.0,0.0,0.0,-34200000.0,100000.0,0.0003947888,-34100000.0,-0.1346229767,79600000.0,45500000.0,0.1796288985,17800000.0,26700000.0,0.1054086064,0.34,0.34,81304348,81304348,,,3.1154545387904715,0.3283957212226829,1.1573796766687066,-0.6740106937454317,0.4809090898804083,16.43577536591278,16.135668414683064,16.43577536591278,27.647967855298464,1674869568.8000002,3883669568.8,15.682299333333336,6.612197271219898,17.79882644845909,-30.56331329927008,1.2533634429394598,1.2533634429394598,15.332292020529016,38836.695688,41.27172761742827,-70.86988264233577,0.0159415398651787,-0.0327189657157976,1.6821821447279803,0.4774334685555296,22088.0,0.7029538665781613,0.0,3.3971119133574006,0.0105082809598182,0.6591760299625468,0.0,0.0,0.0051823375740713,1.5823591923485654,0.5878405053296486,-4.353801169590644,0.0,11.02008901351146,-0.0045632379416985,0.0057003778902196,-39.630106867101375,-89500000.0,1311900000.0,-3160200000.0,4063700000.0,144600000.0,46536000.0,12200000.0,49.67232530596131,49.47419635099913,9.304952215464812,1.811874105865522,1.819130104943735,9.672268907563025,0.0199805432911771,1.8313903704141383,1998-12-30,,amc,,2025-04-25,1998-12-31,,,
1998-09-30,AWK,USD,1410636,1998-09-30,1998-09-29 20:00:00,1998,Q3,282500000.0,113000000.0,169500000.0,0.6,0,0.0,0.0,0.0,170100000.0,170100000.0,283100000.0,0.0,0.0,-33700000.0,33200000.0,0.1175221239,-600000.0,-0.0021238938,88600000.0,76000000.0,0.2690265487,29400000.0,52600000.0,0.1861946903,0.55,0.55,97454545,97454545,,,2.898787326953299,0.5397388084875877,0.8691231383821042,-0.0697761197284334,0.2996268670691551,13.509888122714033,13.259514987217887,13.509888122714033,22.41250010453592,2007563627.0,4162563627.0,9.54165221958175,7.106419918584072,23.702049905549,-295.22994514705886,1.5248090741303355,1.5248090741303355,14.734738502654867,125.3784225,49.14478898465171,-612.1417098529412,0.026200913033378,-0.0033871902780792,1.6589700744341485,0.4763275542470832,64.90963855421687,0.8537565287263962,0.0,1.817596566523605,0.0094143965081909,0.3593155893536122,0.0,0.0,0.0053211209246538,1.0802833530106255,0.3238938053097345,-2.71513353115727,0.0,12.808815154356449,-8.285730880883432e-05,0.0115323058034246,-32.02929119416647,-36400000.0,1292200000.0,-3056400000.0,3990100000.0,146250000.0,28650000.0,12450000.0,47.59646017699115,23.734513274336283,9.95575221238938,1.890896921017403,3.791946308724832,9.04,0.0399513899437946,0.9388992581105376,1998-09-29,,amc,,2025-04-25,1998-09-30,,,
1998-06-30,AWK,USD,1410636,1998-06-30,1998-06-29 20:00:00,1998,Q2,256000000.0,108800000.0,147200000.0,0.575,0,0.0,0.0,0.0,162800000.0,162800000.0,271600000.0,0.0,0.0,-31100000.0,15600000.0,0.0609375,-15600000.0,-0.0609375,81100000.0,57400000.0,0.22421875,22300000.0,38600000.0,0.15078125,0.42,0.42,91904762,91904762,,,2.7854922250927543,0.4199999995647668,0.3492746110370211,-0.708341968177884,0.2644041448037262,13.916580296459502,13.652176151655777,13.916580296459502,23.34699479445907,1893238097.2,4014638097.2,12.261904774611398,7.3954613171875,58.97937997507789,-29.081998420890937,1.4802487077404225,1.4802487077404225,15.6821800671875,257.34859597435894,125.06660738940808,-61.668787975422426,0.0203883494934352,-0.0343855324358196,1.6776387802971071,0.4787585345173814,135.98717948717947,0.5257705257705257,0.0,0.9145299145299144,0.0106695507711759,0.5233160621761658,0.0,0.0,0.0054219286893658,3.02803738317757,0.3796875,-3.12540192926045,0.0,11.46785436187872,-0.0021943717386592,0.0086595625350532,-33.34946887735806,-183100000.0,1254700000.0,-2999800000.0,3767400000.0,132450000.0,27200000.0,12550000.0,50.30859375,22.74816176470588,10.25735294117647,1.7889587700908456,3.956363636363637,8.774193548387096,0.0301798279906176,1.057616579214905,1998-06-29,,amc,,2025-04-25,1998-06-30,,,
1998-03-31,AWK,USD,1410636,1998-03-31,1998-03-30 19:00:00,1998,Q1,226000000.0,100200000.0,125800000.0,0.5566371681,0,0.0,0.0,0.0,154500000.0,154500000.0,254700000.0,0.0,0.0,-30800000.0,2100000.0,0.0092920354,-28700000.0,-0.1269911504,64200000.0,35500000.0,0.157079646,13900000.0,20600000.0,0.0911504425,0.26,0.26,79230769,79230769,,,2.85242719277406,0.2600000007572816,0.7446601963436704,0.0757281555603732,0.3193203892795739,15.791844706189838,15.50407771506042,15.791844706189838,26.10980590129069,1632153841.4,3675553841.4,19.80769225,7.22191965221239,27.66362443050848,272.0256402333334,1.3044707811700769,1.3044707811700769,16.263512572566373,1750.263734,62.29752273559322,612.5923069,0.0126213592600622,0.0036761240563287,1.6533727621483376,0.4725216994061215,973.047619047619,0.5879752431476569,0.0,2.7314814814814814,0.0105994910290813,0.8398058252427184,0.0,0.0,0.005207857469164,0.8983050847457628,0.2345132743362832,-1.7207792207792207,0.0,9.611570724927596,-0.0041280637348748,0.0047299779573842,-37.91203894537487,-139800000.0,1228400000.0,-2927300000.0,3714600000.0,124650000.0,34850000.0,12050000.0,48.50442477876106,24.16167664670659,11.407185628742516,1.8555008210180624,3.724907063197026,7.889763779527559,0.0164641943734015,0.6689320407832972,1998-03-30,,amc,,2025-04-25,1998-03-31,,,
1997-12-31,AWK,USD,1410636,1997-12-31,1997-12-30 19:00:00,1997,Q4,236900000.0,108500000.0,128400000.0,0.5420008442,0,0.0,0.0,0.0,159900000.0,159900000.0,268400000.0,0.0,0.0,-29500000.0,-2000000.0,-0.0084423808,-31500000.0,-0.1329674968,74200000.0,42700000.0,0.180244829,16800000.0,24900000.0,0.1051076404,0.33,0.33,79230769,79230769,,,2.990000008708738,0.314271845575549,1.072815537105288,-0.4581553411402583,0.16029126260279,15.651747618403148,15.365242763199737,15.651747618403148,25.630194249408333,1632153841.4,3650153841.4,16.387086761044177,6.889632086956522,19.201809898823537,-44.96291574104684,1.3161469570195954,1.3161469570195954,15.407994265090757,-1825.0769207,42.94298636941176,-100.55520224242424,0.0152559148337645,-0.0222405505407892,1.6375292315135876,0.4706904944023364,-1009.0,0.5641109298531811,0.0,3.281853281853282,0.0098642662178156,0.6465863453815262,0.0,0.0,0.0052615719815497,1.4270588235294115,0.5120303925707049,-4.111864406779661,0.0,10.520234371755263,-0.0045844368301579,0.0058020318762233,-37.361432147654654,-133600000.0,1217400000.0,-2901300000.0,3694500000.0,131950000.0,35650000.0,12150000.0,48.438159560996205,35.50230414746544,9.456221198156683,1.8580392156862744,2.5350467289719627,9.517543859649123,0.0200790258850092,1.5309708782455462,1997-12-30,,amc,,2025-04-25,1997-12-31,,,
1997-09-30,AWK,USD,1410636,1997-09-30,1997-09-29 20:00:00,1997,Q3,266000000.0,111400000.0,154600000.0,0.5812030075,0,0.0,0.0,0.0,161500000.0,161500000.0,272900000.0,0.0,0.0,-28300000.0,21200000.0,0.0796992481,-6900000.0,-0.0259398496,77300000.0,70400000.0,0.2646616541,26900000.0,42500000.0,0.1597744361,0.54,0.54,78703704,78703704,,,3.379764693158533,0.5399999979670588,1.0634823489374785,-0.064799999756047,0.1359529406646477,15.54564700029874,15.257223471972804,15.54564700029874,25.311388140004187,1621296302.4,3602696302.4,9.537037072941178,6.095098881203008,19.370326193548387,-317.9012357647059,1.325129793543114,1.325129793543114,13.543971061654135,169.9385048301887,43.04296657586619,-706.4110396862745,0.0262135921343232,-0.0031456310561187,1.628197793216183,0.472487073668232,93.4622641509434,0.5569774527726996,0.0,1.9241379310344828,0.0099303254908848,0.3788235294117647,0.0,0.0,0.0053839950666476,1.060931899641577,0.3338345864661654,-3.137809187279152,0.0,13.74334785787486,-0.0010451790346592,0.0101347323238345,-36.50717633314945,-145400000.0,1200800000.0,-2809900000.0,3569200000.0,136200000.0,27900000.0,12550000.0,46.15037593984962,23.025134649910235,10.421903052064632,1.9501466275659824,3.9087719298245616,8.635658914728682,0.0347364119329791,1.1282823486935252,1997-09-29,,amc,,2025-04-25,1997-09-30,,,
1997-06-30,AWK,USD,1410636,1997-06-30,1997-06-29 20:00:00,1997,Q2,237900000.0,103300000.0,134600000.0,0.5657839428,0,0.0,0.0,0.0,151800000.0,151800000.0,255100000.0,0.0,0.0,-26900000.0,9700000.0,0.0407734342,-17200000.0,-0.0722992854,68500000.0,51300000.0,0.2156368222,19700000.0,30600000.0,0.1286254729,0.39,0.39,78461538,78461538,,,3.032058841365052,0.3900000022941177,0.5416666698529412,-0.5697058857041523,0.1198039222733564,15.174313814750866,14.885000087558824,15.174313814750866,25.301568776283737,1616307682.8000002,3592107682.8,13.20512812745098,6.794063399747794,38.03076900705882,-36.15900856375839,1.35755726759617,1.35755726759617,15.099233639344265,370.3203796701032,84.52018077176471,-80.36035084563758,0.0189320389463163,-0.027655625519619,1.6673945909625398,0.47852287518681,203.69072164948457,0.5619316400125431,0.0,1.3406940063091484,0.0098991053314072,0.5228758169934641,0.0,0.0,0.0054717254013402,2.051764705882353,0.3665405632618747,-3.241635687732342,0.0,11.539263603354472,-0.002634113612918,0.007416563658838,-36.20245119334776,-139700000.0,1167900000.0,-2778800000.0,3511300000.0,128950000.0,25300000.0,12100000.0,51.45018915510718,23.78509196515005,10.62923523717328,1.749264705882353,3.783882783882784,8.467213114754099,0.0257013270619855,1.1113725555570937,1997-06-29,,amc,,2025-04-25,1997-06-30,,,
1997-03-31,AWK,USD,1410636,1997-03-31,1997-03-30 19:00:00,1997,Q1,213400000.0,98300000.0,115100000.0,0.5393626992,0,0.0,0.0,0.0,148700000.0,148700000.0,247000000.0,0.0,0.0,-27800000.0,-5800000.0,-0.0271790066,-33600000.0,-0.1574507966,62900000.0,29300000.0,0.1373008435,11300000.0,17000000.0,0.0796626054,0.22,0.22,77272727,77272727,,,2.761647068570519,0.2200000007764705,0.7234117672591004,0.0103529412130103,0.1345882357691349,15.086823582659378,14.793058875740208,15.086823582659378,24.90788244085135,1591818176.2,3506118176.2,23.409090826470592,7.45931666447985,28.476174887298747,1989.77272025,1.3654298989535083,1.3654298989535083,16.429794640112465,-604.5031338275862,62.7212553881932,4382.64772025,0.0106796116881781,0.0005025699617966,1.6509692914736662,0.4738889572817924,-330.05172413793105,0.4981818181818181,0.0,3.105555555555556,0.0099885779907078,0.9352941176470588,0.0,0.0,0.0055890680782961,0.9856887298747764,0.2582005623242737,-1.9820143884892083,0.0,8.641746177581219,-0.0052586141760517,0.0042091710409032,-36.078382480276645,-165600000.0,1143100000.0,-2731300000.0,3423100000.0,123400000.0,30050000.0,11550000.0,51.41049671977508,21.33265513733469,10.98677517802645,1.7506152584085315,4.218884120171674,8.191666666666666,0.0145822611082518,0.7130588260460899,1997-03-30,,amc,,2025-04-25,1997-03-31,,,
1996-12-31,AWK,USD,1410636,1996-12-31,1996-12-30 19:00:00,1996,Q4,220200000.0,103500000.0,116700000.0,0.529972752,0,0.0,0.0,0.0,150300000.0,150300000.0,253800000.0,0.0,0.0,-26300000.0,-7400000.0,-0.0336058129,-33600000.0,-0.1525885559,69400000.0,35800000.0,0.1625794732,13900000.0,20900000.0,0.0949137148,0.28,0.28,74631290,77272727,,,2.950505076356043,0.2800433973471449,0.9620629631351676,-0.3818773600188339,0.174189672991047,15.50154097564172,15.19737900818812,15.50154097564172,25.738534065269405,1537404574.0,3445304574.0,18.39000686602871,6.981855467756585,21.412319972144847,-53.94402014035088,1.3289001417581467,1.3289001417581467,15.646251471389643,-465.5816991891892,47.98474337047354,-120.88787978947369,0.0135943396770458,-0.0185377359232443,1.6603855130089031,0.4763900600168642,-257.8243243243243,0.4994029850746269,0.0,3.278538812785388,0.009561569055147,0.7033492822966507,0.0,0.0,0.0056296810674073,1.3969359331476323,0.4554950045413261,-3.8136882129277567,0.0,9.88305845758439,-0.0052680088023513,0.0052126200274348,-37.02301005382595,-167700000.0,1134200000.0,-2708000000.0,3392400000.0,130000000.0,31250000.0,11600000.0,51.049046321525886,32.0,9.652173913043478,1.7630104083266611,2.8125,9.324324324324325,0.0180655199239346,1.3439403231540017,1996-12-30,,amc,,2025-04-25,1996-12-31,,,
1996-09-30,AWK,USD,1410636,1996-09-30,1996-09-29 20:00:00,1996,Q3,247600000.0,109700000.0,137900000.0,0.5569466882,0,0.0,0.0,0.0,156400000.0,156400000.0,266100000.0,0.0,0.0,-26300000.0,6300000.0,0.0254442649,-18500000.0,-0.0747172859,77400000.0,58900000.0,0.2378836834,22600000.0,35300000.0,0.1425686591,0.45,0.45,78444444,78444444,,,3.156373955560192,0.450000002549575,0.9407932064634176,-0.0076487252558001,0.4742209658596089,14.56189809950084,14.272521327323068,14.56189809950084,23.92266302505758,1615955546.4,3455355546.4,11.4444443796034,6.526476358642973,21.89641661788618,-2693.2592440000003,1.4146507453383526,1.4146507453383526,13.955393967689822,548.4691343492063,46.82053585907859,-5758.925910666667,0.0218446603179405,-0.0003712973425145,1.6428258776153375,0.4742361830633544,291.968253968254,0.7040082219938335,0.0,2.0330578512396693,0.0090349020011878,0.4135977337110481,0.0,0.0,0.0057365242222839,1.008130081300813,0.3004846526655896,-2.828897338403042,0.0,12.142455233304164,-0.0029790003432138,0.0089721431476209,-34.03969566028156,-86400000.0,1119600000.0,-2609300000.0,3357000000.0,135750000.0,24200000.0,12150000.0,49.10743134087237,21.084776663628077,9.927073837739288,1.8327165062916355,4.2684824902723735,9.06611570247934,0.0309025650004377,0.9484419317192178,1996-09-29,,amc,,2025-04-25,1996-09-30,,,
1996-06-30,AWK,USD,1410636,1996-06-30,1996-06-29 20:00:00,1996,Q2,228600000.0,106400000.0,122200000.0,0.5345581802,0,0.0,0.0,0.0,152100000.0,152100000.0,258500000.0,0.0,0.0,-25300000.0,-4800000.0,-0.0209973753,-29900000.0,-0.1307961505,73000000.0,43100000.0,0.1885389326,16600000.0,25500000.0,0.1115485564,0.35,0.35,72857143,72857143,,,3.13764705267128,0.3499999993137255,0.3047058817554786,-0.5311764695467128,0.3101960778231449,15.28470585238293,14.973137225542867,15.28470585238293,25.52254896956363,1500857145.8000002,3337757145.8,14.714285743137255,6.565429334208225,67.60617773873875,-38.78183839276486,1.3477524656968392,1.3477524656968392,14.600862405074366,-695.3660720416667,150.34942098198198,-86.24695467183463,0.0169902912288216,-0.0257852655119763,1.6698096264367817,0.4780328543150209,-382.6875,0.4699284009546539,0.0,0.8377358490566038,0.0087283456901005,0.5137254901960784,0.0,0.0,0.0058356255944882,2.743243243243243,0.2664041994750656,-2.4071146245059287,0.0,10.971192202832912,-0.0048810510618249,0.0065939180802647,-36.30803914449404,-222100000.0,1090900000.0,-2579400000.0,3171100000.0,129150000.0,21500000.0,11850000.0,53.7007874015748,19.201127819548876,10.319548872180452,1.6759530791788857,4.687224669603524,8.721311475409836,0.0228987068965517,0.8358823513021915,1996-06-29,,amc,,2025-04-25,1996-06-30,,,
1996-03-31,AWK,USD,1410636,1996-03-31,1996-03-30 19:00:00,1996,Q1,198200000.0,98500000.0,99700000.0,0.5030272452,0,0.0,0.0,0.0,143100000.0,143100000.0,241600000.0,0.0,0.0,-24000000.0,-19400000.0,-0.0978809284,-43400000.0,-0.2189707366,71000000.0,27600000.0,0.1392532795,10600000.0,16000000.0,0.0807265388,0.23,0.23,69565217,69565217,,,2.849125016026328,0.23000000129375,0.5850625032909765,0.0373750002102343,0.4427500024904687,13.475125075797578,13.14881257396207,13.475125075797578,28.560250160651407,1433043470.2,3389043470.2,22.391304221875,7.230289960645813,35.20991327272728,551.1705654615384,1.5287427674418606,1.5287427674418606,17.099109335015136,-174.6929623814433,83.26888133169533,1303.4782577692306,0.0111650486064927,0.001814320398555,2.119479411137188,0.5174497343473279,-100.82474226804123,0.2948098001289491,0.0,2.3941176470588235,0.0090018204389847,0.80625,0.0,0.0,0.0059120741743931,0.936117936117936,0.1922300706357215,-1.5875,0.0,8.350674982269693,-0.0072018654178487,0.0041918834656396,-39.8794845993221,-437500000.0,914700000.0,-2719300000.0,2920600000.0,117500000.0,31800000.0,10550000.0,55.35317860746721,18.548223350253807,10.50761421319797,1.6259228876127974,4.852216748768473,8.565217391304348,0.0170684873053125,0.5476875030807422,1996-03-30,,amc,,2025-04-25,1996-03-31,,,
1995-12-31,AWK,USD,1410636,1995-12-31,1995-12-30 19:00:00,1995,Q4,198300000.0,103000000.0,95300000.0,0.4805849723,0,0.0,0.0,0.0,144300000.0,144300000.0,247300000.0,0.0,0.0,-22500000.0,-26700000.0,-0.1346444781,-49000000.0,-0.247100353,79200000.0,30200000.0,0.1522945033,11700000.0,17500000.0,0.0882501261,0.27,0.27,69025772,69565217,,,2.872840016914262,0.253528493676246,0.8489582702530295,-0.7040848452951747,0.343350017150116,13.31676522212602,12.989351281721268,13.31676522212602,22.853782787101608,1421930903.2,2975730903.2,20.31329861714286,7.170604655572365,24.2650324778157,-29.25783751440329,1.546922218450827,1.546922218450827,15.006207277861824,-111.45059562546815,50.78039083959044,-61.22903093004115,0.0123072084308857,-0.0341788759852026,1.7161662315056572,0.4635479415826746,-58.19475655430712,0.5119900342572408,0.0,3.167567567567568,0.0082985748276829,0.6742857142857143,0.0,0.0,0.0066410037906614,1.8293515358361776,0.5405950579929399,-4.764444444444444,0.0,8.71573503019861,-0.0091656405665488,0.0051767490016269,-34.34333193694668,-156700000.0,896600000.0,-2319500000.0,2805900000.0,123000000.0,37700000.0,10000000.0,51.33131618759455,37.83495145631068,8.388349514563107,1.753315649867374,2.378752886836028,10.729166666666666,0.0190382941688424,1.5530431155482043,1995-12-30,,amc,,2025-04-25,1995-12-31,,,
1995-09-30,AWK,USD,1410636,1995-09-30,1995-09-29 20:00:00,1995,Q3,223000000.0,104100000.0,118900000.0,0.5331838565,0,0.0,0.0,0.0,145100000.0,145100000.0,249200000.0,0.0,0.0,-21900000.0,-4300000.0,-0.0192825112,-26200000.0,-0.1174887892,79100000.0,52900000.0,0.2372197309,20300000.0,31600000.0,0.1417040359,0.47,0.47,67234043,67234043,,,3.316772129856894,0.4699999968765823,0.8016772098622718,-0.4937974650728649,0.386708858189593,13.394999910982596,13.055885989185567,13.394999910982596,22.94522136650328,1385021285.8000002,2901721285.8,10.957446881329115,6.210857783856503,25.696127751391465,-41.71750860843374,1.537887281590051,1.537887281590051,13.012203075336323,-674.8189036744186,53.835274319109466,-87.40124354819278,0.0228155338289603,-0.0239707507316924,1.7129691316899844,0.4571775723091512,-352.72093023255815,0.6246666666666667,0.0,1.6483180428134556,0.0084475236012289,0.370253164556962,0.0,0.0,0.0067567567567567,1.6159554730983303,0.3905829596412556,-3.9771689497716896,0.0,11.901769747280524,-0.0049716515974221,0.0094283327366034,-34.847301983609704,-112600000.0,877800000.0,-2286400000.0,2761300000.0,131500000.0,36800000.0,10450000.0,53.63677130044842,27.7521613832853,8.99135446685879,1.6779533483822422,3.2429906542056077,10.009615384615383,0.0350877192982456,1.295474674935137,1995-09-29,,amc,,2025-04-25,1995-09-30,,,
1995-06-30,AWK,USD,1410636,1995-06-30,1995-06-29 20:00:00,1995,Q2,200700000.0,97000000.0,103700000.0,0.5166915795,0,0.0,0.0,0.0,137200000.0,137200000.0,234200000.0,0.0,0.0,-21300000.0,-12200000.0,-0.0607872446,-33500000.0,-0.1669157947,78100000.0,44600000.0,0.2222222222,17200000.0,26400000.0,0.1315396114,0.4,0.4,66000000,66000000,,,3.040909090909091,0.4,0.3757575757575757,-0.8272727272727273,0.2242424242424242,13.172727272727272,12.828787878787878,13.172727272727272,22.703030303030303,1359600000.0,2843200000.0,12.875,6.774289985052317,54.822580645161295,-24.9010989010989,1.5638371290545203,1.5638371290545203,14.166417538614848,-233.04918032786884,114.64516129032258,-52.07326007326007,0.0194174757281553,-0.0401588702559576,1.723487462617897,0.4555792034052903,-121.6065573770492,0.5629605895546299,0.0,0.9051094890510948,0.0084583701088555,0.4356060606060606,0.0,0.0,0.0069017938583155,3.2016129032258065,0.395615346287992,-3.727699530516432,0.0,10.88827559600442,-0.0065007478090872,0.0080825398769249,-34.87840909090909,-136400000.0,846700000.0,-2243900000.0,2689500000.0,118300000.0,35450000.0,10350000.0,58.34080717488789,38.50515463917526,9.742268041237114,1.542659492697925,2.3373493975903616,9.238095238095235,0.0303657694962042,1.2030303030303031,1995-06-29,,amc,,2025-04-25,1995-06-30,,,
1995-03-31,AWK,USD,1410636,1995-03-31,1995-03-30 19:00:00,1995,Q1,180800000.0,92600000.0,88200000.0,0.4878318584,0,0.0,0.0,0.0,133200000.0,133200000.0,225800000.0,0.0,0.0,-21300000.0,-23700000.0,-0.1310840708,-45000000.0,-0.2488938053,66900000.0,21900000.0,0.1211283186,8400000.0,12500000.0,0.0691371681,0.19,0.19,65789474,65789474,,,2.748159986808832,0.189999999088,0.635359996950272,-0.232559998883712,0.667279996797056,12.839439938370688,12.49439994002688,12.839439938370688,22.42455989236211,1355263164.4,2786663164.4,27.105263288000003,7.495924581858407,32.4225637416268,-88.57929179084968,1.6044313536166688,1.6044313536166688,15.412959980088496,-117.58072423628693,66.66658288038278,-182.1348473464052,0.0092233009266019,-0.0112893203341607,1.7465372321534272,0.4569189791873141,-60.39662447257384,0.5996627318718382,0.0,3.096296296296296,0.0084854368524737,0.92,0.0,0.0,0.0070304757185332,1.3660287081339713,0.3158185840707964,-2.68075117370892,0.0,7.408684463052086,-0.0089189524877491,0.0038988178784192,-34.27941983545878,-118700000.0,822000000.0,-2206300000.0,2643800000.0,109450000.0,36500000.0,10000000.0,53.01438053097345,28.57451403887689,9.913606911447085,1.6976525821596244,3.1496598639455784,9.07843137254902,0.0147981531904818,0.867919995833984,1995-03-30,,amc,,2025-04-25,1995-03-31,,,
1994-12-31,AWK,USD,1410636,1994-12-31,1994-12-30 19:00:00,1994,Q4,187600000.0,95200000.0,92400000.0,0.4925373134,0,0.0,0.0,0.0,133700000.0,133700000.0,228900000.0,0.0,0.0,-20600000.0,-21300000.0,-0.1135394456,-41300000.0,-0.2201492537,70400000.0,29100000.0,0.1551172708,11400000.0,16700000.0,0.0890191898,0.27,0.27,65789474,65789474,,,2.851519986312704,0.253839998781568,0.8481599959288321,-0.618639997030528,0.47879999770176,12.693519939071104,12.348479940727296,12.693519939071104,22.258879893157378,1355263164.4,2788163164.4,20.2883707245509,7.224217294243071,24.287870329749104,-33.298849248157254,1.6228753016405222,1.6228753016405222,14.862276995735607,-130.89967907981222,49.96708179928316,-68.50523745454545,0.0123223300379401,-0.0300310678170159,1.7535624476110645,0.456668849596158,-67.27230046948357,0.6163294797687862,0.0,3.152542372881356,0.0093708737414275,0.7604790419161677,0.0,0.0,0.0070789284934668,1.7293906810035842,0.5143923240938166,-4.684466019417476,0.0,8.514562198493907,-0.0081393962209445,0.0052449748743718,-34.213679835774336,-106200000.0,812400000.0,-2201000000.0,2619900000.0,117650000.0,34100000.0,10150000.0,53.92324093816631,41.21848739495798,9.264705882352942,1.6690391459074734,2.18348623853211,9.714285714285714,0.0199976050772362,1.46679999295936,1994-12-30,,amc,,2025-04-25,1994-12-31,,,
1994-09-30,AWK,USD,1410636,1994-09-30,1994-09-29 20:00:00,1994,Q3,209800000.0,100000000.0,109800000.0,0.5233555767,0,0.0,0.0,0.0,138600000.0,138600000.0,238600000.0,0.0,0.0,-20200000.0,-8600000.0,-0.0409914204,-28800000.0,-0.1372735939,73700000.0,44900000.0,0.214013346,17100000.0,26800000.0,0.1277407054,0.42,0.42,63809524,63809524,,,3.287910437946536,0.4199999987462686,0.8697761168066385,-0.1958955218032969,0.6017910429797282,12.83350742437759,12.476193992608376,12.83350742437759,22.03119396408599,1314476194.4,2681876194.4,12.261904798507464,6.265377475691135,23.68425575495496,-105.158095552,1.605173030162413,1.605173030162413,12.783013319351763,-311.84606911627907,48.3220935927928,-214.550095552,0.0203883494537023,-0.0095094913496746,1.716693124923678,0.4508804002694121,-159.0,0.7192393736017897,0.0,1.9964028776978413,0.0066186059793735,0.3246268656716418,0.0,0.0,0.0073126142595978,1.2252252252252251,0.3241182078169685,-3.366336633663366,0.0,11.012567584280625,-0.0059381350811513,0.0086588478562889,-33.90050363014775,-75300000.0,796100000.0,-2106100000.0,2568400000.0,123900000.0,25900000.0,10800000.0,52.721639656816016,22.14,9.45,1.707078925956062,4.065040650406504,9.523809523809524,0.0327268286726096,1.0656716386099354,1994-09-29,,amc,,2025-04-25,1994-09-30,,,
1994-06-30,AWK,USD,1410636,1994-06-30,1994-06-29 20:00:00,1994,Q2,195100000.0,94700000.0,100400000.0,0.5146078934,0,0.0,0.0,0.0,132400000.0,132400000.0,227100000.0,0.0,0.0,-19700000.0,-12700000.0,-0.0650948232,-32000000.0,-0.1640184521,69000000.0,37000000.0,0.1896463352,14300000.0,22700000.0,0.1163505894,0.34,0.34,66764706,66764706,,,2.9222026380225503,0.339999999400881,0.4942731268823381,-0.542202642216383,0.3190308364422364,11.844581476925848,11.50308368017078,11.844581476925848,20.72651978726605,1375352943.6,2737852943.6000004,15.147058850220263,7.049476902101487,41.67736192727273,-37.99317523756906,1.7391918861911988,1.7391918861911988,14.033075056893905,-215.5789719370079,82.96524071515152,-75.63129678453039,0.0165048543398485,-0.0263205166124457,1.749873545776429,0.4520597170951618,-107.28346456692914,0.7597292724196277,0.0,1.4473684210526316,0.0061075231918382,0.3700440528634361,0.0,0.0,0.0074483028976511,2.096969696969697,0.3546899026140441,-3.512690355329949,0.0,9.518983566474716,-0.0066661344037324,0.007471283283415,-32.199273071014495,-56800000.0,768000000.0,-2090700000.0,2542000000.0,116550000.0,25100000.0,10750000.0,57.61660686827267,25.850052798310458,10.54910242872228,1.5620496397117694,3.481617647058824,8.531531531531531,0.0287051087506322,1.0364757690987212,1994-06-29,,amc,,2025-04-25,1994-06-30,,,
1994-03-31,AWK,USD,1410636,1994-03-31,1994-03-30 19:00:00,1994,Q1,177700000.0,95100000.0,82600000.0,0.4648283624,0,0.0,0.0,0.0,133900000.0,133900000.0,229000000.0,0.0,0.0,-20100000.0,-31200000.0,-0.1755768149,-51300000.0,-0.2886888014,68800000.0,17500000.0,0.0984805853,7100000.0,10400000.0,0.058525605,0.15,0.15,69333333,69333333,,,2.5629807815527923,0.1500000007211538,0.4759615407498151,0.0144230769924186,0.6807692340421598,11.016346206809358,10.688942359081452,11.016346206809358,19.9341347112218,1428266659.8000002,2763166659.8,34.333333168269235,8.037516374788972,43.28080787272727,1428.2666598000003,1.8699484941084048,1.8699484941084048,15.549615418120428,-88.56303396794873,83.73232302424243,2763.1666598,0.0072815534330657,0.000700149368564,1.809505106048704,0.4597192655667908,-42.78525641025641,0.7882152006831767,0.0,3.173076923076923,0.0060212845696504,0.8269230769230769,0.0,0.0,0.0075505588078765,0.9696969696969696,0.1800787844682048,-1.592039800995025,0.0,6.097554315193297,-0.0105072745624184,0.0034856051211582,-30.41899053086053,-49600000.0,741100000.0,-2058000000.0,2492700000.0,109100000.0,27300000.0,9700000.0,54.80022509848058,21.766561514195583,9.842271293375394,1.6423290203327172,4.1347826086956525,9.14423076923077,0.0136161298769311,0.4615384637573964,1994-03-30,,amc,,2025-04-25,1994-03-31,,,
1993-12-31,AWK,USD,1410636,1993-12-31,1993-12-30 19:00:00,1993,Q4,181900000.0,95600000.0,86300000.0,0.4744365036,0,0.0,0.0,0.0,394700000.0,394700000.0,490300000.0,0.0,0.0,-21700000.0,-286700000.0,-1.5761407367,-308400000.0,-1.6954370533,331800000.0,23400000.0,0.1286421111,8700000.0,13700000.0,0.0753161078,0.21,0.21,69333333,69333333,,,2.6235577049209504,0.1975961547961353,0.6649038493504993,-0.4283653866748336,0.7701923113951553,10.387500049939904,10.060096202212002,10.387500049939904,19.9961539422892,1428266659.8000002,2761266659.8,26.06326021532847,7.851933258933481,30.981923206073755,-48.089786525252535,1.9831528183837823,1.9831528183837823,15.180135567894448,-9.631205649808162,59.8973245075922,-92.9719414074074,0.0095920463493269,-0.0207944362463511,1.9250208275479035,0.463059452237809,-4.649459365190094,0.6273148148148148,0.0,3.136054421768708,0.005601194948512,0.583941605839416,0.0,0.0,0.0075818303273213,1.6442516268980478,0.4167124793842771,-3.493087557603687,0.0,6.795728550036983,-0.0670236150067326,0.0046107764278262,-30.770192455625924,-112700000.0,697500000.0,-2084100000.0,2416400000.0,116150000.0,25300000.0,9400000.0,54.42550852116547,29.7489539748954,8.472803347280335,1.6536363636363636,3.0253164556962027,10.622222222222222,0.0190224937517356,1.0932692360253329,1993-12-30,,amc,,2025-04-25,1993-12-31,,,
1993-09-30,AWK,USD,1410636,1993-09-30,1993-09-29 20:00:00,1993,Q3,200200000.0,93100000.0,107100000.0,0.534965035,0,0.0,0.0,0.0,35200000.0,35200000.0,128300000.0,0.0,0.0,-18000000.0,88400000.0,0.4415584416,71900000.0,0.3591408591,-23500000.0,48400000.0,0.2417582418,19700000.0,27700000.0,0.1383616384,0.44,0.44,62954545,62954545,,,3.180072225126876,0.4400000031768953,0.8450541577260228,0.162021661819651,0.6353790659594156,11.999133660643563,11.640144488376494,11.999133660643563,21.285198709640422,1296863627.0,2596863627.0,11.704545370036104,6.477840294705294,24.377135845864665,127.14349284313724,1.7167906102727035,1.7167906102727035,12.971346788211788,29.37628537330317,48.81322607142857,254.5944732352941,0.021359223455189,0.0078651292145461,1.7738946253640455,0.4573691036930848,14.705882352941176,0.5761061946902655,0.0,1.853658536585366,0.0064771652355086,0.3032490974729241,0.0,0.0,0.0077138371219878,0.8082706766917294,0.2147852147852147,-2.388888888888889,0.0,10.899147861097724,0.0150882674577527,0.0095280682443588,-32.3689894033862,-143700000.0,732800000.0,-1979100000.0,2280800000.0,118900000.0,17900000.0,9700000.0,54.98001998001998,18.36734693877551,9.473684210526317,1.6369582992641047,4.9,9.5,0.0366693142705851,0.6830324959063718,1993-09-29,,amc,,2025-04-25,1993-09-30,,,
1993-06-30,AWK,USD,1410636,1993-06-30,1993-06-29 20:00:00,1993,Q2,179900000.0,86100000.0,93800000.0,0.5214007782,0,0.0,0.0,0.0,35100000.0,35100000.0,121200000.0,0.0,0.0,-18400000.0,76100000.0,0.4230127849,58700000.0,0.3262923847,-23200000.0,35500000.0,0.197331851,13600000.0,20900000.0,0.1161756531,0.34,0.34,61470588,61470588,,,2.926602882015705,0.3400000013014354,0.240765551160825,-0.4929186621738513,0.5644976098162587,11.986220141574048,11.61856463777441,11.986220141574048,19.806220171507064,1266294112.8000002,2449094112.8,15.14705876555024,7.03887778098944,85.56041302702704,-41.79188491089109,1.7186402182410423,1.7186402182410423,13.613641538632574,32.18257704073588,165.47933194594597,-80.82818854125414,0.0165048544321085,-0.0239280903967888,1.652415852334419,0.4500924214417744,15.542706964520368,0.7048597392335045,0.0,0.6788990825688074,0.006554559415622,0.3971291866028708,0.0,0.0,0.008354898336414,3.047297297297298,0.2506948304613674,-2.4510869565217392,0.0,9.5757289244227,0.0138780947672005,0.0077915299731583,-29.96677044963357,-74700000.0,714200000.0,-1789800000.0,2189900000.0,105000000.0,17000000.0,9100000.0,57.78210116731517,17.5609756097561,10.034843205574914,1.5575757575757576,5.125,8.96875,0.0283659066232356,0.7336842133346764,1993-06-29,,amc,,2025-04-25,1993-06-30,,,
1993-03-31,AWK,USD,1410636,1993-03-31,1993-03-30 19:00:00,1993,Q1,155500000.0,81100000.0,74400000.0,0.4784565916,0,0.0,0.0,0.0,33800000.0,33800000.0,114900000.0,0.0,0.0,-17000000.0,56700000.0,0.3646302251,40600000.0,0.2610932476,-24600000.0,16000000.0,0.1028938907,5800000.0,9200000.0,0.0591639871,0.15,0.15,61333333,61333333,,,2.535326100735468,0.1500000008152174,0.4288043501565454,-0.0472826089526228,0.1467391312322779,11.748913107331049,11.380434844458884,11.748913107331049,18.88369575480269,1263466659.8000002,2412666659.8,34.333333146739136,8.125187522829583,48.04055740684411,-435.6781585517242,1.7533536772134335,1.7533536772134335,15.51554122057878,42.55144020811288,91.7363748973384,-831.9540206206897,0.0072815534376319,-0.0022952722792535,1.6072717180127671,0.4412694784165809,20.268077601410933,0.4633970429138117,0.0,2.57843137254902,0.0065692275578635,0.9021739130434784,0.0,0.0,0.0086105078675658,1.1102661596958174,0.1877813504823151,-1.7176470588235293,0.0,6.297029613456288,0.0102411664622324,0.0035356058568079,-29.67269037865593,-148800000.0,698000000.0,-1775600000.0,2086600000.0,95550000.0,22150000.0,8450000.0,54.69453376205788,19.08754623921085,9.543773119605426,1.6455026455026456,4.715116279069767,9.430232558139537,0.012767138495698,0.4760869591091682,1993-03-30,,amc,,2025-04-25,1993-03-31,,,
1992-12-31,AWK,USD,1410636,1992-12-31,1992-12-30 19:00:00,1992,Q4,160700000.0,85100000.0,75600000.0,0.4704418171,0,0.0,0.0,0.0,31900000.0,31900000.0,117000000.0,0.0,0.0,-15700000.0,58900000.0,0.3665214686,43700000.0,0.2719352831,-24200000.0,19500000.0,0.1213441195,6800000.0,11700000.0,0.0728064717,0.21,0.21,61333333,61333333,,,2.620108709891895,0.1907608706019612,0.7663043519907845,-0.3538043497489367,0.4744565243176985,11.724456585459004,11.35597832258684,11.724456585459004,19.082608799362003,1263466659.8000002,2404766659.8,26.997150850427357,7.862269196017425,26.882269357446813,-58.224270036866365,1.7570110691141705,1.7570110691141705,14.964322711885504,40.82795687266554,51.165248080851065,-110.81874008294932,0.0092602364369884,-0.0171749684344144,1.6275900431094423,0.4844771918205149,19.376910016977927,0.4623887012588271,0.0,3.7007874015748032,0.0061734909579922,0.6666666666666666,0.0,0.0,0.0093550790628363,1.4617021276595743,0.4275046670815183,-4.375796178343949,0.0,7.093854366667235,0.0122867491111317,0.0048888517466154,-25.940217532283796,-175100000.0,696500000.0,-1546100000.0,2005100000.0,101450000.0,23300000.0,8900000.0,54.10080896079652,28.66039952996475,8.777908343125734,1.6635610766045548,3.140221402214022,10.25301204819277,0.016270337922403,1.120108701739721,1992-12-30,,amc,,2025-04-25,1992-12-31,,,
1992-09-30,AWK,USD,1410636,1992-09-30,1992-09-29 20:00:00,1992,Q3,176300000.0,85100000.0,91200000.0,0.5173000567,0,0.0,0.0,0.0,30600000.0,30600000.0,115700000.0,0.0,0.0,-14700000.0,74200000.0,0.4208735111,60600000.0,0.3437322745,-23700000.0,36900000.0,0.2093023256,13700000.0,22200000.0,0.1259217243,0.36,0.36,61666667,61666667,,,2.858918903465303,0.3599999980540541,0.7945945902994886,-0.0064864864514243,0.1297297290284879,11.584864802243974,11.218378317738496,11.584864802243974,18.02918909173411,1270333340.2,2374133340.2,14.305555632882884,7.205520931366989,25.92517020816327,-3175.8333505,1.7781821671332587,1.7781821671332587,13.466439819625638,31.996406202156333,48.45170082040816,-5935.333350499999,0.0174757280608764,-0.0003148779830788,1.5562709966405377,0.4743983614951357,14.87601078167116,0.4989376770538243,0.0,2.121212121212121,0.0055890841996496,0.3198198198198198,0.0,0.0,0.0096432838368322,1.0081632653061223,0.2802041973908111,-3.360544217687075,0.0,9.686970857339617,0.016935200021393,0.0095648427401981,-24.91986473016289,-141500000.0,691800000.0,-1488300000.0,2004700000.0,107650000.0,20050000.0,9400000.0,54.26545660805445,20.62279670975323,10.047003525264396,1.658513640639699,4.364102564102564,8.957894736842105,0.0310750279955207,0.8010810767509131,1992-09-29,,amc,,2025-04-25,1992-09-30,,,
1992-06-30,AWK,USD,1410636,1992-06-30,1992-06-29 20:00:00,1992,Q2,168600000.0,83700000.0,84900000.0,0.5035587189,0,0.0,0.0,0.0,29600000.0,29600000.0,113300000.0,0.0,0.0,-14100000.0,68500000.0,0.40628707,55300000.0,0.327995255,-24200000.0,31100000.0,0.184460261,10800000.0,19300000.0,0.1144721234,0.31,0.31,62258065,62258065,,,2.708082880507128,0.3099999975906736,0.3196373032152541,-0.4915025868536068,0.189533677283417,11.227461052636311,10.864455874110446,11.227461052636311,17.742279654852748,1282516139.0,2375316139.0,16.61290335492228,7.606857289442467,64.44804718592965,-41.91229212418301,1.8347870371959945,1.8347870371959945,14.088470575326216,34.67614801459854,119.36262005025124,-77.6247104248366,0.0150485435723627,-0.0238593488763886,1.5802575107296135,0.478036958497425,15.953284671532847,0.7466334164588528,0.0,0.9802955665024632,0.0057699078982116,0.3834196891191709,0.0,0.0,0.0097805859696195,2.5376884422110555,0.2995255041518386,-3.581560283687943,0.0,8.849380782489776,0.0162675837032311,0.0084349460250863,-24.310103438004376,-50800000.0,676400000.0,-1462000000.0,2060500000.0,101750000.0,20600000.0,9050000.0,58.18505338078292,22.150537634408604,10.0,1.546788990825688,4.063106796116505,9.0,0.0276108726752503,0.811139890068861,1992-06-29,,amc,,2025-04-25,1992-06-30,,,
1992-03-31,AWK,USD,1410636,1992-03-31,1992-03-30 19:00:00,1992,Q1,152900000.0,80400000.0,72500000.0,0.4741661216,0,0.0,0.0,0.0,29900000.0,29900000.0,110300000.0,0.0,0.0,-13900000.0,55500000.0,0.3629823414,42600000.0,0.2786134729,-24100000.0,18500000.0,0.1209941138,6400000.0,11100000.0,0.0725964683,0.18,0.18,61666667,61666667,,,2.479459446056976,0.179999999027027,0.4329729706325785,-0.0356756754828341,0.244864863541271,11.101621561612856,10.735135077107378,11.101621561612856,17.362702608850256,1270333340.2,2325933340.2,28.611111265765768,8.308262525833879,47.57802772284644,-577.4242455454546,1.855584779725387,1.855584779725387,15.212121257030738,41.90870883243243,87.11360824719101,-1057.2424273636364,0.0087378640304382,-0.0017318289069336,1.5639789658194567,0.4740337362199495,19.01981981981982,0.671124318969787,0.0,2.206611570247934,0.005746523191189,0.6576576576576577,0.0,0.0,0.0100057555230885,1.0823970037453183,0.1890124264224983,-2.079136690647482,0.0,6.705338699983512,0.0128862744901964,0.0049639998211171,-24.06040527534916,-66400000.0,662000000.0,-1438600000.0,2008600000.0,96300000.0,24650000.0,8350000.0,55.62459123610203,23.05970149253731,9.850746268656716,1.617989417989418,3.9029126213592233,9.136363636363637,0.016213847502191,0.4686486461154127,1992-03-30,,amc,,2025-04-25,1992-03-31,,,
1991-12-31,AWK,USD,1410636,1991-12-31,1991-12-30 19:00:00,1991,Q4,155700000.0,85500000.0,70200000.0,0.450867052,0,0.0,0.0,0.0,29400000.0,29400000.0,114900000.0,0.0,0.0,-14100000.0,54200000.0,0.3481053308,40800000.0,0.2620423892,-24000000.0,16800000.0,0.1078998073,4500000.0,11300000.0,0.0725754656,0.2,0.2,61666667,61666667,,,2.5248648512169467,0.1832432422527392,0.6243243209495982,-0.2724324309598247,0.1654054045113221,10.952432373230096,10.585945888724616,10.952432373230096,17.21999990691892,1270333340.2,2322033340.2,28.10471991592921,8.158852538214516,32.99567117402598,-75.61507977380953,1.880860734675748,1.880860734675748,14.913508928709057,42.84194354612546,60.31255429090909,-138.21627024999998,0.0088953030219776,-0.0132248752893118,1.5722534794196033,0.4739567060923901,19.404059040590408,0.6160631383472609,0.0,3.130081300813008,0.0055103647038799,0.6194690265486725,0.0,0.0,0.0100870341441642,1.4363636363636365,0.3551701991008349,-3.921985815602837,0.0,6.71986476196153,0.0139651372470446,0.0050949095991703,-23.9574323029328,-82700000.0,652800000.0,-1432400000.0,1951600000.0,103750000.0,24850000.0,8200000.0,56.70520231213873,30.210526315789476,8.31578947368421,1.5871559633027523,2.9790940766550524,10.822784810126585,0.0167308261770802,0.8967567519094229,1991-12-30,,amc,,2025-04-25,1991-12-31,,,
1991-09-30,AWK,USD,1410636,1991-09-30,1991-09-29 20:00:00,1991,Q3,176100000.0,81100000.0,95000000.0,0.5394662124,0,0.0,0.0,0.0,28000000.0,28000000.0,109100000.0,0.0,0.0,-13100000.0,78300000.0,0.4446337308,67000000.0,0.3804656445,-22600000.0,44400000.0,0.2521294719,15900000.0,27500000.0,0.156161272,0.45,0.45,61111111,61111111,,,2.8816363688757023,0.4500000008181818,0.8263636378661157,-0.0180000000327272,0.1390909093438016,10.708363655833388,10.33854547334281,10.708363655833388,17.19981821309058,1258888886.6,2301488886.6000004,11.444444423636364,7.148715994321409,24.9284928039604,-1144.4444423636364,1.9237299611858192,1.9237299611858192,13.069215710391823,29.393216942528746,45.57403735841585,-2092.2626241818184,0.0218446602338923,-0.0008737864093556,1.6062041564792175,0.4782074613284804,13.315453384418902,0.5928243637880685,0.0,1.7719298245614037,0.0057193292248736,0.2618181818181818,0.0,0.0,0.0102820746132848,1.0217821782178218,0.293015332197615,-3.938931297709923,0.0,10.412597284656902,0.0204618692343499,0.0126413533143329,-23.707636406741155,-97600000.0,631800000.0,-1401500000.0,1914800000.0,111400000.0,21600000.0,8500000.0,55.911413969335605,23.304562268803945,9.432799013563502,1.6096892138939671,3.861904761904762,9.541176470588235,0.042023227383863,0.844363637898843,1991-09-29,,amc,,2025-04-25,1991-09-30,,,
1991-06-30,AWK,USD,1410636,1991-06-30,1991-06-29 20:00:00,1991,Q2,159200000.0,77500000.0,81700000.0,0.5131909548,0,0.0,0.0,0.0,26700000.0,26700000.0,104200000.0,0.0,0.0,-12700000.0,66400000.0,0.4170854271,55000000.0,0.3454773869,-23300000.0,31700000.0,0.199120603,11500000.0,19200000.0,0.1206030151,0.31,0.31,61935484,61935484,,,2.570416661311632,0.3099999993541666,0.376197915882921,-0.3794270825428602,0.0952604164682074,10.23322914534744,9.869947896104277,10.23322914534744,16.730312465145182,1275870970.4,2306170970.4,16.61290326041667,8.014264889447237,54.75841074678112,-54.29238171914894,2.0130498112969395,2.0130498112969395,14.485998557788946,34.73149051807229,98.9772948669528,-98.13493491063832,0.0150485436579692,-0.0184187904147019,1.6349005995582202,0.4810138334416489,15.51656626506024,0.6383355467020806,0.0,1.1477832512315271,0.00611347086105,0.40625,0.0,0.0,0.0104447126543496,2.0085836909871246,0.2939698492462311,-3.68503937007874,0.0,8.44847756344874,0.01702979524392,0.009006895904677,-23.011041618726995,-81700000.0,611300000.0,-1376200000.0,1891800000.0,106200000.0,22450000.0,8350000.0,64.10804020100502,25.780645161290323,9.870967741935484,1.4038800705467371,3.490990990990991,9.117647058823527,0.0302934679709687,0.7556249984257812,1991-06-29,,amc,,2025-04-25,1991-06-30,,,
1991-03-31,AWK,USD,1410636,1991-03-31,1991-03-30 19:00:00,1991,Q1,142100000.0,74300000.0,67800000.0,0.4771287825,0,0.0,0.0,0.0,26400000.0,26400000.0,100700000.0,0.0,0.0,-12200000.0,52600000.0,0.3701618578,41400000.0,0.2913441239,-22600000.0,18800000.0,0.1323011963,6300000.0,11800000.0,0.0830401126,0.2,0.2,59000000,59000000,,,2.4084745762711863,0.2,0.2559322033898305,-0.2338983050847457,0.3288135593220339,10.42542372881356,10.04406779661017,10.42542372881356,17.38305084745763,1215400000.0,2221600000.0,25.75,8.553131597466573,80.49006622516556,-88.07246376811594,1.9759388717281745,1.9759388717281745,15.634060520760029,42.23574144486692,147.12582781456953,-160.9855072463768,0.0097087378640776,-0.0113542866545993,1.667371159161112,0.4845049130763416,19.129277566539923,0.5810032894736842,0.0,1.208,0.0052657561296692,0.5423728813559322,0.0,0.0,0.0106292517006802,1.913907284768212,0.203377902885292,-2.3688524590163933,0.0,6.849409228514603,0.0136169160250709,0.0056343408298715,-23.79576271186441,-101900000.0,592600000.0,-1360400000.0,1838300000.0,97500000.0,27800000.0,7900000.0,62.70232230823363,27.49663526244953,9.93270524899058,1.4353535353535354,3.2731277533039647,9.060975609756095,0.0191838725410502,0.4898305084745762,1991-03-30,,amc,,2025-04-25,1991-03-31,,,
1990-12-31,AWK,USD,1410636,1990-12-31,1990-12-30 19:00:00,1990,Q4,145300000.0,73000000.0,72300000.0,0.4975911906,0,0.0,0.0,0.0,27200000.0,27200000.0,100200000.0,0.0,0.0,-13500000.0,57200000.0,0.3936682725,45100000.0,0.3103922918,-22800000.0,22300000.0,0.1534755678,6200000.0,15900000.0,0.1094287681,0.27,0.27,59000000,59000000,,,2.46271186440678,0.2694915254237288,0.6542372881355932,-0.4084745762711864,0.2305084745762712,9.657627118644069,9.276271186440676,9.657627118644069,17.642372881355932,1215400000.0,2242700000.0,19.11006289308176,8.364762560220234,31.48704663212435,-50.43153526970954,2.133029133029133,2.133029133029133,15.434962147281489,39.20804195804196,58.10103626943005,-93.05809128630706,0.013082112884647,-0.0198288629257857,1.8267813267813269,0.4974194781611392,17.95979020979021,0.3846602508019831,0.0,2.3975155279503104,0.0049366463715649,0.3773584905660377,0.0,0.0,0.0107521743285864,1.6243523316062176,0.4315209910529938,-4.644444444444445,0.0,7.652424122066264,0.0163549081054222,0.0076807883677117,-24.29491525423729,-211000000.0,547300000.0,-1390900000.0,1692500000.0,102300000.0,28750000.0,7900000.0,59.46317962835513,40.56164383561644,9.36986301369863,1.5135416666666666,2.2188449848024314,9.605263157894736,0.0279045279045279,1.0627118644067797,1990-12-30,,amc,,2025-04-25,1990-12-31,,,
1990-09-30,AWK,USD,1410636,1990-09-30,1990-09-29 20:00:00,1990,Q3,152500000.0,75000000.0,77500000.0,0.5081967213,0,0.0,0.0,0.0,24700000.0,24700000.0,99700000.0,0.0,0.0,-11400000.0,64000000.0,0.4196721311,52800000.0,0.3462295082,-23800000.0,29000000.0,0.1901639344,10600000.0,18200000.0,0.1193442623,0.3,0.3,60666667,60666667,,,2.513736249924526,0.2999999983516483,0.4071428549058085,-0.4631868106418307,0.1417582409793503,9.232417531690013,8.86153841284869,9.232417531690013,16.631868040484242,1249733340.2,2250133340.2,17.166666760989013,8.194972722622952,50.59649150607288,-44.47449609252669,2.2312682381717552,2.2312682381717552,14.75497272262295,35.158333440625,91.09851579757084,-80.07591958007117,0.0145631067160994,-0.0224847966330985,1.8014640242813784,0.4938815467449828,15.63125,0.4570502431118314,0.0,1.3423913043478262,0.0048010241921206,0.3296703296703296,0.0,0.0,0.0110132158590308,2.1376518218623484,0.3462295081967213,-4.631578947368421,0.0,7.894226877693376,0.0172310923028353,0.0090076713684731,-22.89148339070613,-167500000.0,537600000.0,-1341900000.0,1702000000.0,105250000.0,30150000.0,8050000.0,64.09180327868852,29.52,9.84,1.4042357274401474,3.048780487804878,9.146341463414634,0.0324941974647384,0.8703296655476392,1990-09-29,,amc,,2025-04-25,1990-09-30,,,
1990-06-30,AWK,USD,1410636,1990-06-30,1990-06-29 20:00:00,1990,Q2,142700000.0,74700000.0,68000000.0,0.4765241766,0,0.0,0.0,0.0,23500000.0,23500000.0,98200000.0,0.0,0.0,-11100000.0,54400000.0,0.3812193413,44500000.0,0.3118430273,-21800000.0,22700000.0,0.1590749825,8500000.0,14000000.0,0.0981079187,0.23,0.23,60869565,60869565,,,2.344357151229847,0.2300000008214285,0.399214287140051,-0.4715000016839286,0.0936428574772959,8.988071460671684,8.621714316506123,8.988071460671684,15.911071485396684,1253913039.0,2216713039.0,22.391304267857144,8.787057035739313,51.601359629629634,-43.690349790940765,2.291926592944617,2.291926592944617,15.5340787596356,40.74840145220588,91.22275880658437,-77.2373881184669,0.0111650485835644,-0.0228883495963072,1.7702430999817218,0.4874427500125824,17.698529411764707,0.4911439114391144,0.0,1.7112676056338028,0.0048647711685531,0.4357142857142857,0.0,0.0,0.0112235140168101,2.1810699588477367,0.3714085494043447,-4.774774774774775,0.0,6.820063780867066,0.014773911689463,0.0071261325460653,-22.2397679365706,-137900000.0,524800000.0,-1306700000.0,1686800000.0,95850000.0,33700000.0,8000000.0,64.2676944639103,43.01204819277108,9.518072289156626,1.4003925417075564,2.092436974789916,9.455696202531646,0.02558947176019,0.8707142888239796,1990-06-29,,amc,,2025-04-25,1990-06-30,,,
1990-03-31,AWK,USD,1410636,1990-03-31,1990-03-30 19:00:00,1990,Q1,130200000.0,72000000.0,58200000.0,0.4470046083,0,0.0,0.0,0.0,23800000.0,23800000.0,95800000.0,0.0,0.0,-11000000.0,44700000.0,0.3433179724,34400000.0,0.2642089094,-21700000.0,12700000.0,0.0975422427,4300000.0,8200000.0,0.0629800307,0.14,0.14,58571429,58571429,,,2.2229268130029745,0.1399999989756097,0.1502439013396787,-0.3687804851064842,0.1929268278566329,9.216097493540753,8.831951154888163,9.216097493540753,16.035121833889352,1206571437.4,2134471437.4,36.78571455487805,9.267061731182796,137.11039061363638,-55.85978876851852,2.2352194097814007,2.2352194097814007,16.393789841781874,47.75103886800895,242.5535724318182,-98.81812210185186,0.0067961164551266,-0.0179019652964312,1.7399036680251945,0.4834757541439308,20.758389261744966,0.5150197628458498,0.0,1.0476190476190477,0.0049727681378975,0.7317073170731707,0.0,0.0,0.0115824153196746,3.4545454545454546,0.2334869431643625,-2.763636363636364,0.0,5.388015116184582,0.012350190471428,0.0042706109056819,-22.538292518012497,-122700000.0,517300000.0,-1272500000.0,1660700000.0,90100000.0,37150000.0,7850000.0,62.07373271889401,39.625,10.125,1.4498886414253898,2.271293375394322,8.88888888888889,0.0151908114116339,0.519024386446163,1990-03-30,,amc,,2025-04-25,1990-03-31,,,
1989-12-31,AWK,USD,1410636,1989-12-31,1989-12-30 19:00:00,1989,Q4,129700000.0,75800000.0,53900000.0,0.4155744025,0,0.0,0.0,0.0,22300000.0,22300000.0,98100000.0,0.0,0.0,-10600000.0,40900000.0,0.3153430995,31600000.0,0.2436391673,-20600000.0,11000000.0,0.0848111025,3400000.0,7500000.0,0.0578257517,0.13,0.13,58571429,58571429,,,2.2143902276995835,0.1280487795508625,0.6385365806936347,-0.6334146295116003,0.2031707302207019,9.183658469387863,8.802926764856634,9.183658469387863,15.594634032234383,1206571437.4,2108071437.4,40.21904791333334,9.302786718581345,32.26126837967915,-32.52214116981132,2.2431147748652167,2.2431147748652167,16.253442077101003,51.54208893398533,56.36554645454546,-56.8213325444744,0.0062159601723719,-0.030748282986,1.6980851459379067,0.4766477065177686,22.04156479217604,0.5055124540628828,0.0,4.921052631578948,0.0048070091999676,0.7733333333333333,0.0,0.0,0.0116370088190784,1.9919786096256684,0.574402467232074,-7.028301886792453,0.0,5.143832795045327,0.0120656133035243,0.0039598732840549,-22.1080486187216,-121100000.0,515600000.0,-1254600000.0,1623600000.0,93700000.0,32000000.0,7700000.0,62.72937548188127,50.580474934036936,9.023746701846964,1.4347345132743363,1.7793427230046948,9.973684210526317,0.0139431121026213,1.271951210205235,1989-12-30,,amc,,2025-04-25,1989-12-31,,,
1989-09-30,AWK,USD,1410636,1989-09-30,1989-09-29 20:00:00,1989,Q3,141700000.0,73500000.0,68200000.0,0.481298518,0,0.0,0.0,0.0,22000000.0,22000000.0,95500000.0,0.0,0.0,10000000.0,56200000.0,0.3966125618,46200000.0,0.3260409315,-20600000.0,25600000.0,0.1806633733,9600000.0,15800000.0,0.1115031757,0.26,0.26,60769231,60769231,,,2.331772143043904,0.2599999990126582,,,0.1497468348743791,8.876202497938472,8.876202497938472,8.876202497938472,14.26708855341612,1251846158.6,2109746158.6,19.80769238291139,8.834482417784052,0.0,0.0,2.320812307378569,2.320812307378569,14.888822573041638,37.53996723487545,0.0,0.0,0.0126213591753717,,1.60734149054505,0.4666307857911733,15.265124555160142,0.5719282903366856,0.0,0.0,,,0.0,0.0,0.0,0.0,,0.0,,7.20595478862819,0.01640625,0.0085037674919268,-20.28740498625036,-97900000.0,539400000.0,-1187800000.0,1602100000.0,,,,61.609033168666194,26.20408163265306,9.551020408163266,1.4608247422680412,3.434579439252337,9.423076923076923,0.0292918057100482,,1989-09-29,,amc,,2025-04-25,1989-09-30,,,
1989-06-30,AWK,USD,1410636,1989-06-30,1989-06-29 20:00:00,1989,Q2,135200000.0,0.0,135200000.0,1.0,0,0.0,0.0,0.0,0.0,0.0,0.0,0.0,0.0,0.0,135200000.0,1.0,135200000.0,1.0,-135200000.0,0.0,0.0,-15900000.0,15900000.0,0.1176035503,0.26,0.26,61153846,61153846,,,2.2108176156246984,0.260000000654088,,,,,,,,1259769227.6,,19.807692257861635,9.317819730769232,0.0,0.0,0.0,0.0,,,0.0,0.0,0.0126213592550528,,0.0,0.0,,0.0,0.0,0.0,,,0.0,0.0,0.0,0.0,,0.0,,,0.0,0.0,,,,,,,,,,0.0,0.0,0.0,0.0,0.0,0.0,,1989-06-29,,amc,,2025-04-25,1989-06-30,,,
1989-03-31,AWK,USD,1410636,1989-03-31,1989-03-30 19:00:00,1989,Q1,121000000.0,0.0,121000000.0,1.0,0,0.0,0.0,0.0,0.0,0.0,0.0,0.0,0.0,0.0,121000000.0,1.0,121000000.0,1.0,-121000000.0,0.0,0.0,-8700000.0,8700000.0,0.0719008264,0.14,0.14,62142857,62142857,,,1.947126441257762,0.140000000321839,,,,,,,,1280142854.2,,36.78571420114943,10.579693009917357,0.0,0.0,0.0,0.0,,,0.0,0.0,0.0067961165204776,,0.0,0.0,,0.0,0.0,0.0,,,0.0,0.0,0.0,0.0,,0.0,,,0.0,0.0,,,,,,,,,,0.0,0.0,0.0,0.0,0.0,0.0,,1989-03-30,,amc,,2025-04-25,1989-03-31,,,
1988-12-31,AWK,USD,1410636,1988-12-31,1988-12-30 19:00:00,1988,Q4,124900000.0,0.0,124900000.0,1.0,0,0.0,0.0,0.0,-351900000.0,-351900000.0,-351900000.0,0.0,0.0,0.0,-227000000.0,-1.8174539632,-227000000.0,-1.8174539632,227000000.0,0.0,0.0,-11800000.0,11800000.0,0.0944755805,0.19,0.19,62142857,62142857,,,2.0098850620916897,0.1898850579077817,,,0.2977011501096578,7.440919557335447,7.083678177203858,7.440919557335447,12.738390833881358,1280142854.2,2053242854.2,27.121670639830512,10.249342307445955,0.0,0.0,2.768475030709342,2.768475030709342,16.43909410888711,-9.045122705726872,0.0,0.0,0.0092177212576593,,1.711937716262976,0.455702032122503,-3.405726872246696,0.6122554067971163,0.0,0.0,,,0.0,0.0,0.0127799205572505,0.0,,0.0,,5.638323103832842,,0.006880867689078,-19.177183952131458,-75300000.0,440200000.0,-1155800000.0,1516200000.0,,,,58.43875100080064,0.0,0.0,1.5400739827373613,0.0,0.0,0.0255190311418685,,1988-12-30,,amc,,2025-04-25,1988-12-31,,,
1988-09-30,AWK,USD,1410636,1988-09-30,1988-09-29 20:00:00,1988,Q3,144300000.0,0.0,144300000.0,1.0,0,0.0,0.0,0.0,0.0,0.0,0.0,0.0,0.0,0.0,144300000.0,1.0,144300000.0,1.0,-144300000.0,0.0,0.0,-20300000.0,20300000.0,0.1406791407,0.33,0.33,61515152,61515152,,,2.345763528309253,0.3299999973990148,,,,,,,,1267212131.2,,15.60606072906404,8.781788851004851,0.0,0.0,0.0,0.0,,,0.0,0.0,0.0160194173494667,,0.0,0.0,,0.0,0.0,0.0,,,0.0,0.0,0.0,0.0,,0.0,,,0.0,0.0,,,,,,,,,,0.0,0.0,0.0,0.0,0.0,0.0,,1988-09-29,,amc,,2025-04-25,1988-09-30,,,
1988-06-30,AWK,USD,1410636,1988-06-30,1988-06-29 20:00:00,1988,Q2,127400000.0,0.0,127400000.0,1.0,0,0.0,0.0,0.0,0.0,0.0,0.0,0.0,0.0,0.0,127400000.0,1.0,127400000.0,1.0,-127400000.0,0.0,0.0,-14500000.0,14500000.0,0.1138147567,0.24,0.24,60416667,60416667,,,2.108689643538264,0.239999998675862,,,,,,,,1244583340.2,,21.45833345172414,9.76910000156986,0.0,0.0,0.0,0.0,,,0.0,0.0,0.0116504853726146,,0.0,0.0,,0.0,0.0,0.0,,,0.0,0.0,0.0,0.0,,0.0,,,0.0,0.0,,,,,,,,,,0.0,0.0,0.0,0.0,0.0,0.0,,1988-06-29,,amc,,2025-04-25,1988-06-30,,,
1988-03-31,AWK,USD,1410636,1988-03-31,1988-03-30 19:00:00,1988,Q1,115300000.0,0.0,115300000.0,1.0,0,0.0,0.0,0.0,0.0,0.0,0.0,0.0,0.0,0.0,115300000.0,1.0,115300000.0,1.0,-115300000.0,0.0,0.0,-10200000.0,10200000.0,0.0884648742,0.17,0.17,60000000,60000000,,,1.9216666666666664,0.17,,,,,,,,1236000000.0,,30.294117647058822,10.719861231569816,0.0,0.0,0.0,0.0,,,0.0,0.0,0.008252427184466,,0.0,0.0,,0.0,0.0,0.0,,,0.0,0.0,0.0,0.0,,0.0,,,0.0,0.0,,,,,,,,,,0.0,0.0,0.0,0.0,0.0,0.0,,1988-03-30,,amc,,2025-04-25,1988-03-31,,,
1987-12-31,AWK,USD,1410636,1987-12-31,1987-12-30 19:00:00,1987,Q4,117100000.0,0.0,117100000.0,1.0,0,0.0,0.0,0.0,-323600000.0,-323600000.0,-323600000.0,0.0,0.0,0.0,-206500000.0,-1.7634500427,-206500000.0,-1.7634500427,206500000.0,0.0,0.0,-12000000.0,12000000.0,0.1024765158,0.2,0.2,58864469,60000000,,,1.989315490130388,0.2038581202524735,,,0.3380647160853519,7.252252627981746,6.87681392318344,7.252252627981746,12.22299312680456,1212608061.4,1912208061.4,25.262667945833336,10.355320763450043,0.0,0.0,2.840496747247599,2.840496747247599,16.329701634500427,-9.26008746440678,0.0,0.0,0.0098960252549744,,1.6854064183649566,0.4453453825204258,-3.3878934624697337,0.6305048335123523,0.0,0.0,,,0.0,0.0,0.0136791284971527,0.0,,0.0,,5.7675547884323946,,0.0075305930342014,-18.7991163226156,-68800000.0,404800000.0,-1071300000.0,1405600000.0,,,,60.10247651579847,0.0,0.0,1.4974424552429668,0.0,0.0,0.0281096275474349,,1987-12-30,,amc,,2025-04-25,1987-12-31,,,
1987-09-30,AWK,USD,1410636,1987-09-30,1987-09-29 20:00:00,1987,Q3,133800000.0,0.0,133800000.0,1.0,0,0.0,0.0,0.0,0.0,0.0,0.0,0.0,0.0,0.0,133800000.0,1.0,133800000.0,1.0,-133800000.0,0.0,0.0,-18600000.0,18600000.0,0.1390134529,0.3,0.3,62000000,62000000,,,2.1580645161290324,0.3,,,,,,,,1277200000.0,,17.166666666666668,9.54559043348281,0.0,0.0,0.0,0.0,,,0.0,0.0,0.0145631067961165,,0.0,0.0,,0.0,0.0,0.0,,,0.0,0.0,0.0,0.0,,0.0,,,0.0,0.0,,,,,,,,,,0.0,0.0,0.0,0.0,0.0,0.0,,1987-09-29,,amc,,2025-04-25,1987-09-30,,,
1987-06-30,AWK,USD,1410636,1987-06-30,1987-06-29 20:00:00,1987,Q2,122600000.0,0.0,122600000.0,1.0,0,0.0,0.0,0.0,0.0,0.0,0.0,0.0,0.0,0.0,122600000.0,1.0,122600000.0,1.0,-122600000.0,0.0,0.0,-14700000.0,14700000.0,0.1199021207,0.24,0.24,61250000,61250000,,,2.0016326530612245,0.24,,,,,,,,1261750000.0,,21.458333333333336,10.291598694942904,0.0,0.0,0.0,0.0,,,0.0,0.0,0.0116504854368932,,0.0,0.0,,0.0,0.0,0.0,,,0.0,0.0,0.0,0.0,,0.0,,,0.0,0.0,,,,,,,,,,0.0,0.0,0.0,0.0,0.0,0.0,,1987-06-29,,amc,,2025-04-25,1987-06-30,,,
1987-03-31,AWK,USD,1410636,1987-03-31,1987-03-30 19:00:00,1987,Q1,109900000.0,0.0,109900000.0,1.0,0,0.0,0.0,0.0,0.0,0.0,0.0,0.0,0.0,0.0,109900000.0,1.0,109900000.0,1.0,-109900000.0,0.0,0.0,-10800000.0,10800000.0,0.0982711556,0.18,0.18,60000000,60000000,,,1.8316666666666668,0.18,,,,,,,,1236000000.0,,28.61111111111111,11.24658780709736,0.0,0.0,0.0,0.0,,,0.0,0.0,0.0087378640776699,,0.0,0.0,,0.0,0.0,0.0,,,0.0,0.0,0.0,0.0,,0.0,,,0.0,0.0,,,,,,,,,,0.0,0.0,0.0,0.0,0.0,0.0,,1987-03-30,,amc,,2025-04-25,1987-03-31,,,
1986-12-31,AWK,USD,1410636,1986-12-31,1986-12-30 19:00:00,1986,Q4,113800000.0,0.0,113800000.0,1.0,0,0.0,0.0,0.0,-305800000.0,-305800000.0,-305800000.0,0.0,0.0,0.0,-192000000.0,-1.6871704745,-192000000.0,-1.6871704745,192000000.0,0.0,0.0,-13600000.0,13600000.0,0.1195079086,0.23,0.23,60000000,60000000,,,1.8966666666666667,0.2266666666666666,,,0.4733333333333333,6.488333333333333,6.12,6.488333333333333,10.876666666666669,1236000000.0,1860200000.0,22.72058823529412,10.86115992970123,0.0,0.0,3.1749293603904447,3.1749293603904447,16.34622144112478,-9.688541666666667,0.0,0.0,0.0110032362459546,,1.6763421525815567,0.4356475300400534,-3.2510416666666666,0.7893462469733656,0.0,0.0,,,0.0,0.0,0.0147530040053404,0.0,,0.0,,5.752434267334134,,0.0092147164442035,-16.8975,-34800000.0,367200000.0,-978300000.0,1310600000.0,,,,66.59050966608083,0.0,0.0,1.3515439429928742,0.0,0.0,0.0349344978165938,,1986-12-30,,amc,,2025-04-25,1986-12-31,,,
1986-09-30,AWK,USD,1410636,1986-09-30,1986-09-29 20:00:00,1986,Q3,129300000.0,0.0,129300000.0,1.0,0,0.0,0.0,0.0,0.0,0.0,0.0,0.0,0.0,0.0,129300000.0,1.0,129300000.0,1.0,-129300000.0,0.0,0.0,-18300000.0,18300000.0,0.1415313225,0.31,0.3,59032258,61000000,,,2.19032787124626,0.3100000003387978,,,,,,,,1216064514.8000002,,16.612903207650273,9.404984646558392,0.0,0.0,0.0,0.0,,,0.0,0.0,0.0150485437057668,,0.0,0.0,,0.0,0.0,0.0,,,0.0,0.0,0.0,0.0,,0.0,,,0.0,0.0,,,,,,,,,,0.0,0.0,0.0,0.0,0.0,0.0,,1986-09-29,,amc,,2025-04-25,1986-09-30,,,
1986-06-30,AWK,USD,1410636,1986-06-30,1986-06-29 20:00:00,1986,Q2,118400000.0,0.0,118400000.0,1.0,0,0.0,0.0,0.0,0.0,0.0,0.0,0.0,0.0,0.0,118400000.0,1.0,118400000.0,1.0,-118400000.0,0.0,0.0,-16600000.0,16600000.0,0.1402027027,0.28,0.27,59285714,61481481,,,1.9971084433595587,0.2800000013493976,,,,,,,,1221285708.4,,18.39285705421687,10.314913077702704,0.0,0.0,0.0,0.0,,,0.0,0.0,0.0135922330752134,,0.0,0.0,,0.0,0.0,0.0,,,0.0,0.0,0.0,0.0,,0.0,,,0.0,0.0,,,,,,,,,,0.0,0.0,0.0,0.0,0.0,0.0,,1986-06-29,,amc,,2025-04-25,1986-06-30,,,
1986-03-31,AWK,USD,1410636,1986-03-31,1986-03-30 19:00:00,1986,Q1,105000000.0,0.0,105000000.0,1.0,0,0.0,0.0,0.0,0.0,0.0,0.0,0.0,0.0,0.0,105000000.0,1.0,105000000.0,1.0,-105000000.0,0.0,0.0,-10500000.0,10500000.0,0.1,0.17,0.17,61764706,61764706,,,1.6999999967619048,0.1699999996761904,,,,,,,,1272352943.6,,30.294117704761906,12.117647081904764,0.0,0.0,0.0,0.0,,,0.0,0.0,0.0082524271687471,,0.0,0.0,,0.0,0.0,0.0,,,0.0,0.0,0.0,0.0,,0.0,,,0.0,0.0,,,,,,,,,,0.0,0.0,0.0,0.0,0.0,0.0,,1986-03-30,,amc,,2025-04-25,1986-03-31,,,
1985-12-31,AWK,USD,1410636,1985-12-31,1985-12-30 19:00:00,1985,Q4,104700000.0,0.0,104700000.0,1.0,0,0.0,0.0,0.0,-286600000.0,-286600000.0,-286600000.0,0.0,0.0,0.0,-181900000.0,-1.7373447947,-181900000.0,-1.7373447947,181900000.0,0.0,0.0,-8600000.0,8600000.0,0.082139446,0.14,0.14,61764706,61764706,,,1.6951428539140136,0.1392380949728798,,,0.5456190465797732,5.901428560187755,5.545238084675737,5.901428560187755,10.224285694810884,1272352943.6,1870152943.6,36.98700417441861,12.15236813371538,0.0,0.0,3.4906802293552817,3.4906802293552817,17.862014743075456,-10.281214643210555,0.0,0.0,0.0067591308239262,,1.7325102880658436,0.4566160520607375,-3.286421110500275,1.146318732525629,0.0,0.0,,,0.0,0.0,0.0159074475777295,0.0,,0.0,,4.29980610988792,,0.0063188831741366,-15.0073571142717,15700000.0,342500000.0,-895500000.0,1251300000.0,,,,62.836676217765046,0.0,0.0,1.4322845417236665,0.0,0.0,0.023593964334705,,1985-12-30,,amc,,2025-04-25,1985-12-31,,,
1985-09-30,AWK,USD,1410636,1985-09-30,1985-09-29 20:00:00,1985,Q3,116500000.0,0.0,116500000.0,1.0,0,0.0,0.0,0.0,0.0,0.0,0.0,0.0,0.0,0.0,116500000.0,1.0,116500000.0,1.0,-116500000.0,0.0,0.0,-14800000.0,14800000.0,0.1270386266,0.25,0.24,59200000,61666667,,,1.9679054054054057,0.25,,,,,,,,1219520000.0,,20.6,10.467982832618024,0.0,0.0,0.0,0.0,,,0.0,0.0,0.012135922330097,,0.0,0.0,,0.0,0.0,0.0,,,0.0,0.0,0.0,0.0,,0.0,,,0.0,0.0,,,,,,,,,,0.0,0.0,0.0,0.0,0.0,0.0,,1985-09-29,,amc,,2025-04-25,1985-09-30,,,
