date,symbol,reportedCurrency,cik,fillingDate,acceptedDate,calendarYear,period,revenue,costOfRevenue,grossProfit,grossProfitRatio,researchAndDevelopmentExpenses,generalAndAdministrativeExpenses,sellingAndMarketingExpenses,sellingGeneralAndAdministrativeExpenses,otherExpenses,operatingExpenses,costAndExpenses,interestIncome,interestExpense,depreciationAndAmortization,ebitda,ebitdaratio,operatingIncome,operatingIncomeRatio,totalOtherIncomeExpensesNet,incomeBeforeTax,incomeBeforeTaxRatio,incomeTaxExpense,netIncome,netIncomeRatio,eps,epsdiluted,weightedAverageShsOut,weightedAverageShsOutDil,link,finalLink,revenuePerShare,netIncomePerShare,operatingCashFlowPerShare,freeCashFlowPerShare,cashPerShare,bookValuePerShare,tangibleBookValuePerShare,shareholdersEquityPerShare,interestDebtPerShare,marketCap,enterpriseValue,peRatio,priceToSalesRatio,pocfratio,pfcfRatio,pbRatio,ptbRatio,evToSales,enterpriseValueOverEBITDA,evToOperatingCashFlow,evToFreeCashFlow,earningsYield,freeCashFlowYield,debtToEquity,debtToAssets,netDebtToEBITDA,currentRatio,interestCoverage,incomeQuality,dividendYield,payoutRatio,salesGeneralAndAdministrativeToRevenue,researchAndDdevelopementToRevenue,intangiblesToTotalAssets,capexToOperatingCashFlow,capexToRevenue,capexToDepreciation,stockBasedCompensationToRevenue,grahamNumber,roic,returnOnTangibleAssets,grahamNetNet,workingCapital,tangibleAssetValue,netCurrentAssetValue,investedCapital,averageReceivables,averagePayables,averageInventory,daysSalesOutstanding,daysPayablesOutstanding,daysOfInventoryOnHand,receivablesTurnover,payablesTurnover,inventoryTurnover,roe,capexPerShare,report_date,epsEstimated,time,revenueEstimated,updatedFromDate,fiscalDateEnding,surprise(%),QuarterAvgPrice,QuarterAvgVolume
2025-03-31,BAC,USD,70858,2025-04-30,2025-04-30 16:47:51,2025,Q1,46989000000.0,19623000000.0,27366000000.0,0.5823916236,0,4402000000.0,506000000.0,4908000000.0,12862000000.0,17770000000.0,37393000000.0,34066000000.0,19623000000.0,0.0,27739000000.0,0.5903296516,9596000000.0,0.2042180085,-1480000000.0,8116000000.0,0.1727212752,720000000.0,7396000000.0,0.1573985401,0.91,0.9,7677900000,7770800000,https://www.sec.gov/Archives/edgar/data/70858/000007085825000200/0000070858-25-000200-index.htm,https://www.sec.gov/Archives/edgar/data/70858/000007085825000200/bac-20250331.htm,6.120032821474622,0.9632842313653472,-0.2844527800570468,0.0,79.3479988017557,38.497636072363534,29.50806861251123,38.497636072363534,96.57927297828832,320398767000.0,768722767000.0,10.830136796917252,6.818590882972611,-146.70273214285714,0.0,1.083962659981528,1.083962659981528,16.359632403328437,27.71270655034428,-351.97928891941393,0.0,0.0230837342766678,0.0,2.4423186876017065,0.2155304912128174,16.162226468149537,0.6583291948074148,0.48901798909443,-0.2952947539210384,0.0062305295950155,0.2699099513250406,0.0936814999255144,0.0,0.0206068267260281,0.0,0.0,0.0,0.0,28.88587422773224,0.0083057530519313,0.0022546010352996,-202.0606546060772,-927408000000.0,226560000000.0,-1266919000000.0,-846236000000.0,636735000000.0,52735000000.0,0.0,2281.084083508906,483.73337410181927,0.0,0.0394549243715542,0.1860529060396321,0.0,0.0250219060088436,0.0,2025-04-15,0.817,bmo,26975807666.0,2025-05-11,2025-03-31,0.1015911872705019,44.56308333333333,38555064.266666666
2024-12-31,BAC,USD,70858,2025-02-25,2025-02-25 17:07:15,2024,Q4,25347000000.0,0.0,25347000000.0,1.0,0,10922000000.0,1413000000.0,12335000000.0,5904000000.0,18239000000.0,18239000000.0,35977000000.0,21618000000.0,0.0,7108000000.0,0.280427664,7108000000.0,0.280427664,0.0,7108000000.0,0.280427664,443000000.0,6665000000.0,0.2629502505,0.83,0.82,7738400000,7843700000,https://www.sec.gov/Archives/edgar/data/70858/000007085825000139/0000070858-25-000139-index.htm,https://www.sec.gov/Archives/edgar/data/70858/000007085825000139/bac-20241231.htm,3.27548330404218,0.8612891553809573,3.348754264447431,3.348754264447431,114.47521451462836,38.19381267445467,29.2745270340122,38.19381267445467,87.87940659567869,340102680000.0,708416680000.0,12.757039759939984,13.417867203219316,13.12428339893494,13.12428339893494,1.1507099428540497,1.1507099428540497,27.948738706750305,99.66469893078222,27.337218491934863,27.337218491934863,0.0195970228755621,0.0761946362786673,2.2277379474148984,0.2018610032715175,51.81682611142375,0.3978906478923945,0.3288000740123971,3.888072018004501,0.0066891563453719,0.3413353338334584,0.4308991202114648,0.0,0.0211604735928657,0.0,0.0,0.0,0.0351520890046159,27.20584725442474,0.0055371905632647,0.0020875303185198,-260.8404838209449,-1465088000000.0,226538000000.0,-1998059000000.0,-1383899000000.0,94368500000.0,0.0,0.0,292.99088649544325,0.0,0.0,0.3071767899558873,0.0,0.0,0.0225504890732476,0.0,2025-01-16,0.78,bmo,25116644360.0,2025-04-25,2024-12-31,0.0512820512820511,43.9965625,33615207.3125
2024-09-30,BAC,USD,70858,2024-10-29,2024-10-29 16:29:36,2024,Q3,25345000000.0,0.0,25345000000.0,1.0,0,10783000000.0,1353000000.0,12136000000.0,5885000000.0,18021000000.0,18021000000.0,37491000000.0,23524000000.0,549000000.0,7873000000.0,0.310633261,7324000000.0,0.2889721839,0.0,7324000000.0,0.2889721839,428000000.0,6896000000.0,0.2720852239,0.82,0.81,7818000000,7902100000,https://www.sec.gov/Archives/edgar/data/70858/000007085824000280/0000070858-24-000280-index.htm,https://www.sec.gov/Archives/edgar/data/70858/000007085824000280/bac-20240930.htm,3.2418777180864677,0.8820670248145306,-4.767971348170888,-4.767971348170888,99.71834228702993,37.92683550780251,29.098362752622155,37.92683550780251,96.80851880276286,310218240000.0,739803240000.0,11.24631090487239,12.239820082856578,-8.322197660693208,-8.322197660693208,1.0462249082667818,1.0462249082667818,29.18931702505425,93.967133240188,-19.846636978216548,-19.846636978216548,0.0222295117140758,-0.1201605682502744,2.473171406216274,0.2205957778089957,54.56433379906008,0.3593489991748699,0.3113416085699711,-5.405452436194896,0.0080362779441982,0.3615139211136891,0.4254488064707042,0.0,0.0207626102753277,0.0,0.0,0.0,0.0328269875715131,27.43565648079963,0.0053225277375783,0.0021184097672944,-277.3749360450243,-1579247000000.0,227491000000.0,-2141962000000.0,-1498193000000.0,101018000000.0,0.0,0.0,377.1903728546064,0.0,0.0,0.2386063019553572,0.0,0.0,0.0232570688538743,0.0,2024-10-15,0.77,bmo,25253225013.0,2025-04-25,2024-09-30,0.0519480519480519,40.0775,39954888.65625
2024-06-30,BAC,USD,70858,2024-07-30,2024-07-30 16:31:55,2024,Q2,25377000000.0,0.0,25377000000.0,1.0,0,10696000000.0,1378000000.0,12074000000.0,5743000000.0,17817000000.0,17817000000.0,36854000000.0,23152000000.0,543000000.0,8103000000.0,0.3193048824,7560000000.0,0.2979075541,0.0,7560000000.0,0.2979075541,663000000.0,6897000000.0,0.2717815345,0.83,0.83,7897900000,7960900000,https://www.sec.gov/Archives/edgar/data/70858/000007085824000208/0000070858-24-000208-index.htm,https://www.sec.gov/Archives/edgar/data/70858/000007085824000208/bac-20240630.htm,3.213132604869649,0.8732701097760164,2.291241975715064,2.291241975715064,98.13051570670684,37.21141062814166,28.47225211765153,37.21141062814166,91.4370908722572,315994979000.0,686002979000.0,11.45407347397419,12.452022658312645,17.462145170203357,17.46214517020336,1.0752078280456767,1.0752078280456767,27.03246951964377,84.66037010983587,37.909094772325375,37.909094772325375,0.0218262961703578,0.0572667327096991,2.378455350945245,0.2145518287929144,45.663087745279526,0.3599447955687656,0.3265376641326883,2.6237494562853416,0.0070127696554317,0.3212991155574887,0.4214840209638649,0.0,0.0211851088828838,0.0,0.0,0.0,0.0332978681483232,27.039809254015605,0.0055301645338208,0.0021627638974905,-268.0735068815761,-1548531000000.0,224871000000.0,-2093264000000.0,-1467593000000.0,98332500000.0,0.0,0.0,339.8096701737794,0.0,0.0,0.2648541460105411,0.0,0.0,0.0234678044996121,0.0,2024-07-16,0.8,bmo,25223110865.0,2025-04-25,2024-06-30,0.0374999999999998,38.32380952380952,36867345.26984127
2024-03-31,BAC,USD,70858,2024-04-30,2024-04-30 16:34:12,2024,Q1,25818000000.0,0.0,25818000000.0,1.0,0,12472000000.0,1306000000.0,13778000000.0,4778000000.0,18556000000.0,18556000000.0,36285000000.0,22253000000.0,538000000.0,7800000000.0,0.3021148036,7262000000.0,0.2812766287,0.0,7262000000.0,0.2812766287,588000000.0,6674000000.0,0.2585018204,0.77,0.76,7968200000,8031400000,https://www.sec.gov/Archives/edgar/data/70858/000007085824000156/0000070858-24-000156-index.htm,https://www.sec.gov/Archives/edgar/data/70858/000007085824000156/bac-20240331.htm,3.2401295148214158,0.8375793780276599,-1.95012675384654,-1.95012675384654,100.18272633719032,36.84044075198915,28.1783840767049,36.84044075198915,86.23679124519967,298966864000.0,642602864000.0,11.198938567575668,11.579784026648076,-19.239775017697408,-19.239775017697408,1.0184460129721482,1.0184460129721482,24.889722829034007,82.38498256410256,-41.35419679516056,-41.35419679516056,0.0223235441905026,-0.0519756597507073,2.2650126723715047,0.203096826534767,44.05589743589744,0.3701058914329817,0.3263380218397519,-2.3282888822295478,0.0084256829211681,0.3774348216961342,0.4830738244635525,0.0,0.0210828201941289,0.0,0.0,0.0,0.0335037570687117,26.349152788175346,0.0055021471894448,0.0020825129447182,-264.3429507291484,-1530249000000.0,224531000000.0,-2081125000000.0,-1449327000000.0,98773500000.0,0.0,0.0,351.5570532186846,0.0,0.0,0.2560039662865642,0.0,0.0,0.0227353245762249,0.0,2024-04-16,0.76,bmo,25486967758.0,2025-04-25,2024-03-31,0.0921052631578946,34.32770491803279,41135808.36065574
2023-12-31,BAC,USD,70858,2024-02-20,2024-02-20 17:01:30,2023,Q4,21959000000.0,0.0,21959000000.0,1.0,0,10260000000.0,1337000000.0,11597000000.0,7238000000.0,18835000000.0,18835000000.0,35629000000.0,21683000000.0,527000000.0,3651000000.0,0.1662644018,3124000000.0,0.1422651305,0.0,3124000000.0,0.1422651305,-20000000.0,3144000000.0,0.1431759188,0.36,0.35,7990900000,8062500000,https://www.sec.gov/Archives/edgar/data/70858/000007085824000122/0000070858-24-000122-index.htm,https://www.sec.gov/Archives/edgar/data/70858/000007085824000122/bac-20231231.htm,2.748000850967976,0.3934475465842396,4.095158242500845,4.095158242500845,94.43329287064036,36.49726563966512,27.85981554017695,36.49726563966512,80.07508540965348,269053603000.0,545823603000.0,21.39421143447837,12.252543512910425,8.221904504339323,8.221904504339323,0.9225348641846624,0.9225348641846624,24.85648722619427,149.4997543138866,16.679611386138614,16.679611386138614,0.0116854038189557,0.1216263214285965,2.119655335578064,0.1943898261434755,75.80662832100795,0.3645307625178667,0.1440760042429553,10.408396946564883,0.0082994614273944,0.7102417302798982,0.467234391365727,0.0,0.0217036863972811,0.0,0.0,0.0,0.0331526936563595,17.97483216935805,0.0027084909122548,0.0010105652929964,-257.96534182632746,-1484038000000.0,222625000000.0,-2037201000000.0,-1403162000000.0,92451500000.0,0.0,0.0,396.3172275604536,0.0,0.0,0.2270908094356598,0.0,0.0,0.0107801924250632,0.0,2024-01-12,0.69,bmo,22907700000.0,2025-04-25,2023-12-31,0.0144927536231884,29.115396825396825,47311489.55555555
2023-09-30,BAC,USD,70858,2023-10-31,2023-10-31 16:51:21,2023,Q3,25167000000.0,0.0,25167000000.0,1.0,0,10441000000.0,1381000000.0,11822000000.0,5250000000.0,17072000000.0,17072000000.0,33624000000.0,19245000000.0,517000000.0,8612000000.0,0.3421941431,8095000000.0,0.3216513689,0.0,8095000000.0,0.3216513689,293000000.0,7802000000.0,0.310009139,0.91,0.9,8017100000,8075900000,https://www.sec.gov/Archives/edgar/data/70858/000007085823000272/0000070858-23-000272-index.htm,https://www.sec.gov/Archives/edgar/data/70858/000007085823000272/bac-20230930.htm,3.139165034738247,0.9731698494468074,1.4683613775554751,1.4683613775554751,84.45148495091742,35.80646368387571,27.19724089758142,35.80646368387571,81.13943944817952,219508198000.0,491045198000.0,7.033715649833376,8.722064528946637,18.646635915732247,18.646635915732247,0.76466640888443,0.76466640888443,19.51147129177097,57.018717835578265,41.71297978253483,41.71297978253483,0.0355430916525495,0.0536289765359925,2.1990148538305045,0.2002029754938806,31.530074314909427,0.3020621213921362,0.4206287347362951,1.50884388618303,0.0109836444468465,0.309023327351961,0.4148686772360631,0.0,0.0218899555673957,0.0,0.0,0.0,0.0233639289545833,28.000532934755864,0.0081225989818121,0.0025297747877884,-264.78595751581,-1768197000000.0,218043000000.0,-2100764000000.0,-1687355000000.0,87825500000.0,0.0,0.0,315.4344975563238,0.0,0.0,0.2853207264811918,0.0,0.0,0.0271786082546052,0.0,2023-10-17,0.82,bmo,25137400000.0,2025-04-25,2023-09-30,0.0975609756097561,29.58555555555556,40576861.777777776
2023-06-30,BAC,USD,70858,2023-07-31,2023-07-31 16:49:57,2023,Q2,25197000000.0,0.0,25197000000.0,1.0,0,10622000000.0,1469000000.0,12091000000.0,5072000000.0,17163000000.0,17163000000.0,32354000000.0,18196000000.0,510000000.0,8544000000.0,0.3390879867,8034000000.0,0.3188474818,0.0,8034000000.0,0.3188474818,626000000.0,7408000000.0,0.2940032544,0.88,0.88,8040900000,8080700000,https://www.sec.gov/Archives/edgar/data/70858/000007085823000176/0000070858-23-000176-index.htm,https://www.sec.gov/Archives/edgar/data/70858/000007085823000176/bac-20230630.htm,3.133604447263366,0.9212899053588528,1.4657563208098596,1.4657563208098596,83.57895260480792,35.23473740501685,26.650996778967528,35.23473740501685,78.83607556368068,230693421000.0,464916421000.0,7.785280136339093,9.155590784617216,19.5735127269642,19.5735127269642,0.814253265753444,0.814253265753444,18.45126090407588,54.4143751170412,39.446497624300015,39.446497624300015,0.0321118823757006,0.0510894500108002,2.1732287633374394,0.197143120609068,27.41374063670412,0.3027059579859698,0.4415256100241811,1.5909827213822894,0.0090639775982168,0.2822624190064794,0.4215581219986506,0.0,0.0220994634345949,0.0,0.0,0.0,0.033019803944914,27.02557450836652,0.0078489293013626,0.0024255306748757,-261.4440236789414,-1749524000000.0,214298000000.0,-2080384000000.0,-1668815000000.0,90374500000.0,0.0,0.0,312.34075485176805,0.0,0.0,0.288146835153525,0.0,0.0,0.0261472050939047,0.0,2023-07-18,0.84,bmo,25047900000.0,2025-04-25,2023-06-30,0.0476190476190476,28.53548387096774,49173180.58064516
2023-03-31,BAC,USD,70858,2023-05-01,2023-05-01 17:07:42,2023,Q1,26258000000.0,0.0,26258000000.0,1.0,0,10857000000.0,1348000000.0,12205000000.0,4964000000.0,17169000000.0,17169000000.0,28655000000.0,14207000000.0,503000000.0,9592000000.0,0.3652981948,9089000000.0,0.3461421281,0.0,9089000000.0,0.3461421281,928000000.0,8161000000.0,0.3108005179,0.95,0.94,8065900000,8182300000,https://www.sec.gov/Archives/edgar/data/70858/000007085823000142/0000070858-23-000142-index.htm,https://www.sec.gov/Archives/edgar/data/70858/000007085823000142/bac-20230331.htm,3.255433367634114,1.011790376771346,-1.4009595953334408,-1.4009595953334408,70.86859494910674,34.7383429003583,26.18108332610124,34.7383429003583,82.94474268215575,230684740000.0,497646740000.0,7.06668116652371,8.785312666615889,-20.414578761061943,-20.414578761061943,0.8232977629944753,0.8232977629944753,18.9521951405286,51.88143661384487,-44.03953451327433,-44.03953451327433,0.035377285901096,-0.0489846012354349,2.3369962454853037,0.2049725526089342,27.831734778982486,0.2568279733115178,0.6397550503273034,-1.3846342360004902,0.0101957329297117,0.2881999754931993,0.4134739888795795,0.0,0.0216054493487094,0.0,0.0,0.0,0.030238403534161,28.121668223279872,0.0083563805332478,0.0026109894469443,-281.7867813883138,-1924059000000.0,211174000000.0,-2249538000000.0,-1833802000000.0,87219500000.0,0.0,0.0,319.8019651153934,0.0,0.0,0.2814241618794478,0.0,0.0,0.0291260403431883,0.0,2023-04-18,0.82,bmo,25131300000.0,2025-04-25,2023-03-31,0.1463414634146341,33.00983870967742,56246842.161290325
2022-12-31,BAC,USD,70858,2023-02-22,2023-02-22 16:33:50,2022,Q4,24532000000.0,0.0,24532000000.0,1.0,0,10086000000.0,1364000000.0,11450000000.0,5185000000.0,16635000000.0,16635000000.0,25075000000.0,10394000000.0,502000000.0,8399000000.0,0.3423691505,7897000000.0,0.3219060819,0.0,7897000000.0,0.3219060819,765000000.0,7132000000.0,0.2907223219,0.85,0.85,8088300000,8155700000,https://www.sec.gov/Archives/edgar/data/70858/000007085823000092/0000070858-23-000092-index.htm,https://www.sec.gov/Archives/edgar/data/70858/000007085823000092/bac-20221231.htm,3.0330230085432044,0.881767491314615,3.832449340405277,3.832449340405277,78.98482993954231,33.77681342185626,25.24325259943375,33.77681342185626,62.92335843131437,267884496000.0,528971496000.0,9.39023051037577,10.919798467308004,8.64199290276792,8.64199290276792,0.9805543106256656,0.9805543106256656,21.562510027718897,62.98029479699965,17.064697593393124,17.064697593393124,0.0266234145928325,0.1157140501330095,1.824869965629198,0.163385031338331,31.085486367424693,0.2931738223988533,0.7597652491822205,4.346326416152552,0.0078578642341436,0.2951486259113853,0.4111364748084135,0.0,0.0226199664085862,0.0,0.0,0.0,0.0255584542638186,25.886756475093986,0.0087177393527946,0.0023914003473096,-256.9728805805917,-1735852000000.0,204175000000.0,-2058190000000.0,-1655320000000.0,85125000000.0,0.0,0.0,297.65816076960704,0.0,0.0,0.3023602637579343,0.0,0.0,0.0261057039425762,0.0,2023-01-13,0.77,bmo,24172670626.0,2025-04-25,2022-12-31,0.1038961038961038,34.44428571428572,40864017.12698413
2022-09-30,BAC,USD,70858,2022-10-28,2022-10-28 16:32:46,2022,Q3,24502000000.0,0.0,24502000000.0,1.0,0,10058000000.0,1397000000.0,11455000000.0,4746000000.0,16201000000.0,16201000000.0,19621000000.0,5856000000.0,491000000.0,8792000000.0,0.3588278508,8301000000.0,0.3387886703,0.0,8301000000.0,0.3387886703,1219000000.0,7082000000.0,0.2890376296,0.81,0.81,8107700000,8160800000,https://www.sec.gov/Archives/edgar/data/70858/000007085822000131/0000070858-22-000131-index.htm,https://www.sec.gov/Archives/edgar/data/70858/000007085822000131/bac-20220930.htm,3.0220654439606798,0.8734906323618289,1.622408327885837,1.622408327885837,76.4517680723263,33.24296656265032,24.72982473451164,33.24296656265032,63.10655302983584,244852540000.0,538220540000.0,8.643481361197402,9.993165455881153,18.6143028736506,18.6143028736506,0.9084628456092964,0.9084628456092964,21.96639213125459,61.21707688808007,40.91687243424054,40.91687243424054,0.0289235308729082,0.0537221300624449,1.876615811578932,0.1645950979399945,33.367606915377614,0.2855686455847736,1.4175204918032789,1.857384919514261,0.0092055406082371,0.3182716746681728,0.4104971022773651,0.0,0.0224611310358472,0.0,0.0,0.0,0.0287323483797241,25.560554520566107,0.0085636067270625,0.0023575774543423,-261.078326775781,-1773673000000.0,200502000000.0,-2094466000000.0,-1693534000000.0,91283500000.0,0.0,0.0,327.3345033058526,0.0,0.0,0.2749481007686697,0.0,0.0,0.0262759531618705,0.0,2022-10-17,0.77,bmo,23515260897.0,2025-04-25,2022-09-30,0.0519480519480519,33.43125,38966415.234375
2022-06-30,BAC,USD,70858,2022-07-29,2022-07-29 16:24:50,2022,Q2,22688000000.0,0.0,22688000000.0,1.0,0,10085000000.0,1387000000.0,11472000000.0,4324000000.0,15796000000.0,15796000000.0,14975000000.0,2531000000.0,491000000.0,7383000000.0,0.3254143159,6892000000.0,0.3037729196,0.0,6892000000.0,0.3037729196,645000000.0,6247000000.0,0.2753437941,0.73,0.73,8121600000,8163100000,https://www.sec.gov/Archives/edgar/data/70858/000007085822000112/0000070858-22-000112-index.htm,https://www.sec.gov/Archives/edgar/data/70858/000007085822000112/bac-20220630.htm,2.793538219070134,0.7691834121355398,-0.6216755319148937,-0.6216755319148937,80.4188829787234,33.136081560283685,24.63750985027581,33.136081560283685,62.84734535066982,252825408000.0,555872408000.0,10.117872898991516,11.143574047954866,-50.074352941176464,-50.07435294117647,0.9394593003812456,0.9394593003812456,24.500723201692523,75.29085845862116,-110.09554525648645,-110.09554525648645,0.0247087507913761,-0.0199703029847379,1.887239054987032,0.1632243928055158,41.04659352566707,0.2954531333785797,2.72303437376531,-0.8082279494157195,0.0078908208466136,0.3193532895789979,0.4445081100141044,0.0,0.0221821143165297,0.0,0.0,0.0,0.0349083215796897,23.947312924108257,0.0076472590079006,0.0020531889998764,-260.9423020094563,-1780323000000.0,200096000000.0,-2095906000000.0,-1700285000000.0,95516000000.0,0.0,0.0,370.7105077574048,0.0,0.0,0.2427770406197834,0.0,0.0,0.0232128657317607,0.0,2022-07-18,0.75,bmo,22696657312.0,2025-04-25,2022-06-30,0.04,36.00387096774194,50589104.58064516
2022-03-31,BAC,USD,70858,2022-04-29,2022-04-29 16:49:28,2022,Q1,23228000000.0,0.0,23228000000.0,1.0,0,10239000000.0,1330000000.0,11569000000.0,3780000000.0,15349000000.0,15349000000.0,12894000000.0,1322000000.0,494000000.0,8373000000.0,0.3604701223,7879000000.0,0.3392026864,0.0,7879000000.0,0.3392026864,812000000.0,7067000000.0,0.3042448769,0.81,0.8,8136800000,8202100000,https://www.sec.gov/Archives/edgar/data/70858/000007085822000088/0000070858-22-000088-index.htm,https://www.sec.gov/Archives/edgar/data/70858/000007085822000088/bac-20220331.htm,2.85468488840822,0.8685232523842297,-5.583275980729525,-5.583275980729525,93.90362304591486,32.76681250614492,24.28411660603677,32.76681250614492,63.84647527283453,335398896000.0,574003896000.0,11.8649673128626,14.439422076803858,-7.382762403697997,-7.382762403697997,1.2579801588045774,1.2579801588045774,24.71172274840709,68.55414976710857,-12.634908562623815,-12.634908562623815,0.021070433100054,-0.135450654554331,1.9435519865574964,0.1600210979910895,28.496954496596203,0.3254904805022267,5.959909228441755,-6.4284703551719256,0.006624947268759,0.3144191311730578,0.4408042018253831,0.0,0.0213147766537387,0.0,0.0,0.0,0.0318150508007577,25.30457701251451,0.0085098850497202,0.0022298995866781,-262.3077868449513,-1785596000000.0,197595000000.0,-2109951000000.0,-1705754000000.0,92300000000.0,0.0,0.0,378.0867918029964,0.0,0.0,0.2380405820864931,0.0,0.0,0.0265061867772872,0.0,2022-04-18,0.75,bmo,23131431330.0,2025-04-25,2022-03-31,0.0666666666666667,45.119516129032256,56129084.048387095
2021-12-31,BAC,USD,70858,2022-02-22,2022-02-22 17:15:02,2021,Q4,22060000000.0,0.0,22060000000.0,1.0,0,9602000000.0,1352000000.0,10954000000.0,3288000000.0,14242000000.0,14242000000.0,12554000000.0,1144000000.0,495000000.0,8313000000.0,0.3768359021,7818000000.0,0.3543970988,0.0,7818000000.0,0.3543970988,805000000.0,7013000000.0,0.3179057117,0.82,0.82,8226500000,8304700000,https://www.sec.gov/Archives/edgar/data/70858/000007085822000062/0000070858-22-000062-index.htm,https://www.sec.gov/Archives/edgar/data/70858/000007085822000062/bac-20211231.htm,2.6815778277517777,0.8524889077979699,5.42770315443992,5.42770315443992,97.02656050568284,32.82878502400778,24.438582629307724,32.82878502400778,60.45620859417736,365996985000.0,506830985000.0,13.047090581776702,16.59097846781505,8.196837360865379,8.196837360865379,1.3552131145719937,1.3552131145719937,22.97511264732547,60.96848129435824,11.350943651877898,11.350943651877898,0.0191613600314221,0.1219982727453342,1.8373249501973592,0.1565545930818632,16.941417057620594,0.3430801947615303,6.833916083916084,6.3668900613147015,0.005368896686403,0.2801939255668045,0.4352674524025385,0.0,0.0217769707792566,0.0,0.0,0.0,0.0334088848594741,25.093603557732436,0.0087075177924896,0.0022619129403803,-247.48981948580808,-1694972000000.0,201044000000.0,-2014220000000.0,-1615117000000.0,88494500000.0,0.0,0.0,355.02266545784227,0.0,0.0,0.2535049413927833,0.0,0.0,0.0259677264076188,0.0,2022-01-19,0.76,bmo,23568200000.0,2025-04-25,2021-12-31,0.0789473684210525,45.55625,44907322.859375
2021-09-30,BAC,USD,70858,2021-10-29,2021-10-29 16:21:01,2021,Q3,22766000000.0,0.0,22766000000.0,1.0,0,9492000000.0,1334000000.0,10826000000.0,2990000000.0,13816000000.0,13816000000.0,12336000000.0,1242000000.0,473000000.0,9423000000.0,0.413906703,8950000000.0,0.3931301063,0.0,8950000000.0,0.3931301063,1259000000.0,7691000000.0,0.3378283405,0.86,0.85,8430700000,8492800000,https://www.sec.gov/Archives/edgar/data/70858/000007085821000107/0000070858-21-000107-index.htm,https://www.sec.gov/Archives/edgar/data/70858/000007085821000107/bac-20210930.htm,2.700368889890519,0.912261140830536,1.1618252339663373,1.1618252339663373,86.47407688566786,32.31807560463544,24.13097370325121,32.31807560463544,60.204846572645216,357883215000.0,577838215000.0,11.63318212846184,15.720074453131865,36.537336906585,36.53733690658499,1.313506426537084,1.313506426537084,25.381631160502504,61.32210707842513,58.993181725370086,58.993181725370086,0.021490250667386,0.0273692634621045,1.8583262375946912,0.1641017214367064,23.342353815133183,0.3282903652895007,7.206119162640902,1.273566506306072,0.0059935753064026,0.2788974125601352,0.4169375384345076,0.0,0.0223705098063618,0.0,0.0,0.0,0.0249494860757269,25.755713962380764,0.0093977084303224,0.0025497087112782,-239.18159227584897,-1675755000000.0,203441000000.0,-1993976000000.0,-1596048000000.0,86808500000.0,0.0,0.0,355.6711763155583,0.0,0.0,0.2530427147128455,0.0,0.0,0.0282275823595043,0.0,2021-10-14,0.71,bmo,21606300000.0,2025-04-25,2021-09-30,0.1971830985915493,40.2815625,48127905.609375
2021-06-30,BAC,USD,70858,2021-07-30,2021-07-30 16:26:34,2021,Q2,21466000000.0,0.0,21466000000.0,1.0,0,9626000000.0,1786000000.0,11412000000.0,2012000000.0,13424000000.0,13424000000.0,11387000000.0,1154000000.0,469000000.0,8511000000.0,0.3964874686,8042000000.0,0.3746389639,0.0,8042000000.0,0.3746389639,-1182000000.0,9224000000.0,0.4297027858,1.04,1.03,8620800000,8735500000,https://www.sec.gov/Archives/edgar/data/70858/000007085821000084/0000070858-21-000084-index.htm,https://www.sec.gov/Archives/edgar/data/70858/000007085821000084/bac-20210630.htm,2.4900241276911657,1.069970304380104,-1.0800621752041577,-1.0800621752041577,83.87063845582776,32.1453925389755,24.138827023014105,32.1453925389755,59.296121009651074,355435584000.0,598075584000.0,9.633444926279273,16.55807248672319,-38.1737282783804,-38.17372827838041,1.282609940134022,1.282609940134022,27.86152911581105,70.2708946069792,-64.23322779508109,-64.23322779508109,0.0259512564729591,-0.0261960265632829,1.8404584312154704,0.1683313013590574,28.50898836799436,0.3307075316028869,6.968804159445408,-1.0094319167389418,0.0051514256940576,0.1985039028620988,0.4484300754681822,0.0,0.0227806649341528,0.0,0.0,0.0,0.0284170315848318,27.818678030871176,0.0111662455920325,0.0031152995182836,-228.16989142538972,-1632575000000.0,208096000000.0,-1946095000000.0,-1552805000000.0,83155500000.0,0.0,0.0,350.7090282306904,0.0,0.0,0.2566229915837796,0.0,0.0,0.0332853395111847,0.0,2021-07-14,0.77,bmo,22071800000.0,2025-04-25,2021-06-30,0.0389610389610389,40.99190476190476,45048931.66666666
2021-03-31,BAC,USD,70858,2021-04-29,2021-04-29 16:24:56,2021,Q1,22821000000.0,0.0,22821000000.0,1.0,0,10509000000.0,1348000000.0,11857000000.0,1798000000.0,13655000000.0,13655000000.0,11395000000.0,1198000000.0,461000000.0,9627000000.0,0.4218482976,9166000000.0,0.4016476053,0.0,9166000000.0,0.4016476053,1116000000.0,8050000000.0,0.3527452785,0.87,0.86,8700100000,8755600000,https://www.sec.gov/Archives/edgar/data/70858/000007085821000063/0000070858-21-000063-index.htm,https://www.sec.gov/Archives/edgar/data/70858/000007085821000063/bac-20210331.htm,2.6230732980080687,0.9252767209572303,-6.014643509844714,-6.014643509844714,89.31035275456604,31.49389087481753,23.56857967149803,31.49389087481753,54.43339731727222,336606869000.0,475024869000.0,10.45362947204969,14.749873756627668,-6.432633943586607,-6.432633943586607,1.228492222627737,1.228492222627737,20.815252136190352,49.34298005609224,-9.077833454364775,-9.077833454364775,0.0239151388202954,-0.1554573148060148,1.724007299270073,0.1590502600680406,14.378103251272464,0.3578304868018394,7.651085141903172,-6.500372670807454,0.0062803234119384,0.2626086956521739,0.4604969107401078,0.0,0.0232158874502018,0.0,0.0,0.0,0.0373778537312124,25.605911266225423,0.0102066303792428,0.0027748659877609,-213.44418454960288,-1542784000000.0,205049000000.0,-1836320000000.0,-1463030000000.0,81910000000.0,0.0,0.0,326.001051662942,0.0,0.0,0.2760727290323361,0.0,0.0,0.0293795620437956,0.0,2021-04-15,0.66,bmo,15906242424.0,2025-04-25,2021-03-31,0.3030303030303029,34.50704918032787,55990404.78688525
2020-12-31,BAC,USD,70858,2021-02-24,2021-02-24 16:56:31,2020,Q4,20099000000.0,0.0,20099000000.0,1.0,0,8807000000.0,1378000000.0,10185000000.0,3795000000.0,13980000000.0,13980000000.0,11461000000.0,1208000000.0,487000000.0,6606000000.0,0.3286730683,6119000000.0,0.3044430071,0.0,6119000000.0,0.3044430071,649000000.0,5470000000.0,0.2721528434,0.6,0.59,8724900000,8785000000,https://www.sec.gov/Archives/edgar/data/70858/000007085821000023/0000070858-21-000023-index.htm,https://www.sec.gov/Archives/edgar/data/70858/000007085821000023/bac-20201231.htm,2.3036367178993458,0.6269412829946475,6.2572636935666885,6.2572636935666885,83.53608637348279,31.28104620110259,23.378262215039715,31.28104620110259,52.01045284186638,264451719000.0,330020719000.0,12.086458820840951,13.157456540126374,4.843970381360589,4.843970381360589,0.9689573617563864,0.9689573617563864,16.4197581471715,49.95772313048744,6.044999798512657,6.044999798512657,0.0206843049486851,0.20644222017706,1.6582565109700869,0.1605098830448141,9.925673630033303,0.3621953482548689,5.065397350993377,9.980621572212064,0.0069124148896154,0.3341864716636197,0.4381810040300512,0.0,0.0244539437308551,0.0,0.0,0.0,0.0215931140852778,21.00609513621028,0.0070771866177775,0.0019886020745445,-201.3766633428463,-1426364000000.0,203973000000.0,-1736702000000.0,-1346413000000.0,80074000000.0,0.0,0.0,363.4076322205085,0.0,0.0,0.2476557783062459,0.0,0.0,0.0200422095528425,0.0,2021-01-19,0.55,bmo,19181563636.0,2025-04-25,2020-12-31,0.0727272727272725,26.80296875,56424755.171875
2020-09-30,BAC,USD,70858,2020-10-30,2020-10-30 16:57:16,2020,Q3,20336000000.0,0.0,20336000000.0,1.0,0,9582000000.0,1238000000.0,10820000000.0,4970000000.0,15790000000.0,15790000000.0,11486000000.0,1357000000.0,476000000.0,5022000000.0,0.2469512195,4546000000.0,0.2235444532,0.0,4546000000.0,0.2235444532,-335000000.0,4881000000.0,0.2400177026,0.51,0.51,8732900000,8777500000,https://www.sec.gov/Archives/edgar/data/70858/000007085820000071/0000070858-20-000071-index.htm,https://www.sec.gov/Archives/edgar/data/70858/000007085820000071/bac-20200930.htm,2.3286651627752524,0.5589208624855432,-3.7373610140961193,-3.7373610140961193,78.39182860218256,30.785878688637226,22.890334253226307,30.785878688637226,53.32821857573086,210375561000.0,368634561000.0,10.77522848801475,10.344982346577495,-6.4457246461180215,-6.4457246461180215,0.7825016217221499,0.7825016217221499,18.12719123721479,73.4039348864994,-11.29464308474784,-11.29464308474784,0.023201364154651,-0.1551415946075599,1.7271824437418637,0.1695676973706313,31.51314217443249,0.351531270155712,3.350036845983788,-6.686744519565663,0.0094259998194372,0.4062692071296865,0.4711841070023603,0.0,0.0251788236565767,0.0,0.0,0.0,0.0255704169944925,19.676243850215403,0.0062986252969619,0.001828431605757,-197.61714321702985,-1408572000000.0,199899000000.0,-1706023000000.0,-1328719000000.0,76246500000.0,0.0,0.0,349.5864476789929,0.0,0.0,0.2574470509298527,0.0,0.0,0.0181551050771805,0.0,2020-10-14,0.49,bmo,19538509803.0,2025-04-25,2020-09-30,0.0408163265306122,24.89734375,59772530.9375
2020-06-30,BAC,USD,70858,2020-07-31,2020-07-30 19:25:26,2020,Q2,22326000000.0,0.0,22326000000.0,1.0,0,8659000000.0,1303000000.0,9962000000.0,8565000000.0,18527000000.0,18527000000.0,12540000000.0,1692000000.0,448000000.0,4247000000.0,0.1902266416,3799000000.0,0.1701603512,0.0,3799000000.0,0.1701603512,266000000.0,3533000000.0,0.1582459912,0.38,0.37,8739900000,8768100000,https://www.sec.gov/Archives/edgar/data/70858/000007085820000040/0000070858-20-000040-index.htm,https://www.sec.gov/Archives/edgar/data/70858/000007085820000040/bac-0630202010xq.htm,2.5544914701541206,0.4042380347601231,-0.3439398620121511,-0.3439398620121511,69.95869517957871,30.393597180745772,22.504376480280097,30.393597180745772,52.67245620659275,207572625000.0,370815625000.0,14.688128007359186,9.297349502821822,-69.05276946107784,-69.05276946107784,0.7814145808001144,0.7814145808001144,16.60913844844576,87.31236755356723,-123.35849135063206,-123.35849135063206,0.0170205488320051,-0.0144816784005116,1.7266419964086328,0.1672910994978276,38.43724982340476,0.3153613745003227,2.245271867612294,-0.8508349844324936,0.008830644214284,0.5188225304273988,0.3878437695959867,0.0,0.0251491052227678,0.0,0.0,0.0,0.0239183015318462,16.62650233382832,0.0046074115032707,0.0013218659374266,-207.03812400599548,-1486968000000.0,196686000000.0,-1791117000000.0,-1407227000000.0,80917500000.0,0.0,0.0,296.29938188658963,0.0,0.0,0.3037468368207668,0.0,0.0,0.0133001050305492,0.0,2020-07-16,0.27,bmo,16291945945.0,2025-04-25,2020-06-30,0.3703703703703702,23.627777777777776,77567666.8888889
2020-03-31,BAC,USD,70858,2020-05-01,2020-05-01 16:56:46,2020,Q1,22767000000.0,0.0,22767000000.0,1.0,0,8974000000.0,1215000000.0,10189000000.0,8047000000.0,18236000000.0,18236000000.0,16098000000.0,3968000000.0,432000000.0,4963000000.0,0.2179909518,4531000000.0,0.1990161198,0.0,4531000000.0,0.1990161198,521000000.0,4010000000.0,0.1761321211,0.4,0.4,8815600000,8862700000,https://www.sec.gov/Archives/edgar/data/70858/000007085820000023/0000070858-20-000023-index.htm,https://www.sec.gov/Archives/edgar/data/70858/000007085820000023/bac-0331202010xq.htm,2.582580879350243,0.4548754480693316,2.160147919597078,2.160147919597078,65.81446526611916,30.051045873224737,22.229570307182723,30.051045873224737,52.27562502835882,187155188000.0,381355188000.0,11.668029177057356,8.220458909825625,9.828030667436854,9.828030667436854,0.7064645965921531,0.7064645965921531,16.750348662537885,76.83965101752972,20.026003675891403,20.026003675891403,0.0214260691506986,0.101749784248567,1.7245827010622157,0.1743820693035068,39.12955873463631,0.3271214572244192,1.1418850806451613,4.748877805486284,0.011129801007707,0.5194513715710724,0.3941669960908332,0.0,0.0263176376379127,0.0,0.0,0.0,0.0238503096587165,17.53748461216832,0.0051645375291873,0.0015719307268552,-193.81462974726625,-1375139000000.0,195967000000.0,-1686509000000.0,-1295396000000.0,81995500000.0,0.0,0.0,349.1882988536039,0.0,0.0,0.2577405952475292,0.0,0.0,0.0151367592991038,0.0,2020-04-15,0.46,bmo,26182049999.0,2025-04-25,2020-03-31,-0.1956521739130435,29.978548387096776,78967282.5483871
2019-12-31,BAC,USD,70858,2020-02-19,2020-02-19 16:18:13,2019,Q4,22349000000.0,0.0,22349000000.0,1.0,0,8736000000.0,1219000000.0,9955000000.0,4225000000.0,14180000000.0,14180000000.0,16926000000.0,4786000000.0,439000000.0,8608000000.0,0.3851626471,8169000000.0,0.3655197101,0.0,8169000000.0,0.3655197101,1175000000.0,6994000000.0,0.3129446508,0.75,0.74,9017100000,9079500000,https://www.sec.gov/Archives/edgar/data/70858/000007085820000011/0000070858-20-000011-index.htm,https://www.sec.gov/Archives/edgar/data/70858/000007085820000011/bac-1231201910xk.htm,2.4785130474321013,0.7756374000510142,6.554546361912367,6.554546361912367,61.34854886826142,29.36753501680141,21.720841512237858,29.36753501680141,48.23668363442792,317582262000.0,579084262000.0,11.351953889047754,14.210132981341449,5.373369575148469,5.37336957514847,1.1992834938257615,1.1992834938257615,25.910969707816903,67.2727999535316,9.797882713229448,9.797882713229448,0.0220226405465932,0.1861029631434516,1.6244439409387863,0.1767276246991161,30.378949814126397,0.3326893043216957,1.70685332218972,8.450529024878467,0.0058189647884049,0.2642264798398627,0.3908899727057139,0.0,0.0283273468116688,0.0,0.0,0.0,0.0214327262964785,22.63885081872812,0.0095389030125148,0.002957133821087,-172.93137483226317,-1261340000000.0,195859000000.0,-1540425000000.0,-1181828000000.0,74083500000.0,0.0,0.0,304.67671931630053,0.0,0.0,0.2953950672764281,0.0,0.0,0.0264113892979872,0.0,2020-01-15,0.68,bmo,20536918918.0,2025-04-25,2019-12-31,0.1029411764705881,32.31796875,46927139.75
2019-09-30,BAC,USD,70858,2019-10-28,2019-10-28 16:37:44,2019,Q3,22807000000.0,0.0,22807000000.0,1.0,0,10821000000.0,1136000000.0,11957000000.0,3991000000.0,15948000000.0,15948000000.0,17916000000.0,5729000000.0,438000000.0,7297000000.0,0.3199456307,6859000000.0,0.3007410006,0.0,6859000000.0,0.3007410006,1082000000.0,5777000000.0,0.2532994256,0.57,0.56,9303600000,9353000000,https://www.sec.gov/Archives/edgar/data/70858/000007085819000057/0000070858-19-000057-index.htm,https://www.sec.gov/Archives/edgar/data/70858/000007085819000057/bac-930201910xq.htm,2.4514166559181394,0.6209424308869684,-0.6128810352981642,-0.6128810352981642,58.27840835805495,28.84765037189905,21.436433208650413,28.84765037189905,51.79532654026399,271386012000.00003,582889012000.0,11.74424493681842,11.899241987109225,-47.59488109435286,-47.594881094352864,1.011174207394546,1.011174207394546,25.557460954969965,79.88063752226942,-102.22536162749913,-102.22536162749913,0.0212870219707565,-0.0210106628487543,1.77413213009572,0.1962445339257232,42.68918733726189,0.3275799315006077,1.1972421015884098,-0.987017483122728,0.0017097417681203,0.0803185044140557,0.4744595957381505,0.0,0.0284178162080178,0.0,0.0,0.0,0.0223615556627351,20.075767191177228,0.0073821249581504,0.0024506029789864,-167.82345006234146,-1261805000000.0,199436000000.0,-1543235000000.0,-1182361000000.0,73026500000.0,0.0,0.0,286.13188933222256,0.0,0.0,0.3145402639672316,0.0,0.0,0.02152488756907,0.0,2019-10-16,0.51,bmo,20770660714.0,2025-04-25,2019-09-30,0.0980392156862745,28.75453125,55139592.25
2019-06-30,BAC,USD,70858,2019-07-29,2019-07-29 17:06:39,2019,Q2,23084000000.0,0.0,23084000000.0,1.0,0,8825000000.0,1237000000.0,10062000000.0,4063000000.0,14125000000.0,14125000000.0,18224000000.0,6035000000.0,434000000.0,9393000000.0,0.4069052157,8959000000.0,0.3881043147,0.0,8959000000.0,0.3881043147,1611000000.0,7348000000.0,0.3183157165,0.75,0.74,9523200000,9559600000,https://www.sec.gov/Archives/edgar/data/70858/000007085819000042/0000070858-19-000042-index.htm,https://www.sec.gov/Archives/edgar/data/70858/000007085819000042/bac-630201910xq.htm,2.423975134408602,0.7715893817204301,-0.7061701948924731,-0.7061701948924731,57.254809307795696,28.499663978494624,21.25934559811828,28.499663978494624,48.95812331989247,280172544000.0,560289544000.0,9.532272182906912,12.137088199618784,-41.66134483271376,-41.66134483271375,1.0322928727229854,1.0322928727229854,24.271770230462657,59.649690620674974,-83.31443033457249,-83.31443033457249,0.0262266955037535,-0.024003065767929,1.6956132464776277,0.1920800269795132,29.82188864047695,0.3348278468670137,1.4845070422535211,-0.9152150244964616,0.0060534125713617,0.230811105062602,0.3822994281753595,0.0,0.0287788431198067,0.0,0.0,0.0,0.0208369433373765,22.243557661470216,0.0095429686840495,0.0031577938589762,-160.038327452957,-1229300000000.0,202457000000.0,-1505691000000.0,-1149923000000.0,74041000000.0,0.0,0.0,286.7336683417085,0.0,0.0,0.3138801261829653,0.0,0.0,0.0270736308436007,0.0,2019-07-17,0.71,bmo,22148162162.0,2025-04-25,2019-06-30,0.0563380281690141,28.839047619047616,52031144.015873015
2019-03-31,BAC,USD,70858,2019-04-26,2019-04-26 16:06:36,2019,Q1,23004000000.0,0.0,23004000000.0,1.0,0,8991000000.0,1104000000.0,10095000000.0,4142000000.0,14237000000.0,14237000000.0,18170000000.0,5795000000.0,418000000.0,9185000000.0,0.3992783864,8767000000.0,0.3811076335,0.0,8767000000.0,0.3811076335,1456000000.0,7311000000.0,0.3178142932,0.71,0.7,9725900000,9787300000,https://www.sec.gov/Archives/edgar/data/70858/000007085819000026/0000070858-19-000026-index.htm,https://www.sec.gov/Archives/edgar/data/70858/000007085819000026/bac-331201910xq.htm,2.3652309811945424,0.7517042124636281,1.5526583658067634,1.5526583658067634,54.472593795946906,27.45350044725938,20.364079416814896,27.45350044725938,45.46448143616529,277577186000.0,532862186000.0,9.4917653535768,12.066474786993568,18.38137778955036,18.38137778955036,1.0395759934084865,1.0395759934084865,23.163892627369155,58.01439150789331,35.28654963247467,35.28654963247467,0.0263386199181369,0.0544028859778123,1.634350773379274,0.1835750499334501,27.793685356559607,0.3284620196783824,1.512855910267472,2.0655177130351525,0.0069386105816347,0.2634386540828888,0.3908450704225352,0.0,0.0290055713446779,0.0,0.0,0.0,0.0219092331768388,21.548329830737043,0.0098832556479608,0.0031673853322895,-156.7418439424629,-1235554000000.0,198059000000.0,-1505821000000.0,-1156352000000.0,81366000000.0,0.0,0.0,291.61971830985914,0.0,0.0,0.3086211060130403,0.0,0.0,0.0273809969664057,0.0,2019-04-16,0.66,bmo,21689485714.0,2025-04-25,2019-03-31,0.0757575757575756,28.261475409836063,63258558.14754099
2018-12-31,BAC,USD,70858,2019-02-26,2019-02-26 16:38:01,2018,Q4,22736000000.0,0.0,22736000000.0,1.0,0,10698000000.0,513000000.0,11211000000.0,2827000000.0,14038000000.0,14038000000.0,17836000000.0,5532000000.0,524000000.0,9222000000.0,0.4056122449,8698000000.0,0.382565095,0.0,8698000000.0,0.382565095,1420000000.0,7278000000.0,0.3201090781,0.71,0.7,9855800000,9996000000,https://www.sec.gov/Archives/edgar/data/70858/000007085819000012/0000070858-19-000012-index.htm,https://www.sec.gov/Archives/edgar/data/70858/000007085819000012/bac-1231201810xk.htm,2.306864993201972,0.738448426307352,-1.412569248564297,-1.412569248564297,51.6699811278638,26.92069644270379,19.92471438137949,26.92069644270379,44.85693703200146,242846912000.0,494517912000.0,8.341814784281397,10.681162561576354,-17.44339261600345,-17.443392616003447,0.915280927164798,0.915280927164798,21.750435960591133,53.62371633051399,-35.52060853325671,-35.52060853325671,0.0299694978209152,-0.057328297425499,1.6454122302836145,0.1854184336678548,27.290284103231404,0.3279232273578283,1.5723065798987708,-1.912888156086837,0.0071855968257072,0.2397636713382797,0.4705313159746657,0.0,0.0292846867730696,0.0,0.0,0.0,0.0178571428571428,21.14922654075752,0.009837993471076,0.0031843455159269,-153.59356926885692,-1224456000000.0,196374000000.0,-1491739000000.0,-1145599000000.0,83277500000.0,0.0,0.0,349.1141801548206,0.0,0.0,0.2577953148740277,0.0,0.0,0.0274305097521907,0.0,2019-01-16,0.63,bmo,20409300000.0,2025-04-25,2018-12-31,0.111111111111111,27.13031746031746,75407075.06349206
2018-09-30,BAC,USD,70858,2018-10-29,2018-10-29 16:14:17,2018,Q3,22724000000.0,0.0,22724000000.0,1.0,0,8765000000.0,1108000000.0,9873000000.0,3857000000.0,13730000000.0,13730000000.0,16965000000.0,4904000000.0,515000000.0,9509000000.0,0.4184562577,8994000000.0,0.3957929942,0.0,8994000000.0,0.3957929942,1827000000.0,7167000000.0,0.3153934167,0.67,0.66,10031600000,10170800000,https://www.sec.gov/Archives/edgar/data/70858/000007085818000042/0000070858-18-000042-index.htm,https://www.sec.gov/Archives/edgar/data/70858/000007085818000042/bac-930201810xq.htm,2.2652418357988755,0.7144423621356514,1.954424020096495,1.954424020096495,53.89868017066071,26.133219027871924,19.25983890904741,26.133219027871924,43.825411699031065,297436940000.0,539448940000.0,10.375224640714384,13.08911019186763,15.170709986738752,15.170709986738752,1.1345712890699502,1.1345712890699502,23.739171800739307,56.7303544010937,27.51448230133633,27.51448230133633,0.0240958638157049,0.0659164930892578,1.658293853325094,0.1858768881745725,25.45083605005784,0.3427013938327689,1.8340130505709624,2.73559369331659,0.0064047189296662,0.2658015906236919,0.3857155430381975,0.0,0.0294809419911554,0.0,0.0,0.0,0.0196268262629818,20.496103812208464,0.0097765325025031,0.0031574328533377,-147.2560957374696,-1187335000000.0,193207000000.0,-1457624000000.0,-1108704000000.0,78705500000.0,0.0,0.0,310.35425101214577,0.0,0.0,0.2899911945993543,0.0,0.0,0.0273384752706383,0.0,2018-10-15,0.62,bmo,21346787878.0,2025-04-25,2018-09-30,0.0806451612903226,30.45634920634921,54423394.26984127
2018-06-30,BAC,USD,70858,2018-07-30,2018-07-30 16:31:01,2018,Q2,22549000000.0,0.0,22549000000.0,1.0,0,9012000000.0,1101000000.0,10113000000.0,3938000000.0,14051000000.0,14051000000.0,16369000000.0,4541000000.0,513000000.0,9011000000.0,0.3996186084,8498000000.0,0.3768681538,0.0,8498000000.0,0.3768681538,1714000000.0,6784000000.0,0.3008559138,0.64,0.63,10181700000,10309400000,https://www.sec.gov/Archives/edgar/data/70858/000007085818000030/0000070858-18-000030-index.htm,https://www.sec.gov/Archives/edgar/data/70858/000007085818000030/bac-630201810xq.htm,2.2146596344421856,0.6662934480489505,-0.6401681448088237,-0.6401681448088237,53.21360872938704,25.95008692065176,19.17803510219315,25.95008692065176,44.163646542325935,287022123000.0,552731123000.0,10.577171395931606,12.728818262450664,-44.03530576864069,-44.03530576864069,1.086316207194114,1.086316207194114,24.51244503082177,61.33959860170902,-84.8007246087757,-84.8007246087757,0.0236358087282352,-0.0227090508977943,1.684682229690859,0.1942338992961464,29.48718233270447,0.3513105642991896,1.871393966086765,-0.9607900943396226,0.0054734456827914,0.2315742924528301,0.3996629562286576,0.0,0.0300876653270322,0.0,0.0,0.0,0.0204887134684464,19.72392937676081,0.0091312769116255,0.0030521176990883,-140.0907019456476,-1146399000000.0,195265000000.0,-1406599000000.0,-1067911000000.0,79388000000.0,0.0,0.0,315.5128830546809,0.0,0.0,0.2852498418722328,0.0,0.0,0.025675962091622,0.0,2018-07-16,0.57,bmo,20401476190.0,2025-04-25,2018-06-30,0.1228070175438597,29.835,66639200.484375
2018-03-31,BAC,USD,70858,2018-04-30,2018-04-30 16:44:02,2018,Q1,23070000000.0,0.0,23070000000.0,1.0,0,9588000000.0,1101000000.0,10689000000.0,3987000000.0,14676000000.0,14676000000.0,15599000000.0,3830000000.0,511000000.0,8905000000.0,0.3859991331,8394000000.0,0.3638491547,0.0,8394000000.0,0.3638491547,1476000000.0,6918000000.0,0.299869961,0.63,0.62,10322400000,10472700000,https://www.sec.gov/Archives/edgar/data/70858/000007085818000020/0000070858-18-000020-index.htm,https://www.sec.gov/Archives/edgar/data/70858/000007085818000020/bac-331201810xq.htm,2.234945361543827,0.6701929783771216,3.909362163837867,3.909362163837867,57.47122762148338,25.790901340773463,19.111156320235605,25.790901340773463,43.85482058436023,309568776000.0,546115776000.0,11.1870763226366,13.418672561768531,7.671328145908708,7.671328145908708,1.1628131798785986,1.1628131798785986,23.672118595578677,61.326869848399774,13.533126232839372,13.533126232839372,0.0223472150175765,0.1303555239692519,1.6860125308011298,0.1927684092355607,26.563391353172378,0.3746827845696616,2.191644908616188,5.833188782885227,0.0054075221074621,0.2419774501300954,0.4156046814044213,0.0,0.0296120470109659,0.0,0.0,0.0,0.017988729952319,19.720796691654677,0.0092365493917736,0.0030617027369002,-136.52043129504767,-1123131000000.0,197273000000.0,-1389287000000.0,-1044781000000.0,81653000000.0,0.0,0.0,311.0247074122237,0.0,0.0,0.2893660788199583,0.0,0.0,0.0259856361560189,0.0,2018-04-16,0.59,bmo,21953709677.0,2025-04-25,2018-03-31,0.0508474576271186,31.410819672131147,75542024.81967214
2017-12-31,BAC,USD,70858,2018-02-22,2018-02-22 16:10:05,2017,Q4,20436000000.0,0.0,20436000000.0,1.0,0,11101000000.0,511000000.0,11612000000.0,2419000000.0,14031000000.0,14031000000.0,15066000000.0,3604000000.0,515000000.0,6920000000.0,0.3386181249,6405000000.0,0.3134174985,0.0,6405000000.0,0.3134174985,3885000000.0,2520000000.0,0.1233118027,0.2,0.2,10470672000,10621809000,https://www.sec.gov/Archives/edgar/data/70858/000007085818000009/0000070858-18-000009-index.htm,https://www.sec.gov/Archives/edgar/data/70858/000007085818000009/bac-1231201710xk.htm,1.9517371950912032,0.2406722319255153,-0.6731182105599335,-0.6731182105599335,54.84862862670133,25.51373971030704,18.928584526379968,25.51373971030704,42.073421839591575,309094237440.0,577440237440.0,30.66411085714286,15.124987152084556,-43.85559555051079,-43.85559555051079,1.1570236404063696,1.1570236404063696,28.25603040908201,83.44512101734104,-81.92965911464245,-81.92965911464245,0.0081528533850106,-0.0228021074037917,1.635558832997687,0.1915336173316722,38.77832369942197,0.3754207121033836,1.7771920088790234,-2.7968253968253967,0.0050987686249114,0.6253968253968254,0.5432080642004307,0.0,0.0302253078816114,0.0,0.0,0.0,0.009003718927383,11.754152258629311,0.0034128814606049,0.001139094772233,-131.519829863833,-1094504000000.0,198195000000.0,-1356206000000.0,-1016306000000.0,80352000000.0,0.0,0.0,368.0857310628303,0.0,0.0,0.2445082555635319,0.0,0.0,0.0094330441032244,0.0,2018-01-17,0.44,bmo,18733000000.0,2025-04-25,2017-12-31,0.0681818181818181,27.565238095238094,67075683.34920635
2017-09-30,BAC,USD,70858,2017-10-30,2017-10-30 16:05:41,2017,Q3,21839000000.0,0.0,21839000000.0,1.0,0,11042000000.0,461000000.0,11503000000.0,2725000000.0,14228000000.0,14228000000.0,14657000000.0,3496000000.0,523000000.0,8134000000.0,0.3724529511,7611000000.0,0.3485049682,0.0,7611000000.0,0.3485049682,2187000000.0,5424000000.0,0.2483630203,0.5,0.48,10197900000,10746700000,https://www.sec.gov/Archives/edgar/data/70858/000007085817000046/0000070858-17-000046-index.htm,https://www.sec.gov/Archives/edgar/data/70858/000007085817000046/bac-930201710xq.htm,2.141519332411575,0.5318742093960521,2.007374067209916,2.007374067209916,69.5297070965591,26.717167259926065,19.47714725580757,26.717167259926065,44.58084507594701,258414786000.0,527675786000.0,11.910711006637168,11.83272063739182,12.623456890234966,12.623456890234966,0.9484538444316392,0.9484538444316392,24.16208553505197,64.87285296287189,25.7767469102633,25.7767469102633,0.0209895110258899,0.0792176032837378,1.6557904125024316,0.1975286965781279,33.10314728300959,0.448992284364845,2.1770594965675056,3.664041524968677,0.006659835633399,0.3172935103244838,0.5056092311919044,0.0,0.0323276541488754,0.0,0.0,0.0,0.0092037181189614,17.88096403462893,0.007180539467152,0.0024542286803588,-122.03855695780504,-964809000000.0,198626000000.0,-1225256000000.0,-882005000000.0,78732000000.0,0.0,0.0,317.8332341224415,0.0,0.0,0.2831673668378196,0.0,0.0,0.0199075824252456,0.0,2017-10-13,0.45,bmo,20474062500.0,2025-04-25,2017-09-30,0.0666666666666666,24.26714285714285,67012117.17460317
2017-06-30,BAC,USD,70858,2017-07-31,2017-07-31 16:04:22,2017,Q2,22829000000.0,0.0,22829000000.0,1.0,0,11627000000.0,442000000.0,12069000000.0,2639000000.0,14708000000.0,14708000000.0,14146000000.0,3160000000.0,531000000.0,8652000000.0,0.3789916334,8121000000.0,0.3557317447,0.0,8121000000.0,0.3557317447,3015000000.0,5106000000.0,0.2236628849,0.49,0.46,10013500000,10834800000,https://www.sec.gov/Archives/edgar/data/70858/000007085817000037/0000070858-17-000037-index.htm,https://www.sec.gov/Archives/edgar/data/70858/000007085817000037/bac-630201710xq.htm,2.279822239976032,0.5099116193139261,0.9812752783741948,0.9812752783741948,69.9789284465971,27.062166075797677,19.66415339291956,27.062166075797677,45.93628601388126,242927510000.00003,530894510000.0,11.894218076772429,10.64118051601034,24.722929981681258,24.722929981681258,0.896454479366169,0.896454479366169,23.255267861053923,61.36090036985668,54.0295654386322,54.0295654386322,0.0210186158002442,0.0404482802297689,1.6857745943532347,0.2026245836713566,33.28328710124827,0.4528650421889921,2.56993670886076,1.86486999430632,0.0047256895688759,0.2248335291813552,0.5093083358885628,0.0,0.0328583043287533,0.0,0.0,0.0,0.0089360024530202,17.620571523979542,0.0066947164710216,0.0023417195265745,-122.0904778548959,-943665000000.0,196907000000.0,-1202468000000.0,-860681000000.0,80806000000.0,0.0,0.0,316.7287222392571,0.0,0.0,0.2841548419218322,0.0,0.0,0.0188422322842055,0.0,2017-07-18,0.43,bmo,21340152173.0,2025-04-25,2017-06-30,0.0697674418604651,23.31571428571429,83028060.46031746
2017-03-31,BAC,USD,70858,2017-05-02,2017-05-02 16:06:33,2017,Q1,22248000000.0,0.0,22248000000.0,1.0,0,11867000000.0,332000000.0,12199000000.0,2729000000.0,14928000000.0,14928000000.0,13710000000.0,2652000000.0,534000000.0,7854000000.0,0.3530204962,7320000000.0,0.3290183387,0.0,7320000000.0,0.3290183387,1983000000.0,5337000000.0,0.2398867314,0.43,0.41,10099600000,10919700000,https://www.sec.gov/Archives/edgar/data/70858/000007085817000025/0000070858-17-000025-index.htm,https://www.sec.gov/Archives/edgar/data/70858/000007085817000025/bac-331201710xq.htm,2.2028595191888787,0.5284367697730603,-1.2719315616460058,-1.2719315616460058,69.41344211651946,26.55085349914848,19.18967087805457,26.55085349914848,44.98168244286902,238249564000.0,509902564000.0,11.16027562300918,10.708808162531463,-18.54659536042348,-18.54659536042348,0.8884836790936518,0.8884836790936518,22.919029306005037,64.92265902724726,-39.69348933520162,-39.69348933520162,0.0224008804482009,-0.0539182518713864,1.6842809888384616,0.2009364234833725,34.58785332314744,0.454378867828092,2.760180995475113,-2.645387149917628,0.005267585715288,0.2351508338017613,0.5333962603380079,0.0,0.0330760185629672,0.0,0.0,0.0,0.0476447321107515,17.767528339661514,0.0070574140534707,0.0024556492355601,-120.55388332211176,-939415000000.0,193808000000.0,-1197228000000.0,-855751000000.0,81134000000.0,0.0,0.0,328.77022653721684,0.0,0.0,0.2737474160842603,0.0,0.0,0.0199028166755546,0.0,2017-04-18,0.35,bmo,18992195121.0,2025-04-25,2017-03-31,0.1714285714285714,23.731451612903225,98717981.27419356
2016-12-31,BAC,USD,70858,2017-02-23,2017-02-23 16:11:19,2016,Q4,19990000000.0,0.0,19990000000.0,1.0,0,10571000000.0,460000000.0,11031000000.0,2904000000.0,13935000000.0,13935000000.0,12865000000.0,2573000000.0,549000000.0,6604000000.0,0.3303651826,6055000000.0,0.3029014507,0.0,6055000000.0,0.3029014507,1359000000.0,4696000000.0,0.2349174587,0.43,0.4,10170031000,10958621000,https://www.sec.gov/Archives/edgar/data/70858/000007085817000013/0000070858-17-000013-index.htm,https://www.sec.gov/Archives/edgar/data/70858/000007085817000013/bac-1231201610xk.htm,1.9655790626400256,0.4617488383270415,-0.8216297472446249,-0.8216297472446249,51.6902062540419,26.174453155550857,19.12275390311003,26.174453155550857,40.67155744166365,224757685100.0,478216685100.0,11.96537931750426,11.243506008004005,-26.8977603039732,-26.897760303973197,0.8443347361896355,0.8443347361896355,23.92279565282641,72.41318672016959,-57.230335698899,-57.230335698899,0.0208936125939837,-0.0371778166174038,1.5441988016303838,0.1878635343433267,38.37961841308298,0.3642520964307092,2.3532841041585697,-1.7793867120954003,0.0051744615517042,0.2476575809199318,0.5288144072036018,0.0,0.0327759616136068,0.0,0.0,0.0,0.0074037018509254,16.490467704539988,0.0065519517030749,0.0022189135923105,-131.31071085230712,-1058882000000.0,194479000000.0,-1315185000000.0,-978027000000.0,78140000000.0,0.0,0.0,364.6643321660831,0.0,0.0,0.2468023112252456,0.0,0.0,0.0176412028775897,0.0,2017-01-13,0.38,bmo,18990500000.0,2025-04-25,2016-12-31,0.0789473684210525,19.26,115672015.57142857
2016-09-30,BAC,USD,70858,2016-11-01,2016-11-01 16:08:05,2016,Q3,21635000000.0,0.0,21635000000.0,1.0,0,10906000000.0,410000000.0,11316000000.0,3015000000.0,14331000000.0,14331000000.0,12610000000.0,2409000000.0,564000000.0,7868000000.0,0.3636699792,7304000000.0,0.3376011093,0.0,7304000000.0,0.3376011093,2349000000.0,4955000000.0,0.2290270395,0.43,0.41,10250124000,11000473000,https://www.sec.gov/Archives/edgar/data/70858/000007085816000222/0000070858-16-000222-index.htm,https://www.sec.gov/Archives/edgar/data/70858/000007085816000222/bac-930201610xq.htm,2.1107061729204446,0.4834087860790757,0.0513164523668201,0.0513164523668201,52.49956000532286,26.34924221404541,18.994306800581143,26.34924221404541,42.207196712937325,160414440600.0,438694440600.0,8.093564106962663,7.414580106309221,304.970419391635,304.970419391635,0.5939449746929648,0.5939449746929648,20.277071439796625,55.75679214539908,834.0198490494297,834.0198490494297,0.0308887403245415,0.0032790065410108,1.5929177326969857,0.195971965741575,35.3685815963396,0.3702806512814414,3.0319634703196345,0.0835185773261352,0.0073434785272068,0.2377396569122098,0.5040905939449966,0.0,0.0343408733329264,0.0,0.0,0.0,0.0057776750635544,16.92905023437206,0.0066618534607353,0.0023373468401004,-129.81706367649795,-1043200000000.0,194694000000.0,-1311820000000.0,-958678000000.0,77246000000.0,0.0,0.0,313.1758724289346,0.0,0.0,0.2873784602305935,0.0,0.0,0.0183462120903574,0.0,2016-10-17,0.34,bmo,17941219512.0,2025-04-25,2016-09-30,0.2058823529411763,14.89109375,83544402.953125
2016-06-30,BAC,USD,70858,2016-08-01,2016-08-01 16:49:01,2016,Q2,21286000000.0,0.0,21286000000.0,1.0,0,10934000000.0,414000000.0,11348000000.0,3121000000.0,14469000000.0,14469000000.0,12574000000.0,2456000000.0,562000000.0,7379000000.0,0.3466597764,6817000000.0,0.3202574462,0.0,6817000000.0,0.3202574462,2034000000.0,4783000000.0,0.2247016819,0.38,0.36,10328424000,11059167000,https://www.sec.gov/Archives/edgar/data/70858/000007085816000200/0000070858-16-000200-index.htm,https://www.sec.gov/Archives/edgar/data/70858/000007085816000200/bac-630201610xq.htm,2.060914617757753,0.4630909807730589,1.4806712040481684,1.4806712040481684,52.33460593794368,25.857671993326377,18.560818184846013,25.857671993326377,42.909353837526425,137058186480.0,399023186480.0,7.1638190717123145,6.438888775721131,8.962151734780619,8.962151734780619,0.5131939179762534,0.5131939179762534,18.74580411913934,54.07550975470931,26.09188429215981,26.09188429215981,0.0348975870966886,0.1115803469516329,1.6502476887995237,0.2015586691539274,35.50142295704025,0.3773479902725465,2.775651465798046,3.613657844990548,0.0064133345302089,0.1837758728831277,0.5136709574368129,0.0,0.0344666101712743,0.0,0.0,0.0,0.0061542798083247,16.414177724994186,0.0063320800677822,0.0022654889723783,-127.7639260355694,-1022620000000.0,191704000000.0,-1299798000000.0,-938105000000.0,78435000000.0,0.0,0.0,334.9018133984779,0.0,0.0,0.2687354812645187,0.0,0.0,0.0179092294500672,0.0,2016-07-18,0.33,bmo,19512166666.0,2025-04-25,2016-06-30,0.1212121212121211,14.0478125,94764776.65625
2016-03-31,BAC,USD,70858,2016-05-02,2016-05-02 16:10:57,2016,Q1,20790000000.0,0.0,20790000000.0,1.0,0,12294000000.0,419000000.0,12713000000.0,3100000000.0,15813000000.0,15813000000.0,13008000000.0,2523000000.0,566000000.0,5543000000.0,0.2666185666,4977000000.0,0.2393939394,0.0,4977000000.0,0.2393939394,1505000000.0,3472000000.0,0.167003367,0.29,0.28,10370094000,11100067000,https://www.sec.gov/Archives/edgar/data/70858/000007085816000166/0000070858-16-000166-index.htm,https://www.sec.gov/Archives/edgar/data/70858/000007085816000166/bac-331201610xq.htm,2.0048034280113565,0.3348089226577888,1.0456028653163607,1.0456028653163607,52.0770592822013,25.33978959110689,18.01391578514139,25.33978959110689,43.89670913301268,140203670880.0,407392670880.0,10.095310403225806,6.7438033131313135,12.93033947062621,12.93033947062621,0.5335482345419673,0.5335482345419673,19.595607064935063,73.49678348908533,37.57195157059854,37.57195157059854,0.024763973569363,0.0773374900381923,1.722722014186988,0.2071335686420211,48.20295868663179,0.3746374658086741,1.9726516052318668,4.04589552238806,0.0069470363642164,0.2805299539170507,0.5913419913419914,0.0,0.034760956084151,0.0,0.0,0.0,0.0399711399711399,13.816284674285807,0.0045893812398467,0.0016458658050521,-127.71644114315646,-1031104000000.0,186806000000.0,-1305016000000.0,-945776000000.0,78286000000.0,0.0,0.0,336.1991341991342,0.0,0.0,0.2676984883211867,0.0,0.0,0.0132127743781776,0.0,2016-04-14,0.22,bmo,20790000000.0,2025-04-25,2016-03-31,-0.0454545454545455,13.497868852459016,141573195.55737704
2015-12-31,BAC,USD,70858,2016-02-24,2016-02-24 16:47:44,2015,Q4,19490000000.0,0.0,19490000000.0,1.0,0,11112000000.0,481000000.0,11593000000.0,3050000000.0,14643000000.0,14643000000.0,12653000000.0,2897000000.0,583000000.0,5430000000.0,0.2786044125,4847000000.0,0.2486916367,0.0,4847000000.0,0.2486916367,1511000000.0,3336000000.0,0.1711646998,0.29,0.28,10399422000,11153169000,https://www.sec.gov/Archives/edgar/data/70858/000007085816000137/0000070858-16-000137-index.htm,https://www.sec.gov/Archives/edgar/data/70858/000007085816000137/bac-1231201510xk.htm,1.8741426206187228,0.3207870591269399,0.5260869306005661,0.5260869306005661,52.08183685593296,24.63367675626588,17.266344225669464,24.63367675626588,42.50717011003111,175022272259.99997,447078272260.0,13.116177477517985,8.980106324268855,31.99091066715408,31.99091066715408,0.6832110434232714,0.6832110434232714,22.938854400205237,82.33485676979743,81.71783444708463,81.71783444708463,0.0190604313206737,0.031258878823563,1.7142628505402535,0.2048014095128124,50.102394106814,0.3847307050605215,1.6731101139109423,2.024047354790973,0.0048565247669582,0.2547961630695444,0.5701385325808107,0.0,0.0357302917006911,0.0,0.0,0.0,0.1104669061056952,13.334118127864295,0.0045463279815857,0.0016134094834236,-123.78644697753394,-992366000000.0,179560000000.0,-1267580000000.0,-906265000000.0,83936500000.0,0.0,0.0,364.3868650590046,0.0,0.0,0.2469902420479026,0.0,0.0,0.0130222971706951,0.0,2016-01-19,0.26,bmo,17556275862.0,2025-04-25,2015-12-31,0.1153846153846152,16.91109375,79066740.09375
2015-09-30,BAC,USD,70858,2015-10-30,2015-10-30 16:57:30,2015,Q3,20992000000.0,0.0,20992000000.0,1.0,0,11087000000.0,445000000.0,11532000000.0,3213000000.0,14745000000.0,14745000000.0,12396000000.0,2496000000.0,595000000.0,6842000000.0,0.325933689,6247000000.0,0.2975895579,0.0,6247000000.0,0.2975895579,1628000000.0,4619000000.0,0.2200362043,0.39,0.37,10444291000,11197203000,https://www.sec.gov/Archives/edgar/data/70858/000007085815000103/0000070858-15-000103-index.htm,https://www.sec.gov/Archives/edgar/data/70858/000007085815000103/bac-930201510xq.htm,2.009901868877457,0.4422511781795432,3.341729946053782,3.318559392877889,65.29950190012897,24.50190252263174,17.15080516236095,24.50190252263174,45.33960227649728,162722053780.0,456855053780.0,8.807212263476943,7.7516222265625,4.662255852959715,4.694808245239469,0.6358689895859791,0.6358689895859791,21.76329333936738,66.77215050862321,13.089652563749928,13.181045983266012,0.0283858265840528,0.2130012447290044,1.840698696782009,0.218784341520646,42.98933060508623,0.4776910823191038,2.5028044871794872,7.74223602484472,0.0059057760007089,0.2080536912751678,0.5281535823170732,0.0,0.0356603743788916,0.0069337000744942,0.0115282012195121,0.4067226890756302,0.0,15.614412999250716,0.0059768817990427,0.0022247064268922,-109.9521020622654,-842981000000.0,179128000000.0,-1126131000000.0,-756650000000.0,89326500000.0,0.0,0.0,381.4153010670732,0.0,0.0,0.2359632656272832,0.0,0.0,0.0180496668685645,0.0231705531758929,2015-10-14,0.33,bmo,18722594594.0,2025-04-25,2015-09-30,0.0303030303030303,16.82515625,89263355.265625
2015-06-30,BAC,USD,70858,2015-07-29,2015-07-29 16:09:58,2015,Q2,21956000000.0,0.0,21956000000.0,1.0,0,11280000000.0,445000000.0,11725000000.0,3013000000.0,14738000000.0,14738000000.0,13105000000.0,2644000000.0,603000000.0,7821000000.0,0.3562124248,7218000000.0,0.3287484059,0.0,7218000000.0,0.3287484059,2084000000.0,5134000000.0,0.233831299,0.48,0.45,10488137000,11238060000,https://www.sec.gov/Archives/edgar/data/70858/000007085815000078/0000070858-15-000078-index.htm,https://www.sec.gov/Archives/edgar/data/70858/000007085815000078/bac-630201510xq.htm,2.093412776740045,0.4895054288478497,-0.7580945977345643,-0.7826938187401633,66.06731014287857,23.994633174604797,16.6068578242256,23.994633174604797,47.57613292046051,178508091740.0,503339091740.0,8.692447007206857,8.130264699398797,-22.45102398943529,-21.74541256425874,0.7093252843729014,0.7093252843729014,22.92489942339224,64.3573829101138,-63.30513039114577,-61.31551854549884,0.0287606009898854,-0.0459867108542986,1.972275976619155,0.2309600499573296,41.53317990026851,0.4859809311851006,2.729954614220877,-1.4945488721804512,0.0051370220311112,0.1786131671211531,0.5137547822918564,0.0,0.0360552694838704,-0.0324487485850836,0.0117507742758243,0.4278606965174129,0.000136636910184,16.256500916528427,0.0064857380716867,0.0024783374767686,-108.4257862001612,-827765000000.0,174175000000.0,-1114762000000.0,-740581000000.0,88862000000.0,0.0,0.0,367.6489342321005,0.0,0.0,0.2447987512543204,0.0,0.0,0.020400621475886,0.0245992210055989,2015-07-15,0.36,bmo,17181600000.0,2025-04-25,2015-06-30,0.0277777777777778,16.48047619047619,71864763.42857143
2015-03-31,BAC,USD,70858,2015-04-29,2015-04-29 16:14:38,2015,Q1,20914000000.0,0.0,20914000000.0,1.0,0,13214000000.0,440000000.0,13654000000.0,2938000000.0,16592000000.0,16592000000.0,11923000000.0,2512000000.0,608000000.0,4930000000.0,0.235727264,4322000000.0,0.2066558286,0.0,4322000000.0,0.2066558286,1225000000.0,3097000000.0,0.1480826241,0.28,0.27,10518790000,11266511000,https://www.sec.gov/Archives/edgar/data/70858/000007085815000048/0000070858-15-000048-index.htm,https://www.sec.gov/Archives/edgar/data/70858/000007085815000048/bac-331201510xq.htm,1.9882515004102184,0.2944254995108753,-0.446058909817574,-0.4630760762407083,64.74081144314127,23.784864989224047,16.411298257689335,23.784864989224047,45.38525819034319,161884178100.0,466809178100.0,13.067821932515336,7.740469451085397,-34.5021692455243,-33.234280045165264,0.6470501307017122,0.6470501307017122,22.32041589844124,94.68746006085192,-99.49044716538788,-95.83436216382673,0.0191309616316358,-0.0300894136608647,1.898116616304539,0.2215423515718121,61.85091277890466,0.4796643100173708,1.720541401273885,-1.3976764968722073,0.005225958521267,0.2731675815305134,0.6318255713875872,0.0,0.0361835184239192,-0.0381500426257459,0.0085588600937171,0.2944078947368421,0.0006694080520225,12.552473540826444,0.0039842636380945,0.0014990435550323,-108.97988266711285,-834236000000.0,172627000000.0,-1124328000000.0,-746842000000.0,87296000000.0,0.0,0.0,378.8400114755666,0.0,0.0,0.2375673035418133,0.0,0.0,0.0123786912241994,0.0170171664231342,2015-04-15,0.29,bmo,22463185185.0,2025-04-25,2015-03-31,0.0344827586206896,16.060491803278687,97989529.60655738
2014-12-31,BAC,USD,70858,2015-02-25,2015-02-25 16:06:24,2014,Q4,18745000000.0,0.0,18745000000.0,1.0,0,11273000000.0,491000000.0,11764000000.0,2671000000.0,14435000000.0,14435000000.0,12152000000.0,2517000000.0,642000000.0,4952000000.0,0.2641771139,4310000000.0,0.2299279808,0.0,4310000000.0,0.2299279808,1260000000.0,3050000000.0,0.162710056,0.26,0.25,10516334000,11273773000,https://www.sec.gov/Archives/edgar/data/70858/000007085815000008/0000070858-15-000008-index.htm,https://www.sec.gov/Archives/edgar/data/70858/000007085815000008/bac-12312014x10k.htm,1.7824652583305172,0.2900250220276381,-0.02966813340086,-0.0749310548714029,48.64223597310622,23.15169906166921,15.742368015317885,23.15169906166921,45.46308628082752,188137215260.0,517626215260.0,15.421083218032788,10.0366612568685,-603.0038950641026,-238.75281124365483,0.7727294637143644,0.7727294637143644,27.614095239263804,104.5287187520194,-1659.0583822435897,-656.8860599746193,0.0162115719411759,-0.0041884323572612,1.9533661093107595,0.2259825690627949,66.53655088852989,0.3807067405467166,1.7123559793404848,-0.1022950819672131,0.0044488805622177,0.2744262295081967,0.6013870365430781,0.0,0.0370243483830624,-1.5256410256410255,0.0253934382502,0.7414330218068536,0.1226993865030674,12.291373832188242,0.0039818895828546,0.0015049725774259,-122.15345195388431,-972919000000.0,165552000000.0,-1262967000000.0,-884951000000.0,89074000000.0,0.0,0.0,415.58922379301146,0.0,0.0,0.2165599944545853,0.0,0.0,0.0125271592920717,0.0452629214705428,2015-01-15,0.31,bmo,25261280000.0,2025-04-25,2014-12-31,0.032258064516129,17.1128125,75979550.9375
2014-09-30,BAC,USD,70858,2014-11-06,2014-11-06 16:39:42,2014,Q3,21200000000.0,0.0,21200000000.0,1.0,0,17267000000.0,446000000.0,17713000000.0,3056000000.0,20769000000.0,20769000000.0,12858000000.0,2639000000.0,625000000.0,1056000000.0,0.0498113208,431000000.0,0.0203301887,0.0,431000000.0,0.0203301887,663000000.0,-232000000.0,-0.0109433962,-0.01,-0.01,10515790000,10515790000,https://www.sec.gov/Archives/edgar/data/70858/000007085814000139/0000070858-14-000139-index.htm,https://www.sec.gov/Archives/edgar/data/70858/000007085814000139/bac-9302014x10q.htm,2.0160159151143184,-0.0220620609578548,-0.0427927906510114,-0.0649499466992018,60.19100799844805,22.697391256386823,15.196670911077533,22.697391256386823,47.92355115497742,179294219500.0,544091219500.0,-193.20497790948275,8.457274504716981,-398.4315988888889,-262.5098382137628,0.7511876500433634,0.7511876500433634,25.66468016509434,515.2378972537879,-1209.091598888889,-796.6196478770132,-0.0012939625195222,-0.0038093810380763,2.1003557048948176,0.2360670235113459,345.45170454545456,0.4555234288897313,0.1633194391815081,1.9396551724137927,0.0042667298596316,-3.2974137931034484,0.8144811320754717,0.0,0.0371423606843619,-0.5177777777777778,0.0109905660377358,0.3728,0.0,,-0.0002958300711267,-0.0001134620247004,-112.52445132510252,-866033000000.0,159805000000.0,-1160386000000.0,-777170000000.0,90815000000.0,0.0,0.0,388.8254716981132,0.0,0.0,0.2314663172835462,0.0,0.0,-0.0009720086642841,0.0221571560481903,2014-10-15,-0.06,bmo,190881000000.0,2025-04-25,2014-09-30,-0.8333333333333333,15.92125,73999451.8125
2014-06-30,BAC,USD,70858,2014-07-29,2014-07-29 16:34:39,2014,Q2,21390000000.0,0.0,21390000000.0,1.0,0,15617000000.0,450000000.0,16067000000.0,2528000000.0,18595000000.0,18595000000.0,12941000000.0,2928000000.0,626000000.0,3421000000.0,0.1599345489,2795000000.0,0.1306685367,0.0,2795000000.0,0.1306685367,504000000.0,2291000000.0,0.1071061244,0.19,0.19,10519359000,11265123000,https://www.sec.gov/Archives/edgar/data/70858/000007085814000088/0000070858-14-000088-index.htm,https://www.sec.gov/Archives/edgar/data/70858/000007085814000088/bac-6302014x10q.htm,2.033393859834995,0.2177889356186056,0.4542101852403744,0.4366235623292255,61.91993257383839,22.56896071329061,15.03266501314386,22.56896071329061,49.78449732535984,161682547830.0,520910547830.0,17.643228702531644,7.558791389901823,33.838959361657594,35.201948145003264,0.6810238271604938,0.6810238271604938,24.35299428845255,152.26850272727273,109.02271825659273,113.41400997822774,0.014169742070176,0.0284075186941591,2.193550425211974,0.2399259729184721,105.00672318035662,0.4527820459891977,0.9545765027322404,2.0855521606285463,0.0022265853973214,0.1571366215626364,0.7301075268817204,0.0,0.0365238047192494,0.0387191293428212,0.0086489013557737,0.2955271565495208,0.0,10.516347914781443,0.0028751391449378,0.0010955013197658,-115.4307976370043,-896030000000.0,158134000000.0,-1191748000000.0,-806608000000.0,89412000000.0,0.0,0.0,378.8499298737728,0.0,0.0,0.2375610839626832,0.0,0.0,0.0096499319745083,0.0175866229111488,2014-07-16,0.29,bmo,28666500000.0,2025-04-25,2014-06-30,-0.2413793103448275,15.531111111111112,78796815.92063493
2014-03-31,BAC,USD,70858,2014-05-01,2014-05-01 17:15:24,2014,Q1,21782000000.0,0.0,21782000000.0,1.0,0,19338000000.0,442000000.0,19780000000.0,2683000000.0,22463000000.0,22463000000.0,12935000000.0,2850000000.0,629000000.0,-52000000.0,-0.0023872923,-681000000.0,-0.0312643467,0.0,-681000000.0,-0.0312643467,-405000000.0,-276000000.0,-0.0126710128,-0.05,-0.05,10280000000,10560518000,https://www.sec.gov/Archives/edgar/data/70858/000007085814000056/0000070858-14-000056-index.htm,https://www.sec.gov/Archives/edgar/data/70858/000007085814000056/bac-3312014x10q.htm,2.1188715953307398,-0.0268482490272373,2.210408560311284,2.184533073929961,62.83686770428015,22.557198443579768,14.780544747081713,22.557198443579768,49.82023346303502,176816000000.0,521680000000.0,-160.15942028985506,8.117528234321917,7.781366896976631,7.873536091196509,0.7625060373973641,0.7625060373973641,23.950050500413184,-10032.307692307691,22.958236148395898,23.230173219931423,-0.0015609447108858,0.127007736856393,2.196327537431864,0.2369010689578022,-6632.0,0.4517997352218301,-0.2389473684210526,-82.32971014492753,0.0019455252918287,-1.2463768115942029,0.8877972637957947,0.0,0.0371858328786506,0.0117062007657439,0.0122119180975117,0.4228934817170111,0.0,,-0.0003547097356255,-0.0001333393239406,-117.2579766536965,-891520000000.0,151944000000.0,-1183216000000.0,-801225000000.0,86656500000.0,0.0,0.0,366.84234689192914,0.0,0.0,0.2453369976572355,0.0,0.0,-0.0011902297660939,0.0258754863813229,2014-04-16,0.05,bmo,11283000000.0,2025-04-25,2014-03-31,-2.0,16.822295081967216,115316538.62295082
2013-12-31,BAC,USD,70858,2014-02-25,2014-02-25 16:07:46,2013,Q4,21014000000.0,0.0,21014000000.0,1.0,0,8003000000.0,457000000.0,8460000000.0,8709000000.0,17169000000.0,17169000000.0,13712000000.0,2926000000.0,662000000.0,4507000000.0,0.2144760636,3845000000.0,0.1829732559,0.0,3845000000.0,0.1829732559,406000000.0,3439000000.0,0.1636528029,0.3,0.29,10633030000,11404438000,https://www.sec.gov/Archives/edgar/data/70858/000007085814000012/0000070858-14-000012-index.htm,https://www.sec.gov/Archives/edgar/data/70858/000007085814000012/bac-12312013x10k.htm,1.976294621570709,0.3234261541630184,1.1279945603463923,1.1121947365896645,44.01276023861496,21.883226135917983,14.3152986495853,21.883226135917983,46.71340154217565,165556277100.0,516473277100.0,12.035204790636811,7.878379989530789,13.803258054027014,13.99934695585997,0.7115038661710038,0.7115038661710038,24.577580522508804,114.59358267140004,43.06097024345506,43.67269381870455,0.0207723926886973,0.0714319034418538,2.122092098760126,0.2348786289887184,77.8604393166186,0.3491409516671964,1.3140806561859193,3.487641756324513,0.0021805274093107,0.1049723756906077,0.3808413438659941,0.0,0.0382776166558767,0.0140070035017508,0.0079946702198534,0.2537764350453172,0.1084990958408679,12.619277814952056,0.0045020690666355,0.0017009570170783,-125.85333155271827,-1029989000000.0,152215000000.0,-1317070000000.0,-939044000000.0,84591500000.0,0.0,0.0,362.0257923289235,0.0,0.0,0.248601071821505,0.0,0.0,0.0147796377076304,0.0157998237567278,2014-01-15,0.26,bmo,19265103448.0,2025-04-25,2013-12-31,0.1153846153846152,14.8340625,90142551.59375
2013-09-30,BAC,USD,70858,2013-10-30,2013-10-30 17:27:04,2013,Q3,20346000000.0,0.0,20346000000.0,1.0,0,13272000000.0,511000000.0,13783000000.0,1718000000.0,15501000000.0,15501000000.0,13382000000.0,3116000000.0,658000000.0,5503000000.0,0.2704708542,4845000000.0,0.238130345,0.0,4845000000.0,0.238130345,2348000000.0,2497000000.0,0.1227268259,0.21,0.2,10718918000,11482226000,https://www.sec.gov/Archives/edgar/data/70858/000007085813000248/0000070858-13-000248-index.htm,https://www.sec.gov/Archives/edgar/data/70858/000007085813000248/bac-9302013x10q.htm,1.8981393457809828,0.2329526170458623,0.7675214979720901,0.7437317833758967,56.27778848574082,21.6702842581686,14.132023400123035,21.6702842581686,49.02453773785749,147921068400.0,534613068400.0,14.80987869443332,7.270277617222059,17.979952400632065,18.555076317109883,0.636816750329341,0.636816750329341,26.27607728300403,97.14938549881884,64.9827480734168,67.06134826894129,0.0168806244236132,0.053893607491007,2.248878518352692,0.2456319860362739,70.26930765037253,0.4314224395285712,1.554878048780488,3.2947537044453346,0.0024472511178806,0.144973968762515,0.6523149513417871,0.0,0.0379949150143441,0.0309955026133463,0.0125331760542612,0.3875379939209726,0.0,10.65754953901378,0.0031242805521355,0.0012205189918522,-114.53054310145856,-906581000000.0,151480000000.0,-1206480000000.0,-815076000000.0,88046000000.0,0.0,0.0,374.464759657918,0.0,0.0,0.2403430434474449,0.0,0.0,0.0107498643889754,0.0237897145961933,2013-10-16,0.18,bmo,19376999999.0,2025-04-25,2013-09-30,0.1111111111111112,14.275,95487682.875
2013-06-30,BAC,USD,70858,2013-08-01,2013-08-01 16:30:20,2013,Q2,22047000000.0,0.0,22047000000.0,1.0,0,12972000000.0,437000000.0,13409000000.0,3140000000.0,16549000000.0,16549000000.0,13825000000.0,3276000000.0,676000000.0,6174000000.0,0.2800381004,5498000000.0,0.2493763324,0.0,5498000000.0,0.2493763324,1486000000.0,4012000000.0,0.1819748719,0.33,0.32,10775867000,11524510000,https://www.sec.gov/Archives/edgar/data/70858/000007085813000216/0000070858-13-000216-index.htm,https://www.sec.gov/Archives/edgar/data/70858/000007085813000216/bac-6302013x10q.htm,2.0459606637684,0.3723134296293746,4.280676441162461,4.271582045324056,54.23777038079627,21.43975978916592,13.841948865924198,21.43975978916592,50.56066486343976,139331960310.0,569146960310.0,8.682200916625124,6.319769597224112,3.020550648413111,3.026981540517054,0.6030851150922816,0.6030851150922816,25.81516579625346,92.18447688856494,12.338426992499134,12.36469607451662,0.0287945421213746,0.3303621071402982,2.3440865334672254,0.2550529359682007,69.6169420149012,0.4274377148581272,1.6782661782661783,11.497507477567298,0.0033875931907499,0.1176470588235294,0.5883793713430399,0.0,0.0385589548443004,0.0021245230662504,0.0044450492130448,0.1449704142011834,0.0,13.401566557478354,0.0048859915018821,0.0019652726717862,-115.0023937749046,-905379000000.0,149159000000.0,-1216391000000.0,-812670000000.0,92943000000.0,0.0,0.0,373.267111171588,0.0,0.0,0.2411141975983726,0.0,0.0,0.0173655597492988,0.0090943958384044,2013-07-17,0.25,bmo,17755468750.0,2025-04-25,2013-06-30,0.28,12.7503125,131852234.9375
2013-03-31,BAC,USD,70858,2013-05-07,2013-05-07 17:12:00,2013,Q1,22634000000.0,0.0,22634000000.0,1.0,0,16442000000.0,429000000.0,16871000000.0,3779000000.0,20650000000.0,20650000000.0,14101000000.0,3437000000.0,687000000.0,2671000000.0,0.1180083061,1984000000.0,0.0876557392,0.0,1984000000.0,0.0876557392,501000000.0,1483000000.0,0.0655208978,0.21,0.2,10798975000,11154778000,https://www.sec.gov/Archives/edgar/data/70858/000007085813000147/0000070858-13-000147-index.htm,https://www.sec.gov/Archives/edgar/data/70858/000007085813000147/bac-3312013x10q.htm,2.095939660940043,0.1373278482448565,2.4509733562676086,2.4509733562676086,59.43897453230515,21.973659537132,14.36136299972914,21.973659537132,53.09531691665181,131207546250.0,587425546250.0,22.118601862778156,5.7969226053724485,4.957214230391417,4.957214230391416,0.5529347526054287,0.5529347526054287,25.953236116020147,219.92719814676155,22.193801807843432,22.193801807843432,0.0113027035592474,0.2017262021619431,2.4018323338657277,0.2620622681703626,170.80419318607264,0.4573295405140181,0.5772475996508583,17.847606203641266,0.0036735691945767,0.3250168577208361,0.7264292657064593,0.0,0.037798547833176,0.0,0.0,0.0,0.0394539188830962,8.239896607466424,0.001734389326547,0.0007086830155967,-113.4190976458414,-873732000000.0,155088000000.0,-1201198000000.0,-780442000000.0,94840000000.0,0.0,0.0,375.55535919413273,0.0,0.0,0.2396450957140437,0.0,0.0,0.0062496575963049,0.0,2013-04-17,0.22,bmo,25516699999.0,2025-04-25,2013-03-31,-0.0909090909090908,11.835333333333333,163401740.46666667
2012-12-31,BAC,USD,70858,2013-02-28,2013-02-28 16:03:27,2012,Q4,16538000000.0,0.0,16538000000.0,1.0,0,16570000000.0,480000000.0,17050000000.0,1392000000.0,18442000000.0,18442000000.0,13971000000.0,3647000000.0,736000000.0,-1168000000.0,-0.0706252268,-1904000000.0,-0.1151287943,0.0,-1904000000.0,-0.1151287943,-2636000000.0,732000000.0,0.0442617003,0.03,0.03,10777204000,10884921000,https://www.sec.gov/Archives/edgar/data/70858/000007085813000097/0000070858-13-000097-index.htm,https://www.sec.gov/Archives/edgar/data/70858/000007085813000097/bac-12312012x10k.htm,1.53453530247734,0.0679211416987188,-2.404055820043863,-2.3905087070820965,61.98926920191917,21.986778760056875,14.33071137931508,21.986778760056875,55.97203133577132,125123338440.0,595252338440.0,42.7333806147541,7.565808346837586,-4.829338779574664,-4.856706844699763,0.5280446092945525,0.5280446092945525,35.99300631515298,-509.6338514041096,-22.97473227218341,-23.10493104219229,0.005850227536496,-0.2059008360966491,2.530322085112848,0.271304096790279,-402.50770547945206,0.4622109376371928,-0.5220729366602687,-35.3948087431694,0.003772277865063,0.644808743169399,1.0019349377191922,0.0,0.0373357333615689,-0.0056351074916052,0.0088281533438142,0.1983695652173913,0.1390736485669367,5.796616263162038,0.0008294175834261,0.0003440717887925,-114.45668097217052,-888114000000.0,154445000000.0,-1209715000000.0,-793745000000.0,80786500000.0,0.0,0.0,518.2537187084291,0.0,0.0,0.1736601142473118,0.0,0.0,0.0030891811137932,0.0135471129617663,2013-01-17,0.02227,bmo,12440000000.0,2025-04-25,2012-12-31,0.3471037269869778,9.898387096774194,155770490.51612905
2012-09-30,BAC,USD,70858,2012-11-02,2012-11-02 16:07:38,2012,Q3,20190000000.0,0.0,20190000000.0,1.0,0,14156000000.0,479000000.0,14635000000.0,4445000000.0,19080000000.0,19080000000.0,13976000000.0,4038000000.0,752000000.0,1862000000.0,0.0922238732,1110000000.0,0.0549777117,0.0,1110000000.0,0.0549777117,770000000.0,340000000.0,0.0168400198,0.0,0.0,10776173000,10776173000,https://www.sec.gov/Archives/edgar/data/70858/000007085812000362/0000070858-12-000362-index.htm,https://www.sec.gov/Archives/edgar/data/70858/000007085812000362/bac-9302012x10q.htm,1.873577939032716,0.0315510896122398,0.8628295035723721,0.8628295035723721,30.94373113720427,22.14199790593562,14.996047298052844,22.14199790593562,55.656400467958335,96554510080.00002,569914510080.0,70.99596329411764,4.782293713719664,10.38443859754786,10.38443859754786,0.4046608638508672,0.4046608638508672,28.22756364933135,306.07653602577875,61.29431168853517,61.29431168853517,0.0035213269656517,0.0962979356665593,2.4966891025372373,0.2750140571203815,254.22126745435017,0.2634615156503505,0.274888558692422,27.34705882352941,0.0048780735318293,1.3852941176470588,0.7011391778107974,0.0,0.0355495110707324,0.0,0.0,0.0,0.0,3.9646681579666367,0.000354950886281,0.0001627451468439,-143.31110404407946,-1117678000000.0,161600000000.0,-1527760000000.0,-1028236000000.0,68899500000.0,0.0,0.0,295.72511144130755,0.0,0.0,0.3043366847047828,0.0,0.0,0.0014249432118219,0.0,2012-10-17,-0.07,bmo,45070392408.0,2025-04-25,2012-09-30,-1.4507142857142856,8.051111111111112,131693677.96825396
2012-06-30,BAC,USD,70858,2012-08-02,2012-08-02 16:15:42,2012,Q2,21600000000.0,0.0,21600000000.0,1.0,0,13693000000.0,449000000.0,14142000000.0,4311000000.0,18453000000.0,18453000000.0,13992000000.0,4444000000.0,763000000.0,3910000000.0,0.1810185185,3147000000.0,0.1456944444,0.0,3147000000.0,0.1456944444,684000000.0,2463000000.0,0.1140277778,0.19,0.19,10775695000,11556011000,https://www.sec.gov/Archives/edgar/data/70858/000007085812000308/0000070858-12-000308-index.htm,https://www.sec.gov/Archives/edgar/data/70858/000007085812000308/bac-6302012x10q.htm,2.0045110779397524,0.2285699437484079,1.7034632104936156,1.7034632104936156,32.55400231725193,21.898819519297827,14.178575024627182,21.898819519297827,58.57858820243149,88145185100.0,568859185100.0,8.946933120178644,4.080795606481481,4.801982191109174,4.801982191109175,0.3735361165377688,0.3735361165377688,26.33607338425925,145.4882826342711,30.99036746023099,30.99036746023099,0.0279425359105633,0.2082473362461632,2.65613306494332,0.2900617070843287,122.94475703324808,0.2686895965424469,0.7081458145814582,7.452699959399107,0.0054795959581007,0.1961023142509135,0.6339351851851852,0.0,0.0384991304363922,0.0,0.0,0.0,0.0,10.612340400583417,0.0026939496057514,0.0011854665554519,-141.10398447617533,-1149266000000.0,152784000000.0,-1502629000000.0,-1053422000000.0,72908000000.0,0.0,0.0,297.7416666666667,0.0,0.0,0.3022754625094461,0.0,0.0,0.0104375463502489,0.0,2012-07-18,0.14,bmo,18091294117.0,2025-04-25,2012-06-30,0.2142857142857142,7.91952380952381,200246645.968254
2012-03-31,BAC,USD,70858,2012-05-03,2012-05-03 16:07:38,2012,Q1,21513000000.0,0.0,21513000000.0,1.0,0,15821000000.0,465000000.0,16286000000.0,4508000000.0,20794000000.0,20794000000.0,15461000000.0,4615000000.0,787000000.0,1506000000.0,0.0700041835,719000000.0,0.033421652,0.0,719000000.0,0.033421652,66000000.0,653000000.0,0.0303537396,0.03,0.03,10651367000,10761917000,https://www.sec.gov/Archives/edgar/data/70858/000007085812000191/0000070858-12-000191-index.htm,https://www.sec.gov/Archives/edgar/data/70858/000007085812000191/bac-3312012x10q.htm,2.0197407525250046,0.0613066848602625,-1.4648823949076208,-1.4648823949076208,33.70891266820494,21.82809023480273,13.810809448214489,21.82809023480273,61.70776014008343,101933582190.0,605319582190.0,39.02510803598775,4.738231868637568,-6.5329476504518365,-6.5329476504518365,0.4384258951221295,0.4384258951221295,28.1373858685446,401.9386335922975,-38.795076728193294,-38.795076728193294,0.0064061321693064,-0.1530702607009008,2.8071389554363675,0.2991850829425762,334.2536520584329,0.2805447203835154,0.1557963163596966,-23.894333843797856,0.0047383795371745,0.7396630934150077,0.7354157951006368,0.0,0.0391459988292185,0.0,0.0,0.0,0.0,5.487228499465332,0.0006988980315264,0.0003115377752672,-144.03179422885344,-1111462000000.0,147104000000.0,-1515546000000.0,-1012963000000.0,81627000000.0,0.0,0.0,311.0779528657091,0.0,0.0,0.2893165496651335,0.0,0.0,0.0028086142305988,0.0,2012-04-19,0.12,bmo,11139000000.0,2025-04-25,2012-03-31,1.0,7.931129032258065,304185707.16129035
2011-12-31,BAC,USD,70858,2012-02-23,2012-02-23 16:13:53,2011,Q4,21443000000.0,0.0,21443000000.0,1.0,0,9664000000.0,523000000.0,10187000000.0,8824000000.0,19011000000.0,19011000000.0,15413000000.0,4712000000.0,845000000.0,3277000000.0,0.1528237653,2432000000.0,0.1134169659,0.0,2432000000.0,0.1134169659,441000000.0,1991000000.0,0.0928508138,0.15,0.15,10281397000,11124523000,https://www.sec.gov/Archives/edgar/data/70858/000007085812000155/0000070858-12-000155-index.htm,https://www.sec.gov/Archives/edgar/data/70858/000007085812000155/bac-12312011x10k.htm,2.0856115175787884,0.1936507266473612,2.3970477941859456,2.3420941726109787,57.53848431297809,22.38032438587869,14.06452839045122,22.38032438587869,61.03635527351001,57164567319.99999,533885567320.0,7.177871336012054,2.6658847791820173,2.3195198750253603,2.373943825581395,0.2484325027705224,0.2484325027705224,24.89789522548151,162.9190013182789,21.6630378299858,22.171327546511627,0.0348292673826189,0.4212399591026941,2.706754859822426,0.2925380663452081,145.47482453463533,0.4638021756318329,0.5161290322580645,12.378201908588649,0.0083093430470838,0.2385735811150175,0.4506832066408618,0.0,0.0401578923142102,0.0229255427064313,0.0263489250571282,0.6686390532544378,0.0,9.874929711061442,0.002182042154731,0.0009742858988386,-120.6739706676048,-786688000000.0,144603000000.0,-1218473000000.0,-687553000000.0,89099000000.0,0.0,0.0,373.1119712726764,0.0,0.0,0.2412144528437725,0.0,0.0,0.0086527220655277,0.0549536215749669,2012-01-19,0.15,bmo,24888000000.0,2025-04-25,2011-12-31,0.0,5.923809523809523,263171261.3968254
2011-09-30,BAC,USD,70858,2011-11-03,2011-11-03 16:07:19,2011,Q3,28538000000.0,0.0,28538000000.0,1.0,0,13353000000.0,556000000.0,13909000000.0,7196000000.0,21105000000.0,21105000000.0,15853000000.0,5363000000.0,871000000.0,8304000000.0,0.2909804471,7433000000.0,0.2604597379,0.0,7433000000.0,0.2604597379,1201000000.0,6232000000.0,0.2183754993,0.58,0.56,10116284000,10464395000,https://www.sec.gov/Archives/edgar/data/70858/000007085811000140/0000070858-11-000140-index.htm,https://www.sec.gov/Archives/edgar/data/70858/000007085811000140/bac-9302011x10q.htm,2.820996326319032,0.6160364813799217,-1.122744280409684,-1.147753463623599,27.440214213045028,22.760531436246747,14.097963244211016,22.760531436246747,67.8424014193354,61911658080.0,641666658080.0,2.4836191463414634,2.1694462849533958,-5.450929572107765,-5.332155549048316,0.2688865159911749,0.2688865159911749,22.48464006167216,77.27199639691715,-56.49468727592886,-55.263685994315736,0.1006595557810329,-0.1875414156247711,2.957411879158488,0.3067856415579547,69.8163535645472,0.2396272762125703,1.3859779973895208,-1.8225288831835689,0.0071876608348138,0.0714056482670089,0.4679024458616581,0.0,0.0394809400494136,-0.0222750484240183,0.0088653724858083,0.2904707233065442,0.0,17.761746768188573,0.0064213925519265,0.002923083778339,-162.58998857683315,-1164212000000.0,142619000000.0,-1622481000000.0,-1063027000000.0,87926000000.0,0.0,0.0,281.6308080454131,0.0,0.0,0.3195673109224877,0.0,0.0,0.0270659972551812,0.0250091832139153,2011-10-18,0.19,bmo,17438935483.0,2025-04-25,2011-09-30,0.631578947368421,8.20859375,274028131.8125
2011-06-30,BAC,USD,70858,2011-08-04,2011-08-04 16:29:52,2011,Q2,12069000000.0,0.0,12069000000.0,1.0,0,16548000000.0,560000000.0,17108000000.0,7836000000.0,24944000000.0,24944000000.0,17048000000.0,5802000000.0,877000000.0,-11998000000.0,-0.9941171597,-12875000000.0,-1.0667826663,0.0,-12875000000.0,-1.0667826663,-4049000000.0,-8826000000.0,-0.7312950534,-0.9,-0.9,10094928000,10094928000,https://www.sec.gov/Archives/edgar/data/70858/000095012311072937/0000950123-11-072937-index.htm,https://www.sec.gov/Archives/edgar/data/70858/000095012311072937/g27236e10vq.htm,1.1955508746570556,-0.8743004407758035,5.129209440622063,5.1156382690396605,33.35902940565797,22.008676040086662,12.806827349338205,22.008676040086662,71.58188745873176,110640410880.00002,687634410880.0,-3.1339341400407887,9.16732213770818,2.1367815307363998,2.1424501545253865,0.4979854299294253,0.4979854299294253,56.97525982931477,-57.31241964327388,13.280179433361017,13.31541014832888,-0.0797719380269893,0.4667553165182171,3.226325075615728,0.3169884478925795,-48.09084847474579,0.2716867663198701,-2.219062392278525,-5.86664400634489,0.0036424304356307,-0.0456605483797869,1.3711160825254785,0.0,0.0410786801862099,0.0026458602908515,0.0113513961388681,0.1562143671607753,0.0,,-0.0088846207275604,-0.0040702315549474,-162.20754620538156,-1134763000000.0,129284000000.0,-1615836000000.0,-1028078000000.0,91934000000.0,0.0,0.0,645.413870246085,0.0,0.0,0.1394454072790294,0.0,0.0,-0.0397252628546737,0.0135711715824025,2011-07-19,-0.9,bmo,13236000000.0,2025-04-25,2011-06-30,-0.0,11.86063492063492,139879338.2857143
2011-03-31,BAC,USD,70858,2011-05-05,2011-05-05 15:53:07,2011,Q1,25490000000.0,0.0,25490000000.0,1.0,0,16691000000.0,564000000.0,17255000000.0,5455000000.0,22710000000.0,22710000000.0,17922000000.0,5743000000.0,892000000.0,3672000000.0,0.1440564927,2780000000.0,0.1090623774,0.0,2780000000.0,0.1090623774,731000000.0,2049000000.0,0.0803844645,0.17,0.17,10075875000,10181351000,https://www.sec.gov/Archives/edgar/data/70858/000095012311045620/0000950123-11-045620-index.htm,https://www.sec.gov/Archives/edgar/data/70858/000095012311045620/g26405e10vq.htm,2.5298051037751064,0.2033570285459079,-0.0571662510700063,-0.0921011822794546,32.75249047849442,22.913741982706217,13.089384296649174,22.913741982706217,75.33082734750084,134311413750.0,766343413750.0,16.387434571742315,5.269180610043154,-233.17953776041665,-144.73212688577587,0.5817469713179368,0.5817469713179368,30.064472881522164,208.6991867510893,-1330.4573155381945,-825.8010924030173,0.0152555910387027,-0.006909315999959,3.2627081203763058,0.3311806560646322,172.1220043572985,0.2746819959131437,0.484067560508445,-0.281112737920937,0.0030898342025679,0.2025378233284529,0.6548058061985093,0.0,0.04352060116103,-0.6111111111111112,0.0138093369948999,0.3946188340807174,0.0,10.23926686123533,0.0019746390429216,0.0009418338318295,-162.83027528626545,-1128391000000.0,131887000000.0,-1616328000000.0,-1015251000000.0,102419000000.0,0.0,0.0,343.61004315417813,0.0,0.0,0.2619248237736081,0.0,0.0,0.0088748938824303,0.0349349312094483,2011-04-15,0.27,bmo,42687000000.0,2025-04-25,2011-03-31,-0.3703703703703703,14.212903225806452,172962568.38709676
2010-12-31,BAC,USD,70858,2011-02-25,2011-02-25 16:27:28,2010,Q4,35814000000.0,0.0,35814000000.0,1.0,0,14888000000.0,484000000.0,15372000000.0,24037000000.0,39409000000.0,39409000000.0,18290000000.0,5851000000.0,950000000.0,-2645000000.0,-0.0738538002,-3595000000.0,-0.1003797398,0.0,-3595000000.0,-0.1003797398,-2351000000.0,-1244000000.0,-0.0347350198,-0.16,-0.16,10036575000,10036575000,https://www.sec.gov/Archives/edgar/data/70858/000095012311018743/0000950123-11-018743-index.htm,https://www.sec.gov/Archives/edgar/data/70858/000095012311018743/g25571e10vk.htm,3.568348764394228,-0.1239466650724973,0.5192010222610801,0.4677890615075362,66.47267618684661,22.741622515649013,12.881585600665566,22.741622515649013,75.68348764394229,133887910500.0,752779910500.0,-26.90673442524116,3.738423814709331,25.69332383419689,28.517126837060705,0.5865896327678666,0.5865896327678666,21.01915202155581,-284.6048810964083,144.4597794089426,160.33650915867943,-0.0092913542033356,0.0350666462899202,3.3023378079983177,0.3327957105561415,-233.98563327032136,0.5055602108181341,-0.6144248846351051,-4.188906752411576,0.0031593591865039,-0.340032154340836,0.4157033562294075,0.0,0.0436931461705525,0.0990213010938399,0.014407773496398,0.5431578947368421,0.0,,-0.0011985578766641,-0.0005743443517572,-128.41661622615285,-757638000000.0,129287000000.0,-1261983000000.0,-644371000000.0,93059500000.0,0.0,0.0,270.19601273245104,0.0,0.0,0.3330915178571428,0.0,0.0,-0.0054502120500508,0.0514119607535439,2011-01-21,0.14,bmo,78393000000.0,2025-04-25,2010-12-31,-0.7142857142857143,12.2409375,213743416.9375
2010-09-30,BAC,USD,70858,2010-11-05,2010-11-05 13:44:37,2010,Q3,26466000000.0,0.0,26466000000.0,1.0,0,13052000000.0,497000000.0,13549000000.0,18829000000.0,32378000000.0,32378000000.0,18209000000.0,5774000000.0,964000000.0,-4948000000.0,-0.1869568503,-5912000000.0,-0.2233809416,0.0,-5912000000.0,-0.2233809416,1387000000.0,-7299000000.0,-0.2757878032,-0.77,-0.77,9976351000,9976351000,https://www.sec.gov/Archives/edgar/data/70858/000095012310101545/0000950123-10-101545-index.htm,https://www.sec.gov/Archives/edgar/data/70858/000095012310101545/g24513e10vq.htm,2.652873781205172,-0.7316302323364525,3.8122155084559473,3.779939178162437,35.86050651184988,23.10413897826971,13.226379063848094,23.10413897826971,84.80605784620047,130690198100.0,820909198100.0,-4.476304908206603,4.938041188694929,3.436321994636096,3.4656642296473086,0.5669979743595306,0.5669979743595306,31.017501628504498,-165.9072752829426,21.58469704722339,21.769005518430124,-0.0558496360562177,0.288544975432247,3.6455497950063993,0.3591466281425506,-139.49454324979789,0.2781727739312313,-1.023900242466228,-5.210576791341279,0.0034356057801399,-0.0615152760652144,0.4931610368019345,0.0,0.0421189403588555,0.0084665544804375,0.0121665533136854,0.3340248962655601,0.0,,-0.0064454201223561,-0.0032568595289132,-169.64707336379806,-1132295000000.0,131951000000.0,-1672809000000.0,-1019431000000.0,82532500000.0,0.0,0.0,267.2829290410337,0.0,0.0,0.3367218412447995,0.0,0.0,-0.0316666305125924,0.0322763302935111,2010-10-19,0.16,bmo,15025570310.0,2025-04-25,2010-09-30,0.6875000000000001,13.67046875,149054809.5
2010-06-30,BAC,USD,70858,2010-08-06,2010-08-06 14:56:54,2010,Q2,26513000000.0,0.0,26513000000.0,1.0,0,13372000000.0,495000000.0,13867000000.0,8851000000.0,22718000000.0,22718000000.0,19119000000.0,6219000000.0,986000000.0,4781000000.0,0.1803266322,3795000000.0,0.1431373289,0.0,3795000000.0,0.1431373289,672000000.0,3123000000.0,0.1177912722,0.28,0.27,9956773000,10029776000,https://www.sec.gov/Archives/edgar/data/70858/000095012310074181/0000950123-10-074181-index.htm,https://www.sec.gov/Archives/edgar/data/70858/000095012310074181/g24023e10vq.htm,2.662810531082711,0.3136558401000002,1.5542184199639784,1.5606462053518746,37.073055697865165,23.418631719333163,12.206364451614997,23.418631719333163,88.06779063859345,143078828010.0,841978828010.0,11.45363656820365,5.3965536910195,9.245804717932147,9.207724307226975,0.6136139878802953,0.6136139878802953,31.757206955455818,176.10935536707802,54.408971115347335,54.18487856425767,0.0218271287473904,0.1086044680133524,3.733915445118238,0.3683151160931317,146.18280694415395,0.2887468374326291,0.6102267245537868,4.955171309638168,0.0030752278734715,0.1408901697086135,0.5043563534869686,0.0,0.0472266335233882,0.0041357027463651,0.0024139101572813,0.0649087221095334,0.0,12.85578813737995,0.0026769756946379,0.0013866195432103,-170.40927818681817,-1122238000000.0,121536000000.0,-1675110000000.0,-996064000000.0,85051000000.0,0.0,0.0,293.5141251461547,0.0,0.0,0.3066291952906345,0.0,0.0,0.0133934315146628,0.0064277853878962,2010-07-16,0.22,bmo,23754296296.0,2025-04-25,2010-06-30,0.2272727272727273,16.733492063492065,189295971.1746032
2010-03-31,BAC,USD,70858,2010-05-07,2010-05-07 07:49:12,2010,Q1,31945000000.0,0.0,31945000000.0,1.0,0,14019000000.0,487000000.0,14506000000.0,13050000000.0,27556000000.0,27556000000.0,19879000000.0,6130000000.0,1012000000.0,5401000000.0,0.1690718422,4389000000.0,0.1373923932,0.0,4389000000.0,0.1373923932,1207000000.0,3182000000.0,0.0996087025,0.28,0.28,9177468000,10005254000,https://www.sec.gov/Archives/edgar/data/70858/000119312510111878/0001193125-10-111878-index.htm,https://www.sec.gov/Archives/edgar/data/70858/000119312510111878/d10q.htm,3.480807560429521,0.3467187245981135,2.601589022157309,2.57838000633726,40.43250273386952,25.04209221977129,12.2935868585976,25.04209221977129,95.21035649484148,163817803800.0,866427803800.0,12.8706634035198,5.128120325559555,6.86119131345284,6.922951603769598,0.7127998668540574,0.7127998668540574,27.12248564094537,160.41988591001666,36.288649849220974,36.615298305371255,0.0194240181847682,0.144447059178558,3.7753401530743225,0.3710009834523453,130.0888724310313,0.2933012190567355,0.7159869494290375,7.50345694531741,0.0027469541744643,0.1414204902576995,0.4388480200344342,0.0,0.0500273656304784,0.0089210923102697,0.0066677101267804,0.2104743083003952,0.0,13.977040144587749,0.0027804720336243,0.0014322359309376,-182.5211485346503,-1095593000000.0,112824000000.0,-1654173000000.0,-963447000000.0,93770000000.0,0.0,0.0,235.6312411958053,0.0,0.0,0.3819527476206418,0.0,0.0,0.0138454375758736,0.0232090158200497,2010-04-16,0.09,bmo,10275749999.0,2025-04-25,2010-03-31,2.111111111111112,16.23245901639344,204560471.5409836
2009-12-31,BAC,USD,70858,2010-02-26,2010-02-26 07:51:04,2009,Q4,20856000000.0,0.0,20856000000.0,1.0,0,11843000000.0,443000000.0,12286000000.0,9989000000.0,22275000000.0,22275000000.0,17645000000.0,6086000000.0,1013000000.0,-406000000.0,-0.0194668201,-1419000000.0,-0.0680379747,0.0,-1419000000.0,-0.0680379747,-1225000000.0,-194000000.0,-0.0093018796,-0.6,-0.6,8634565000,8634565000,https://www.sec.gov/Archives/edgar/data/70858/000119312510041666/0001193125-10-041666-index.htm,https://www.sec.gov/Archives/edgar/data/70858/000119312510041666/d10k.htm,2.4154083037188325,-0.0224678371174459,3.712288922487699,3.63029289836836,72.88705337211545,26.80436130829984,13.125154538763676,26.80436130829984,89.09725041157256,130036548900.0,747725548900.0,-167.57287229381444,6.234970699079402,4.056796309352967,4.148425601352645,0.561848865816353,0.561848865816353,35.851819567510546,-1841.68854408867,23.32705899107756,23.85393826644548,-0.0014918882548104,0.2410553053365445,3.297687561569969,0.3422200022239838,-1521.4014778325122,0.4857240895968882,-0.2331580676963522,-165.22680412371133,0.0102278937056595,-6.855670103092783,0.5678461833525125,0.0,0.0529604094999982,0.0220877269607537,0.0339470655926352,0.6989141164856861,0.0,,-0.0001855864387971,-9.185092878333504e-05,-149.57464562488093,-776354000000.0,113330000000.0,-1265536000000.0,-642740000000.0,51952000000.0,0.0,0.0,448.3774453394706,0.0,0.0,0.2007237449953803,0.0,0.0,-0.00083821572389,0.0819960241193389,2010-01-20,-0.52,bmo,21732533333.0,2025-04-25,2009-12-31,0.1538461538461537,15.95578125,201240320.6875
2009-09-30,BAC,USD,70858,2009-11-06,2009-11-06 17:07:00,2009,Q3,26271000000.0,0.0,26271000000.0,1.0,0,12333000000.0,470000000.0,12803000000.0,15444000000.0,28247000000.0,28247000000.0,18523000000.0,7100000000.0,1096000000.0,-880000000.0,-0.0334970119,-1976000000.0,-0.0752160177,0.0,-1976000000.0,-0.0752160177,-975000000.0,-1001000000.0,-0.0381028511,-0.26,-0.26,8633834000,8633834000,https://www.sec.gov/Archives/edgar/data/70858/000119312509227720/0001193125-09-227720-index.htm,https://www.sec.gov/Archives/edgar/data/70858/000119312509227720/d10q.htm,3.0427965142716435,-0.1159392223663322,3.713993111287523,3.680172678789052,44.04092087014877,29.84572091610749,16.343724004885892,29.84572091610749,89.79162675585377,146084471280.0,738826471280.0,-36.48463318681319,5.560674176087701,4.555743506517808,4.59761035060112,0.5669154398233489,0.5669154398233489,28.123271717102508,-839.5755355454545,23.040805566020083,23.252548350223453,-0.0068521999034475,0.2175042954367052,2.980972745582751,0.3412400385065945,-673.5704545454546,0.256150434370217,-0.2783098591549295,-32.03396603396603,0.0078584670221356,-1.1468531468531469,0.4694530090213543,0.0,0.0517866606724083,0.0091062184244994,0.0111149175897377,0.2664233576642336,0.0,,-0.0009281813857442,-0.0004689690972321,-186.83680969543772,-1104206000000.0,141109000000.0,-1613118000000.0,-972259000000.0,0.0,0.0,0.0,0.0,0.0,0.0,0.0,0.0,0.0,-0.0038846179220204,0.0338204324984705,2009-10-16,-0.21,bmo,21028269230.0,2025-04-25,2009-09-30,0.2380952380952382,15.54421875,259124922.625
2009-06-30,BAC,USD,70858,2009-08-07,2009-08-07 14:56:02,2009,Q2,27857000000.0,0.0,27857000000.0,1.0,0,12797000000.0,499000000.0,13296000000.0,12182000000.0,25478000000.0,25478000000.0,19592000000.0,7962000000.0,1107000000.0,3486000000.0,0.1251391033,2379000000.0,0.085400438,0.0,2379000000.0,0.085400438,-845000000.0,3224000000.0,0.1157339268,0.33,0.33,7241515000,7269518000,https://www.sec.gov/Archives/edgar/data/70858/000119312509168935/0001193125-09-168935-index.htm,https://www.sec.gov/Archives/edgar/data/70858/000119312509168935/d10q.htm,3.8468469650342505,0.4452107052184522,1.4933339225286422,1.3954262333227232,50.479354113055074,35.23461596088664,18.891626959275783,35.23461596088664,112.54882438274312,95587998000.0,736573998000.0,7.412220688585607,3.4313816275980904,8.83928222674311,9.459475309252843,0.3746315843105286,0.3746315843105286,26.441253473094733,211.29489328743543,68.11300147956352,72.89203344878773,0.0337280837286706,0.1057141085850547,3.1630635856273908,0.3579950975738935,183.8743545611015,0.2435754003818078,0.2987942727957799,3.3542183622828783,0.013474494988377,0.3995037220843672,0.4593818429838102,0.0,0.0524965911016441,0.0655631588681339,0.0254514125713465,0.6404697380307136,0.0,18.7870603062606,0.0028953385408715,0.0015093307915653,-225.60127266186703,-1135208000000.0,136804000000.0,-1633695000000.0,-1001193000000.0,0.0,0.0,0.0,0.0,0.0,0.0,0.0,0.0,0.0,0.01263560544303,0.0979076892059189,2009-07-17,0.28,bmo,27808242424.0,2025-04-25,2009-06-30,0.1785714285714285,10.892063492063492,474651954.031746
2009-03-31,BAC,USD,70858,2009-05-07,2009-05-07 16:06:51,2009,Q1,34927000000.0,0.0,34927000000.0,1.0,0,13041000000.0,521000000.0,13562000000.0,15989000000.0,29551000000.0,29551000000.0,22156000000.0,9659000000.0,1098000000.0,6474000000.0,0.1853580325,5376000000.0,0.1539210353,0.0,5376000000.0,0.1539210353,1129000000.0,4247000000.0,0.1215964726,0.44,0.44,6370815000,6393407000,https://www.sec.gov/Archives/edgar/data/70858/000119312509103338/0001193125-09-103338-index.htm,https://www.sec.gov/Archives/edgar/data/70858/000119312509103338/d10q.htm,5.482344095692623,0.6666337038510771,8.601254313616076,8.517905479911127,62.87076300284971,37.60099767455184,19.543967294608304,37.60099767455184,138.59451263299908,43448958300.0,719342958300.0,2.557626459854015,1.2439934234260028,0.7929076099056518,0.800666315925257,0.1813781660537092,0.1813781660537092,20.595612514673466,111.11259782205748,13.127414973447452,13.25586846828585,0.0977468773975186,1.2489597477875551,3.645604865810335,0.3761046149314179,104.40129749768305,0.2559215784997709,0.5565793560409981,12.902519425476807,0.0252480161302279,0.2582999764539675,0.373378761416669,0.0,0.0495434251105637,0.009690311513404,0.0152031379734875,0.4836065573770491,0.0,23.748412111893927,0.0035706118550703,0.001924397068319,-263.9969925354919,-1164543000000.0,124511000000.0,-1681876000000.0,-1033956000000.0,29892500000.0,0.0,0.0,0.0,0.0,0.0,0.0,0.0,0.0,0.0177291493598386,0.0833488337049498,2009-04-20,0.05,bmo,4063409090.0,2025-04-25,2009-03-31,7.8,6.733934426229508,398814803.147541
2008-12-31,BAC,USD,70858,2009-02-27,2009-02-27 16:56:02,2008,Q4,12937000000.0,0.0,12937000000.0,1.0,0,15175000000.0,555000000.0,15730000000.0,1009000000.0,16739000000.0,16739000000.0,21602000000.0,8496000000.0,888000000.0,-2914000000.0,-0.2252454201,-3802000000.0,-0.293885754,0.0,-3802000000.0,-0.293885754,-2013000000.0,-1789000000.0,-0.1382855376,-0.48,-0.48,4957049000,4957049000,https://www.sec.gov/Archives/edgar/data/70858/000119312509041126/0001193125-09-041126-index.htm,https://www.sec.gov/Archives/edgar/data/70858/000119312509041126/d10k.htm,2.60981886602291,-0.3609002049404797,-5.49560837506347,-5.610999608839856,91.51533503098317,35.717218046462726,14.832816863420152,35.717218046462726,129.3999716363506,69795249920.0,660314249920.0,-9.753388753493573,5.395010429002087,-2.5620457352617283,-2.509356795858201,0.3942076334636152,0.3942076334636152,51.04075519208472,-226.60063483870968,-24.23883158064753,-23.74035557345222,-0.025632116828159,-0.3985084949460125,3.574915843932856,0.3481660316082517,-202.6489361702128,0.3826178002667879,-0.4475047080979284,15.227501397428732,0.029128056742117,-1.136389044158748,1.172992192934993,0.0,0.0569462298872956,-0.0209969899420013,0.0442142691504985,0.6441441441441441,0.0,,-0.0021279708626192,-0.0010435028096998,-230.46095570166847,-828459000000.0,73527000000.0,-1127460000000.0,-711773000000.0,29892500000.0,0.0,0.0,415.91172605704566,0.0,0.0,0.2163920715898636,0.0,0.0,-0.0101043761154914,0.1153912337763859,2009-01-16,0.08,bmo,2613333333.0,2025-04-25,2008-12-31,-6.999999999999999,19.07140625,118872517.5625
2008-09-30,BAC,USD,70858,2008-11-06,2008-11-06 17:02:08,2008,Q3,20859000000.0,0.0,20859000000.0,1.0,0,8554000000.0,605000000.0,9159000000.0,10189000000.0,19348000000.0,19348000000.0,22196000000.0,10554000000.0,862000000.0,2373000000.0,0.1137638429,1511000000.0,0.0724387555,0.0,1511000000.0,0.0724387555,334000000.0,1177000000.0,0.0564264826,0.15,0.15,4543963000,4547578000,https://www.sec.gov/Archives/edgar/data/70858/000119312508228086/0001193125-08-228086-index.htm,https://www.sec.gov/Archives/edgar/data/70858/000119312508228086/d10q.htm,4.590486322181761,0.2590249964623392,4.418609922660021,4.326839809214996,49.71629390468188,35.44020935029621,10.780237427109332,35.44020935029621,140.8033031959107,159038705000.0,737239705000.0,33.7805235768904,7.624464499736325,7.921043181591792,8.089044555210824,0.9875788163115766,0.9875788163115766,35.34396207871902,310.6783417614833,36.718782000199226,37.497569045318144,0.0074007141846382,0.1236239945489998,3.907444780456908,0.3436319918828163,243.6582385166456,0.1813667717840191,0.1431684669319689,17.058623619371282,0.0213910192490563,2.890399320305862,0.4100867730955463,0.0,0.0611923369504968,0.0207690008965036,0.0199913706313821,0.4837587006960557,0.0,14.371769281673824,0.001229723150348,0.000684651418194,-317.83467427001494,-1019683000000.0,48985000000.0,-1444229000000.0,-894629000000.0,0.0,0.0,0.0,0.0,0.0,0.0,0.0,0.0,0.0,0.0073087885543253,0.0917701134450258,2008-10-06,0.62,bmo,81100133333.0,2025-04-25,2008-09-30,-0.7580645161290323,29.79359375,97400869.6875
2008-06-30,BAC,USD,70858,2008-08-07,2008-08-07 16:07:25,2008,Q2,20315000000.0,0.0,20315000000.0,1.0,0,4420000000.0,571000000.0,4991000000.0,10403000000.0,15394000000.0,15394000000.0,20027000000.0,9406000000.0,795000000.0,5716000000.0,0.281368447,4921000000.0,0.2422348019,0.0,4921000000.0,0.2422348019,1511000000.0,3410000000.0,0.1678562638,0.73,0.72,4435719000,4457193000,https://www.sec.gov/Archives/edgar/data/70858/000119312508170071/0001193125-08-170071-index.htm,https://www.sec.gov/Archives/edgar/data/70858/000119312508170071/d10q.htm,4.579866308032587,0.7687592473734247,3.388402195901048,3.2355521168045134,48.382911541511085,36.67748114792664,34.51255591258148,36.67748114792664,142.45424473461912,105880612530.0,681585612530.0,7.76250825,5.211942531626876,7.044618265469062,7.37741168687291,0.6508080504145896,0.6508080504145896,33.55085466551809,119.24170967984604,45.348344147039256,47.49063632455407,0.0322060849339516,0.135548894713218,3.8261551038471695,0.3625662904987259,100.71815955213437,0.1787488339552238,0.5231766957261322,4.407624633431085,0.028749361448372,0.8926686217008798,0.2175732217573222,0.0,0.0055933017837641,0.0451097804391217,0.0333743539256706,0.8528301886792453,0.0,25.18756514758312,0.0036583625769892,0.0019973384440206,-301.99636180740936,-986027000000.0,153088000000.0,-1339571000000.0,-964797000000.0,0.0,0.0,0.0,0.0,0.0,0.0,0.0,0.0,0.0,0.0209599793473517,0.1528500790965342,2008-07-21,0.53,bmo,15024027777.0,2025-04-25,2008-06-30,0.3584905660377357,34.46125,47231086.75
2008-03-31,BAC,USD,70858,2008-05-08,2008-05-08 16:50:56,2008,Q1,17003000000.0,0.0,17003000000.0,1.0,0,4726000000.0,637000000.0,5363000000.0,9842000000.0,15205000000.0,15205000000.0,21859000000.0,11868000000.0,774000000.0,2572000000.0,0.1512674234,1798000000.0,0.1057460448,0.0,1798000000.0,0.1057460448,588000000.0,1210000000.0,0.0711639123,0.23,0.23,4427823000,4461201000,https://www.sec.gov/Archives/edgar/data/70858/000119312508107941/0001193125-08-107941-index.htm,https://www.sec.gov/Archives/edgar/data/70858/000119312508107941/d10q.htm,3.8400360628688186,0.2732719894178245,-0.8654365813628955,-0.962775612304286,48.55930329645065,35.3015466065378,14.712873572407933,35.3015466065378,141.21205838625437,167858769930.0,731933769930.0,34.68156403512397,9.872303118861378,-43.804480670668056,-39.37573772695285,1.0738906264514518,1.0738906264514518,43.047331055107925,284.5776710458787,-191.0056810882046,-171.6945273117523,0.0072084407654398,-0.0253963495727851,3.9242398070488576,0.3532354123404407,219.3137636080871,0.1780397345948331,0.151499831479609,-3.1669421487603304,0.0181640792510959,2.519834710743801,0.2779509498323825,0.0,0.0524980679550037,-0.112473903966597,0.0253484679174263,0.5568475452196382,0.0,14.732813278210964,0.0012880109598023,0.0007354107572968,-308.3187832937315,-992651000000.0,65146000000.0,-1365181000000.0,-890191000000.0,11182000000.0,0.0,0.0,0.0,0.0,0.0,0.0,0.0,0.0,0.0077410769693363,0.0973390309413903,2008-04-21,0.41,bmo,30430913043.0,2025-04-25,2008-03-31,-0.4390243902439024,40.14081967213115,49882985.114754096
2007-12-31,BAC,USD,70858,2008-02-28,2008-02-28 15:41:45,2007,Q4,8608000000.0,0.0,8608000000.0,1.0,0,13034000000.0,712000000.0,13746000000.0,-4223000000.0,9523000000.0,9523000000.0,23479000000.0,14315000000.0,799000000.0,-116000000.0,-0.0134758364,-915000000.0,-0.1062964684,0.0,-915000000.0,-0.1062964684,-1183000000.0,268000000.0,0.031133829,0.0,0.0,4427823000,4461201000,https://www.sec.gov/Archives/edgar/data/70858/000119312508041665/0001193125-08-041665-index.htm,https://www.sec.gov/Archives/edgar/data/70858/000119312508041665/d10k.htm,1.9440704833955649,0.0605263579867578,2.7616280054555027,2.575306194488804,97.04498124699204,33.15466765496272,12.56373617463932,33.15466765496272,141.00541055954585,182691976980.0,738419976980.0,170.42162031716418,21.22351033689591,14.940462625122668,16.021395858984476,1.2444703240396993,1.2444703240396993,85.78298989079926,-6365.689456724138,60.38763305364737,64.7566409699202,0.0014669500239156,0.0624165340399613,4.1554464145828085,0.3555491313982373,-4790.758620689655,0.3351059886791222,-0.0639189661194551,45.62686567164179,0.0158846603335935,10.828358208955224,1.5141728624535316,0.0,0.053138984441753,0.067468105986261,0.0958410780669145,1.032540675844806,0.0,6.719483155486419,0.0003439169055691,0.0001649664250236,-253.5042615750449,-896950000000.0,55630000000.0,-1116881000000.0,-794537000000.0,11182000000.0,0.0,0.0,233.8243494423792,0.0,0.0,0.3849043104990163,0.0,0.0,0.0018255757716122,0.1863218109666985,2008-01-22,0.18,bmo,46425600000.0,2025-04-25,2007-12-31,-0.7222222222222223,45.97078125,29646685.03125
2007-09-30,BAC,USD,70858,2007-11-09,2007-11-09 14:16:24,2007,Q3,16095000000.0,0.0,16095000000.0,1.0,0,4169000000.0,552000000.0,4721000000.0,6018000000.0,10739000000.0,10739000000.0,22033000000.0,13418000000.0,710000000.0,6066000000.0,0.3768872321,5356000000.0,0.3327741535,0.0,5356000000.0,0.3327741535,1658000000.0,3698000000.0,0.2297607953,0.83,0.82,4420616000,4475917000,https://www.sec.gov/Archives/edgar/data/70858/000119312507242080/0001193125-07-242080-index.htm,https://www.sec.gov/Archives/edgar/data/70858/000119312507242080/d10q.htm,3.6408952960401897,0.8365349987422568,0.345879397803383,0.2397855864431563,50.4793902026324,31.33273733796376,13.125998729588815,31.33273733796376,135.58065210821297,223859994240.0,766006994240.0,15.13385574905354,13.908666930102516,146.4094141530412,211.1886738113208,1.6162009547325102,1.6162009547325102,47.59285456601429,126.27876594790636,500.9856077436233,722.6481077735849,0.0165192535296654,0.0047351024179138,4.230250523427912,0.3711336027003419,89.37471150675898,0.2029245137177517,0.399165300342823,0.4134667387777176,0.0129277230164553,0.7825851811790157,0.2590245417831625,0.0,0.0509797860730204,0.3067364290385873,0.0291394843118981,0.6605633802816901,0.0,24.28468563243329,0.0042044657383794,0.0024681667888068,-275.3242986950235,-876520000000.0,58025000000.0,-1217103000000.0,-786273000000.0,0.0,0.0,0.0,0.0,0.0,0.0,0.0,0.0,0.0,0.0266984333261136,0.1060938113602267,2007-10-18,1.06,bmo,20808317073.0,2025-04-25,2007-09-30,-0.2264150943396227,49.47396825396826,28376519.444444444
2007-06-30,BAC,USD,70858,2007-08-08,2007-08-08 16:15:45,2007,Q2,19625000000.0,0.0,19625000000.0,1.0,0,4737000000.0,537000000.0,5274000000.0,5691000000.0,10965000000.0,10965000000.0,21232000000.0,12843000000.0,671000000.0,9331000000.0,0.4754649682,8660000000.0,0.4412738854,0.0,8660000000.0,0.4412738854,2899000000.0,5761000000.0,0.2935541401,1.29,1.28,4419246000,4476799000,https://www.sec.gov/Archives/edgar/data/70858/000119312507175583/0001193125-07-175583-index.htm,https://www.sec.gov/Archives/edgar/data/70858/000119312507175583/d10q.htm,4.4408027975813065,1.303616046719282,3.826444601635663,3.7153396755917183,52.28357959706248,30.71813608022726,13.051547707459598,30.71813608022726,127.344347881969,216056936940.0,717329936940.0,9.375843470751606,11.009270672101913,12.776873858072149,13.158958337292162,1.5915679217096006,1.5915679217096006,36.55184392050956,76.87599795734648,42.42045753636901,43.68901497898776,0.0266642676768108,0.0759938571403501,4.05096831699214,0.3584056925400118,53.721251741506805,0.2139359175567006,0.6742972825663786,2.9352542961291443,0.0117283899137369,0.4398541919805589,0.2413757961783439,0.0,0.0508831375186641,0.0290360733293908,0.0250191082802547,0.7317436661698957,0.0,30.016740998791708,0.0068998143601413,0.0039559537068954,-264.19755768291697,-848961000000.0,57678000000.0,-1167554000000.0,-761406000000.0,0.0,0.0,0.0,0.0,0.0,0.0,0.0,0.0,0.0,0.0424379930902903,0.111104926043945,2007-07-19,1.2,bmo,18398437500.0,2025-04-25,2007-06-30,0.0666666666666667,50.61460317460317,16513741.57142857
2007-03-31,BAC,USD,70858,2007-05-09,2007-05-09 16:22:00,2007,Q1,18155000000.0,0.0,18155000000.0,1.0,0,5025000000.0,555000000.0,5580000000.0,4752000000.0,10332000000.0,10332000000.0,20560000000.0,12292000000.0,664000000.0,8487000000.0,0.4674745249,7823000000.0,0.4309005784,0.0,7823000000.0,0.4309005784,2568000000.0,5255000000.0,0.2894519416,1.18,1.16,4432664000,4497028000,https://www.sec.gov/Archives/edgar/data/70858/000119312507108222/0001193125-07-108222-index.htm,https://www.sec.gov/Archives/edgar/data/70858/000119312507108222/d10q.htm,4.0957311449728655,1.1855173322408377,-4.428713748662204,-4.509477821914767,49.13614025335554,30.42323983951863,12.81441589076005,30.42323983951863,142.89375418484235,226154517280.0,803676517280.0,10.759016045670789,12.456872337097218,-11.5202749365799,-11.313948535694632,1.6770074544699531,1.6770074544699531,44.26750301735059,94.69500616000944,-40.93915324130202,-40.20593913052178,0.0232363256025252,-0.0883864724013086,4.60571276027763,0.4134774194708009,68.04783786968305,0.1875442912411191,0.6364301985030915,-3.735680304471931,0.0112666332322044,0.484871550903901,0.2767832553015698,0.0,0.0519612796798204,-0.018236462737507,0.0197190856513357,0.5391566265060241,0.0,28.48708054513588,0.0064928165109049,0.0036900420826302,-259.3241896972114,-943543000000.0,56802000000.0,-1149497000000.0,-856218000000.0,10823500000.0,0.0,0.0,0.0,0.0,0.0,0.0,0.0,0.0,0.0389674912499258,0.0807640732525632,2007-04-19,1.15,bmo,17903632478.0,2025-04-25,2007-03-31,0.0173913043478261,52.24327868852459,15735541.901639344
2006-12-31,BAC,USD,70858,2007-02-28,2007-02-28 10:31:30,2006,Q4,15297000000.0,0.0,15297000000.0,1.0,0,11701000000.0,623000000.0,12324000000.0,-4850000000.0,7474000000.0,7474000000.0,20491000000.0,11892000000.0,712000000.0,8535000000.0,0.5579525397,7823000000.0,0.5114074655,0.0,7823000000.0,0.5114074655,2567000000.0,5256000000.0,0.3435967837,0.0,0.0,4432664000,4497028000,https://www.sec.gov/Archives/edgar/data/70858/000119312507042036/0001193125-07-042036-index.htm,https://www.sec.gov/Archives/edgar/data/70858/000119312507042036/d10k.htm,3.4509721467722345,1.185742930210817,2.6320515157476407,2.553092226254911,89.3907140265989,30.517088595029985,12.891344798522963,30.517088595029985,116.68694040423549,236659930960.0,691620930960.0,11.256655772450532,15.471002873766098,20.284557380646262,20.91189634708845,1.749511583771956,1.749511583771956,45.21284767993724,81.03350099121265,59.28010036513243,61.1134515295573,0.0222090827909873,0.0478196708420099,3.735747235200189,0.3461870186204775,53.30533099004101,0.3595875146068498,0.6578372014799866,2.2197488584474887,0.0105763573489043,0.4762176560121766,0.7649212263842583,0.0,0.0535226551084202,0.0299991428816319,0.0228803033274498,0.4915730337078651,0.0,28.533699307554112,0.0080068490855191,0.0038042628589295,-205.74326183983263,-744240000000.0,57143000000.0,-906579000000.0,-656856000000.0,10823500000.0,0.0,0.0,127.36026671896452,0.0,0.0,0.7066568115674228,0.0,0.0,0.0388550476077828,0.0789592894927294,2007-01-23,1.18,bmo,18330655462.0,2025-04-25,2006-12-31,0.0084745762711864,53.85238095238095,11805354.555555556
2006-09-30,BAC,USD,70858,2006-11-08,2006-11-08 17:24:39,2006,Q3,18184000000.0,0.0,18184000000.0,1.0,0,4474000000.0,587000000.0,5061000000.0,4967000000.0,10028000000.0,10028000000.0,20672000000.0,12086000000.0,719000000.0,8875000000.0,0.488066432,8156000000.0,0.4485261769,0.0,8156000000.0,0.4485261769,2740000000.0,5416000000.0,0.2978442587,1.2,1.18,4499704000,4570558000,https://www.sec.gov/Archives/edgar/data/70858/000119312506228580/0001193125-06-228580-index.htm,https://www.sec.gov/Archives/edgar/data/70858/000119312506228580/d10q.htm,4.041154707065176,1.2036347279732178,-1.5974384092820328,-1.6401078826518367,41.215155485783065,29.69017517596713,12.20746964689233,29.69017517596713,120.66815950560304,241049143280.0,727689143280.0,11.126714516248152,13.256112146942368,-33.53493924318308,-32.6624855392954,1.804300570222385,1.804300570222385,40.018100708315,81.99314290478873,-101.2366643405676,-98.60286494308944,0.0224684474140977,-0.0306161635738629,3.9737793513327393,0.366326918578454,54.83267605633803,0.1751152682920841,0.6748303822604667,-1.327178729689808,0.0105289733266211,0.4686115214180207,0.2460404751429828,0.0,0.0542826406920731,-0.026711185308848,0.0105587329520457,0.2670375521557719,0.0,28.356001714479312,0.0069142838175629,0.0039517155231791,-251.1627431493272,-873595000000.0,54930000000.0,-1130158000000.0,-785723000000.0,0.0,0.0,0.0,0.0,0.0,0.0,0.0,0.0,0.0,0.0405398324812682,0.0426694733698038,2006-10-19,1.15,bmo,17140655737.0,2025-04-25,2006-09-30,0.0608695652173913,51.305079365079365,11456588.047619049
2006-06-30,BAC,USD,70858,2006-08-08,2006-08-08 13:38:27,2006,Q2,18219000000.0,0.0,18219000000.0,1.0,0,4480000000.0,551000000.0,5031000000.0,4691000000.0,9722000000.0,9722000000.0,19297000000.0,10667000000.0,720000000.0,9217000000.0,0.5059004336,8497000000.0,0.4663812503,0.0,8497000000.0,0.4663812503,3022000000.0,5475000000.0,0.3005104561,1.21,1.19,4534627000,4601169000,https://www.sec.gov/Archives/edgar/data/70858/000119312506165337/0001193125-06-165337-index.htm,https://www.sec.gov/Archives/edgar/data/70858/000119312506165337/d10q.htm,4.017750522810366,1.2073760421750237,0.3378447665044997,0.3378447665044997,40.55570612533291,28.19217545346067,10.624247595226686,28.19217545346067,118.13915455449808,218115558700.0,693968558700.0,9.959614552511416,11.971873247708436,142.37308009138383,142.3730800913838,1.706147157015355,1.706147157015355,38.09037590976453,75.2922381143539,452.982087924282,452.982087924282,0.0251013730181917,0.0070237997194282,4.107054857205435,0.3633078765258342,51.62775306498861,0.1714158151257527,0.7965688572232118,0.2798173515981735,0.0104806828711573,0.4175342465753424,0.2458971403479883,0.0,0.0551234333407371,0.0,0.0,0.0,0.0,27.67431186921044,0.0071258629127143,0.0040094351712779,-249.9537448173797,-888954000000.0,48177000000.0,-1133447000000.0,-799956000000.0,0.0,0.0,0.0,0.0,0.0,0.0,0.0,0.0,0.0,0.0428266362121698,0.0,2006-07-19,1.1,bmo,16426967213.0,2025-04-25,2006-06-30,0.1090909090909089,47.96460317460318,14211388.0
2006-03-31,BAC,USD,70858,2006-05-09,2006-05-09 16:12:18,2006,Q1,17691000000.0,0.0,17691000000.0,1.0,0,4813000000.0,575000000.0,5388000000.0,4806000000.0,10194000000.0,10194000000.0,18125000000.0,9349000000.0,718000000.0,8215000000.0,0.4643604092,7497000000.0,0.4237748007,0.0,7497000000.0,0.4237748007,2511000000.0,4986000000.0,0.2818382228,1.08,1.07,4609481000,4666405000,https://www.sec.gov/Archives/edgar/data/70858/000119312506105418/0001193125-06-105418-index.htm,https://www.sec.gov/Archives/edgar/data/70858/000119312506105418/d10q.htm,3.8379591975756058,1.0816835995202063,1.8435915019500029,1.848581217711929,34.909136191254504,28.078215313177346,10.717909456617784,28.078215313177346,101.71101692359726,209915764740.0,625669764740.0,10.52525896209386,11.865681122604714,24.701784506942808,24.635109111606617,1.6218979551249362,1.6218979551249362,35.36655727432028,76.16187032744979,73.62553127088727,73.42680022767281,0.0237523847061968,0.0405924729405342,3.550183116220852,0.3341521947813945,50.60912964090079,0.157950325740093,0.8019039469461975,1.7043722422783794,0.0111187456687251,0.4681107099879663,0.2720592391611554,0.0,0.0581944323239375,0.0027065191809837,0.0013000960940591,0.032033426183844,0.0270759143067096,26.141236823864578,0.0071986382359438,0.0038500206168372,-235.3282289264236,-857844000000.0,49404000000.0,-1084741000000.0,-768555000000.0,10236500000.0,0.0,0.0,0.0,0.0,0.0,0.0,0.0,0.0,0.0385239441843215,0.0049897157619263,2006-04-20,1.0,bmo,16380555555.0,2025-04-25,2006-03-31,0.08,45.35,14033683.14516129
2005-12-31,BAC,USD,70858,2006-03-16,2006-03-16 10:48:00,2005,Q4,13518000000.0,0.0,13518000000.0,1.0,0,3845000000.0,265000000.0,4110000000.0,4610000000.0,8720000000.0,8720000000.0,15973000000.0,8532000000.0,439000000.0,5237000000.0,0.3874093801,4798000000.0,0.3549341619,0.0,4798000000.0,0.3549341619,1451000000.0,3347000000.0,0.2475957982,0.0,0.0,4609481000,4666405000,https://www.sec.gov/Archives/edgar/data/70858/000119312506056053/0001193125-06-056053-index.htm,https://www.sec.gov/Archives/edgar/data/70858/000119312506056053/d10k.htm,2.932651203031317,0.7261121154420639,-0.4098075249686461,-0.4900768654865917,87.44194845363285,22.02699175894206,10.886041183378346,22.02699175894206,101.1619312456218,212727548150.0,620700548150.0,15.889419491335524,15.736614007249592,-112.61384232398092,-94.16890135015494,2.0951567288467787,2.0951567288467787,45.91659625314396,118.5221592801222,-328.5868439121228,-274.76783893315627,0.0157337403129374,-0.0106192170202945,4.508603114258419,0.3543667261958673,77.90204315447775,0.3941979966903134,0.5623534927332395,-0.5643860173289513,0.0094534065638832,0.6008365700627427,0.2844355673916259,0.0,0.0397537395407813,-0.1958708311275807,0.0273709128569315,0.8428246013667426,0.0,18.97014695819414,0.0058279137392152,0.0026982165328844,-167.44905771387278,-650887000000.0,50179000000.0,-766735000000.0,-591747000000.0,10236500000.0,0.0,0.0,136.30492676431425,0.0,0.0,0.6602842768524398,0.0,0.0,0.0329646518865787,0.0802693405179455,2006-01-23,1.02,bmo,14578235294.0,2025-04-25,2005-12-31,-0.0784313725490196,44.71523809523809,12465655.936507937
2005-09-30,BAC,USD,70858,2005-11-09,2005-11-08 18:53:32,2005,Q3,14180000000.0,0.0,14180000000.0,1.0,0,3837000000.0,307000000.0,4144000000.0,4300000000.0,8444000000.0,8444000000.0,15205000000.0,7470000000.0,439000000.0,6175000000.0,0.4354724965,5736000000.0,0.4045133992,0.0,5736000000.0,0.4045133992,1895000000.0,3841000000.0,0.2708744711,0.96,0.95,4000573000,4054659000,https://www.sec.gov/Archives/edgar/data/70858/000119312505220080/0001193125-05-220080-index.htm,https://www.sec.gov/Archives/edgar/data/70858/000119312505220080/d10q.htm,3.5444922514849746,0.960112463889548,-0.7591412530155055,-0.8328806898411802,41.3098323665135,25.310874217268378,13.149116389077264,25.310874217268378,108.00027896003895,168424123300.0,549010123300.0,10.962257439468887,11.877582743300422,-55.45739983536385,-50.54745597238895,1.663316708803255,1.663316708803255,38.71721602961918,88.90852199190283,-180.77383052354296,-164.76894456782713,0.0228055217075902,-0.0197833893073914,4.193179798139406,0.3390616477901137,61.63336032388664,0.1737443294416964,0.7678714859437751,-0.7358856312091108,0.012011343508059,0.5266857589169487,0.270592383638928,0.0,0.0388529848857145,-0.0971353309186697,0.0208039492242595,0.6719817767653758,0.0,23.383304528630024,0.0061379202342029,0.003191246297581,-246.3992033141253,-785922000000.0,52604000000.0,-985738000000.0,-729609000000.0,0.0,0.0,0.0,0.0,0.0,0.0,0.0,0.0,0.0,0.0379328053092101,0.0737394368256747,2005-10-19,1.02,bmo,13907307692.0,2025-04-25,2005-09-30,0.0196078431372549,43.5859375,13783481.46875
2005-06-30,BAC,USD,70858,2005-08-08,2005-08-08 16:45:52,2005,Q2,14917000000.0,0.0,14917000000.0,1.0,0,3671000000.0,346000000.0,4017000000.0,3877000000.0,7894000000.0,7894000000.0,14267000000.0,6630000000.0,442000000.0,7465000000.0,0.5004357445,7023000000.0,0.4708051217,0.0,7023000000.0,0.4708051217,2366000000.0,4657000000.0,0.3121941409,1.16,1.14,4005356000,4065355000,https://www.sec.gov/Archives/edgar/data/70858/000119312505160844/0001193125-05-160844-index.htm,https://www.sec.gov/Archives/edgar/data/70858/000119312505160844/d10q.htm,3.7242632115597214,1.162693153866972,1.1679361335172205,1.0907894329492809,42.51182666409677,25.101389239807897,12.31376187285225,25.101389239807897,101.11385854341036,182684287160.0,537434287160.0,9.806972684131416,12.246717648320708,39.05179289439931,41.81375306935225,1.8170309047145417,1.8170309047145417,36.02830912113696,71.99387637776289,114.88548250534416,123.01082333714808,0.0254920665175832,0.0239155762540951,3.9622737219017305,0.3196320396684666,47.52176825184193,0.181744922029267,1.0592760180995475,1.0889199255121045,0.0099296990901644,0.3895211509555508,0.2460950593282831,0.0,0.0410958574374363,0.066053869174861,0.0207146209023262,0.6990950226244343,0.0,25.62552052130222,0.0076230166979586,0.0038967091759677,-243.5526330243804,-766615000000.0,49321000000.0,-975515000000.0,-707794000000.0,0.0,0.0,0.0,0.0,0.0,0.0,0.0,0.0,0.0,0.0463198726874875,0.0771467005679395,2005-07-18,1.01,bmo,13950157407.0,2025-04-25,2005-06-30,0.0693069306930693,45.67984375,9163373.6875
2005-03-31,BAC,USD,70858,2005-05-06,2005-05-06 17:20:10,2005,Q1,14197000000.0,0.0,14197000000.0,1.0,0,3701000000.0,337000000.0,4038000000.0,3599000000.0,7637000000.0,7637000000.0,13136000000.0,5630000000.0,448000000.0,7008000000.0,0.4936254138,6560000000.0,0.4620694513,0.0,6560000000.0,0.4620694513,2167000000.0,4393000000.0,0.3094315701,1.09,1.07,4032550000,4099062000,https://www.sec.gov/Archives/edgar/data/70858/000119312505099437/0001193125-05-099437-index.htm,https://www.sec.gov/Archives/edgar/data/70858/000119312505099437/d10q.htm,3.520601108479746,1.0893851285166951,-2.969585002045852,-3.032572441755217,40.88752774299141,24.430943199712345,12.265687964191391,24.430943199712345,95.59335904080544,177835455000.0,517769455000.0,10.120387832916004,12.52626998661689,-14.850559916492694,-14.54210933028048,1.8050879018260435,1.8050879018260435,36.47034267803057,73.88262771118721,-43.237532776617954,-42.33947624499142,0.0247026106239613,-0.0687658150057872,3.855652209218527,0.3133499252210166,48.50656392694064,0.1809733294258785,1.1651865008880995,-2.5505857294994674,0.0103185273150396,0.4177099931709538,0.2606888779319574,0.0,0.04046809251311,-0.0212108559498956,0.0178911037543142,0.5669642857142857,0.0,24.47102142211397,0.0075448431263439,0.0037767090618665,-235.2950366393473,-746198000000.0,49462000000.0,-948839000000.0,-689610000000.0,0.0,0.0,0.0,0.0,0.0,0.0,0.0,0.0,0.0,0.0445903835808321,0.062987439709365,2005-04-18,0.97,bmo,11871629310.0,2025-04-25,2005-03-31,0.1958762886597937,45.67606557377049,9713696.704918033
2004-12-31,BAC,USD,70858,2005-03-01,2005-03-01 16:46:19,2004,Q4,13896000000.0,0.0,13896000000.0,1.0,0,3532000000.0,337000000.0,3869000000.0,4252000000.0,8121000000.0,8121000000.0,12129000000.0,4379000000.0,458000000.0,6233000000.0,0.4485463443,5775000000.0,0.4155872193,0.0,5775000000.0,0.4155872193,1926000000.0,3849000000.0,0.2769861831,0.0,0.0,4032550000,4099062000,https://www.sec.gov/Archives/edgar/data/70858/000119312505039878/0001193125-05-039878-index.htm,https://www.sec.gov/Archives/edgar/data/70858/000119312505039878/d10k.htm,3.445958512603688,0.9544828954383704,4.573780858265861,4.814323442982728,33.44881030613384,24.710170983620785,12.52210139985865,24.710170983620785,74.5920075386542,189489524500.0,444609524500.0,12.307711386074306,13.63626399683362,10.273775997614402,9.760457633666428,1.9016460886145816,1.9016460886145816,31.99550406591825,71.33154572437029,24.10591653112123,22.90148987843824,0.020312468513266,0.1024542124490897,2.974730292538512,0.2669324431292702,40.93053104444088,0.1651150862580777,1.3187942452614752,4.791893998441154,0.0096469712762406,0.4749285528708755,0.2541738629821531,0.0,0.04426015595381,0.0525916287139449,0.069804260218768,2.1179039301310043,0.0,23.03632565780685,0.0078249679296261,0.0036266569176902,-217.21441767616025,-682025000000.0,50496000000.0,-875928000000.0,-625359000000.0,0.0,0.0,0.0,0.0,0.0,0.0,0.0,0.0,0.0,0.0386271262983591,0.2405425847168665,2005-01-18,0.94,bmo,13896000000.0,2025-04-25,2004-12-31,0.0,45.73,8382581.578125
2004-09-30,BAC,USD,70858,2004-11-09,2004-11-09 11:30:08,2004,Q3,13319000000.0,0.0,13319000000.0,1.0,0,3534000000.0,364000000.0,3898000000.0,3773000000.0,7671000000.0,7671000000.0,11487000000.0,3822000000.0,446000000.0,6094000000.0,0.4575418575,5648000000.0,0.42405586,0.0,5648000000.0,0.42405586,1884000000.0,3764000000.0,0.2826037991,0.93,0.91,4052304000,4121375000,https://www.sec.gov/Archives/edgar/data/70858/000119312504190704/0001193125-04-190704-index.htm,https://www.sec.gov/Archives/edgar/data/70858/000119312504190704/d10q.htm,3.286772167142445,0.9288543011580572,-3.028153860125005,-3.123161539706794,35.33742779416352,24.18648748958617,12.234027851809737,24.18648748958617,78.67968444618172,175586332320.0,450325332320.0,11.662216546227418,13.183146806817328,-14.309048351397603,-13.87376203539823,1.791496182265256,1.791496182265256,33.8107464764622,73.89651006235641,-36.69834017765464,-35.58196367888748,0.0214367482381273,-0.0720785031088574,3.214047402842538,0.2892682801406065,45.08352477847063,0.1777346949920812,1.477760334903192,-3.26009564293305,0.0104677851385967,0.4883103081827842,0.2653352353780314,0.0,0.0444767473893384,-0.0313747860810039,0.0289060740295818,0.8632286995515696,0.0,22.482854935009303,0.0075622114445752,0.0036172795251792,-209.2111055833916,-662486000000.0,49576000000.0,-847787000000.0,-606167000000.0,0.0,0.0,0.0,0.0,0.0,0.0,0.0,0.0,0.0,0.0384038526287865,0.0950076795817885,2004-10-14,0.9,bmo,13707692307.0,2025-04-25,2004-09-30,0.0111111111111111,43.236875,8883833.390625
2004-06-30,BAC,USD,70858,2004-08-09,2004-08-09 08:59:17,2004,Q2,13843000000.0,0.0,13843000000.0,1.0,0,3629000000.0,367000000.0,3996000000.0,4021000000.0,8017000000.0,8017000000.0,10990000000.0,3409000000.0,469000000.0,6295000000.0,0.4547424691,5826000000.0,0.4208625298,0.0,5826000000.0,0.4208625298,1977000000.0,3849000000.0,0.2780466662,0.95,0.93,4062384000,4131290000,https://www.sec.gov/Archives/edgar/data/70858/000119312504135155/0001193125-04-135155-index.htm,https://www.sec.gov/Archives/edgar/data/70858/000119312504135155/d10q.htm,3.4076049925364025,0.9474732078503656,1.458995506087066,1.3762854520892165,31.55265479580463,23.58738120276173,11.62543964332274,23.58738120276173,71.50653409426583,171879467040.0,416750467040.0,11.163904068589243,12.41634523152496,28.999403921039317,30.74216902879628,1.793755722023356,1.793755722023356,30.105502206169184,66.2034101731533,70.31389691918339,74.5395219173672,0.0223935998073827,0.0325286091252473,2.9959820916083117,0.2767811863070067,38.89928514694202,0.1677357976999942,1.7090055734819596,1.5398804884385555,0.0095590242877448,0.4268641205507924,0.2621541573358376,0.0,0.04685104733697,0.056689724987346,0.0242721953333814,0.7164179104477612,0.0,22.424077773496656,0.0083349754974674,0.0038933530782676,-200.17851586654533,-635993000000.0,47227000000.0,-813202000000.0,-579602000000.0,0.0,0.0,0.0,0.0,0.0,0.0,0.0,0.0,0.0,0.0401686477911939,0.0827100539978495,2004-07-14,0.87,bmo,12190290322.0,2025-04-25,2004-06-30,0.0689655172413793,40.99725806451613,12187000.612903226
2004-03-31,BAC,USD,70858,2004-05-07,2004-05-07 16:58:47,2004,Q1,10026000000.0,0.0,10026000000.0,1.0,0,2752000000.0,281000000.0,3033000000.0,3021000000.0,6054000000.0,6054000000.0,8552000000.0,2751000000.0,263000000.0,4235000000.0,0.4224017554,3972000000.0,0.3961699581,0.0,3972000000.0,0.3961699581,1291000000.0,2681000000.0,0.2674047477,0.93,0.91,2880306000,2933402000,https://www.sec.gov/Archives/edgar/data/70858/000119312504082233/0001193125-04-082233-index.htm,https://www.sec.gov/Archives/edgar/data/70858/000119312504082233/d10q.htm,3.480880156483374,0.930803879865542,-5.5740605338460565,-5.660509681957403,36.753386619338364,16.93431184047806,12.65629415763464,16.93431184047806,91.669773975404,116623589940.0,347052589940.0,10.875008386795972,11.632115493716338,-7.264004356275304,-7.153066115063788,2.3910035660980813,2.3910035660980813,34.615259319768604,81.94866350413223,-21.616480220492058,-21.28634629170756,0.0229884880184129,-0.1398001897248062,5.356855830736428,0.3201987225678053,54.410625737898464,0.1719508094736107,1.4438386041439475,-5.988437150317046,0.0099379550963598,0.4323013800820589,0.2744863355276282,0.0,0.0151002681333117,-0.0155091871691061,0.0248354278874925,0.946768060836502,0.0,18.832333131859265,0.0070474738446979,0.0033358633303885,-229.6197001290835,-509786000000.0,36454000000.0,-661375000000.0,-491388000000.0,0.0,0.0,0.0,0.0,0.0,0.0,0.0,0.0,0.0,0.0549655568312284,0.0864491481113465,2004-04-14,0.89,bmo,9647793478.0,2025-04-25,2004-03-31,0.0337078651685393,40.39129032258065,12175316.741935484
2003-12-31,BAC,USD,70858,2004-03-01,2004-03-01 16:38:59,2003,Q4,9768000000.0,0.0,9768000000.0,1.0,0,2697000000.0,268000000.0,2965000000.0,2900000000.0,5865000000.0,5865000000.0,8068000000.0,2482000000.0,284000000.0,4187000000.0,0.4286445536,3903000000.0,0.3995700246,0.0,3903000000.0,0.3995700246,1177000000.0,2726000000.0,0.2790745291,0.0,0.0,2880306000,2933402000,https://www.sec.gov/Archives/edgar/data/70858/000119312504032312/0001193125-04-032312-index.htm,https://www.sec.gov/Archives/edgar/data/70858/000119312504032312/d10k.htm,3.3913063403680024,0.9464272198856648,-0.4193998832068537,-0.4919616179669799,35.99686977703063,16.657952314788776,12.365700033260357,16.657952314788776,68.86386377003,115817104260.0,276549104260.0,10.621524601980925,11.856787905405405,-95.87508630794702,-81.73401853211008,2.413862114631096,2.413862114631096,28.31174286036036,66.0494636398376,-228.9313776986755,-195.16521119266056,0.0235371106661443,-0.0122348077087038,4.082263443101292,0.2659628349707038,38.38834487700024,0.1939297130576447,1.572522159548751,-0.4431401320616288,0.0100589632890895,0.4273661041819516,0.2761056511056511,0.0,0.016787404354704,-0.1730132450331125,0.0213963963963963,0.7359154929577465,0.0,18.834134933974383,0.0084571187471302,0.0037647669739062,-203.02808104416684,-430955000000.0,35617000000.0,-584783000000.0,-412556000000.0,0.0,0.0,0.0,0.0,0.0,0.0,0.0,0.0,0.0,0.0568153397248853,0.0725617347601261,2004-01-15,0.89,bmo,9438741573.0,2025-04-25,2003-12-31,0.0337078651685393,38.79390625,15214756.4375
2003-09-30,BAC,USD,70858,2003-11-10,2003-11-10 17:22:26,2003,Q3,9976000000.0,0.0,9976000000.0,1.0,0,2595000000.0,249000000.0,2844000000.0,2877000000.0,5721000000.0,5721000000.0,7855000000.0,2551000000.0,268000000.0,4523000000.0,0.4533881315,4255000000.0,0.4265236568,0.0,4255000000.0,0.4265236568,1333000000.0,2922000000.0,0.2929029671,0.98,0.96,2980206000,3042708333,https://www.sec.gov/Archives/edgar/data/70858/000119312503076385/0001193125-03-076385-index.htm,https://www.sec.gov/Archives/edgar/data/70858/000119312503076385/d10q.htm,3.347419607906299,0.9804691353550729,12.220296180868036,12.220296180868036,31.66291189266782,16.926682249482084,12.758514008763152,16.926682249482084,63.93081552080628,116287638120.00002,275240638120.0,9.949318798767967,11.656739987971132,3.193048631758148,3.193048631758149,2.305236160570918,2.305236160570918,27.5902804851644,60.85355695777139,7.557611085422445,7.557611085422445,0.025127348420171,0.3131803224210157,3.726355436614134,0.2550251801684466,35.14326774264868,0.1780334475419981,1.6679733437867503,12.4637234770705,0.0102676433996181,0.4086242299794661,0.2601242983159583,0.0,0.0168528045497959,0.0,0.0,0.0,0.0,19.32387160911458,0.0088928656209484,0.0040322024215293,-198.7382751393696,-435662000000.0,38023000000.0,-592281000000.0,-417284000000.0,0.0,0.0,0.0,0.0,0.0,0.0,0.0,0.0,0.0,0.0579244721974427,0.0,2003-10-14,0.85,bmo,8839114583.0,2025-04-25,2003-09-30,0.1294117647058823,40.0325,11258547.3125
2003-06-30,BAC,USD,70858,2003-08-07,2003-08-07 16:21:00,2003,Q2,9916000000.0,0.0,9916000000.0,1.0,0,2695000000.0,238000000.0,2933000000.0,2897000000.0,5830000000.0,5830000000.0,7995000000.0,2630000000.0,277000000.0,4363000000.0,0.4399959661,4086000000.0,0.412061315,0.0,4086000000.0,0.412061315,1348000000.0,2738000000.0,0.276119403,0.92,0.9,2988188000,3041111111,https://www.sec.gov/Archives/edgar/data/70858/000119312503030889/0001193125-03-030889-index.htm,https://www.sec.gov/Archives/edgar/data/70858/000119312503030889/d10q.htm,3.3183989762357657,0.9162743441845024,-0.0538788054834568,-0.0036811606230933,33.1160556163133,17.072553667975374,12.910834258085504,17.072553667975374,73.21226107594302,118093189760.00002,302225189760.0,10.782796727538347,11.909357579669225,-733.4980730434783,-10735.744523636366,2.314826520307355,2.314826520307355,30.47853870108915,69.27004120100848,-1877.1750916770184,-27475.01725090909,0.0231850795593244,-9.314677690013477e-05,4.236749255135644,0.2810035115363264,42.20307128122851,0.1735052775537398,1.5536121673003802,-0.0588020452885317,0.008129173256739,0.3506208911614317,0.2717829770068576,0.0,0.016167888098869,-0.9316770186335404,0.0151270673658733,0.5415162454873647,0.0,18.76088259125285,0.0078849454562209,0.0036181372011369,-207.2178858893751,-471383000000.0,38580000000.0,-619206000000.0,-453048000000.0,0.0,0.0,0.0,0.0,0.0,0.0,0.0,0.0,0.0,0.0536694370393602,0.0501976448603635,2003-07-14,0.79,bmo,8710188888.0,2025-04-25,2003-06-30,0.1392405063291139,37.298412698412704,11557851.61904762
2003-03-31,BAC,USD,70858,2003-05-13,2003-05-13 11:24:59,2003,Q1,9167000000.0,0.0,9167000000.0,1.0,0,2459000000.0,230000000.0,2689000000.0,2861000000.0,5550000000.0,5550000000.0,7725000000.0,2516000000.0,278000000.0,3895000000.0,0.4248936402,3617000000.0,0.3945674703,0.0,3617000000.0,0.3945674703,1193000000.0,2424000000.0,0.2644267481,0.81,0.8,2998810000,3047798742,https://www.sec.gov/Archives/edgar/data/70858/000095016803001689/0000950168-03-001689-index.htm,https://www.sec.gov/Archives/edgar/data/70858/000095016803001689/d10q.htm,3.056879228760742,0.8083206338514277,-3.5804202333592325,-3.6304400745629097,32.12107469296154,16.690620612843095,12.535305671249596,16.690620612843095,58.254440928234864,100220230200.0,241806230200.0,10.336244863861388,10.93271846841933,-9.334099860296172,-9.20549556351612,2.002322188923519,2.002322188923519,26.37790227991709,62.081188754813866,-22.520837310235635,-22.21054746027372,0.0241867335084209,-0.1086307622550242,3.439982418284984,0.2532904753848756,36.35070603337612,0.1934699255444574,1.4375993640699525,-4.429455445544554,0.0095988604105201,0.3968646864686468,0.2682447910985055,0.0,0.0183313350937456,-0.0139703827884884,0.0163630413439511,0.539568345323741,0.0,17.422855484845424,0.0085175463563243,0.0036325273038974,-177.86655373298075,-401556000000.0,37591000000.0,-533388000000.0,-382452000000.0,0.0,0.0,0.0,0.0,0.0,0.0,0.0,0.0,0.0,0.0484296331814912,0.0500198412036774,2003-04-14,0.74,bmo,8486874999.0,2025-04-25,2003-03-31,0.0810810810810811,34.63950819672132,11391079.86885246
2002-12-31,BAC,USD,70858,2003-03-03,2003-03-03 17:00:32,2002,Q4,9108000000.0,0.0,9108000000.0,1.0,0,2482000000.0,203000000.0,2685000000.0,3312000000.0,5997000000.0,5997000000.0,8121000000.0,2747000000.0,277000000.0,3388000000.0,0.3719806763,3111000000.0,0.3415678524,0.0,3111000000.0,0.3415678524,497000000.0,2614000000.0,0.2870004392,0.0,0.0,2998810000,3047798742,https://www.sec.gov/Archives/edgar/data/70858/000102140803003673/0001021408-03-003673-index.htm,https://www.sec.gov/Archives/edgar/data/70858/000102140803003673/d10k.htm,3.037204757887295,0.8716790993760859,-3.890876714430058,-3.9515674550905193,31.94000286780423,18.7907870121815,14.627802361603436,16.77965593018564,51.42206408542055,104328599900.0,224000599900.0,9.977869156465186,11.454611319718929,-8.941429542338017,-8.804101257383966,2.073344062878833,2.073344062878833,24.593829589371985,66.11587954545455,-19.19785737915667,-18.903004210970465,0.0250554498239748,-0.1135834278554331,3.00995647767245,0.2291516315127747,35.32231404958678,0.2008972861184929,1.1325081907535492,-4.463657230298393,0.0092112805205967,0.3676358071920428,0.2725076855511638,0.0,0.0188879357168685,-0.0155982173465889,0.0199824330259112,0.6570397111913358,0.0,18.14099489564887,0.0095230115157763,0.0040310455273745,-169.6736372094264,-380989000000.0,43866000000.0,-508819000000.0,-361788000000.0,0.0,0.0,0.0,0.0,0.0,0.0,0.0,0.0,0.0,0.0519485681352968,0.0606907406604619,2003-01-15,0.82,bmo,8774780487.0,2025-04-25,2002-12-31,0.0365853658536585,33.8121875,12723025.9375
2002-09-30,BAC,USD,70858,2002-11-08,2002-11-08 14:45:16,2002,Q3,8711000000.0,0.0,8711000000.0,1.0,0,2368000000.0,210000000.0,2578000000.0,2846000000.0,5424000000.0,5424000000.0,8185000000.0,2883000000.0,277000000.0,3564000000.0,0.4091378717,3287000000.0,0.3773389967,0.0,3287000000.0,0.3773389967,1052000000.0,2235000000.0,0.2565721502,0.75,0.73,3008034000,3080000000,https://www.sec.gov/Archives/edgar/data/70858/000095010902005581/0000950109-02-005581-index.htm,https://www.sec.gov/Archives/edgar/data/70858/000095010902005581/d10q.htm,2.8959114158949,0.7430102186344968,-5.867952290432887,-5.943084419923445,29.179523901658023,16.036720329623932,11.875863105270753,16.036720329623932,54.89033701081837,95956284600.0,227319284600.0,10.733365167785236,11.01553031798875,-5.436308685060336,-5.367583185098171,1.9891847799498328,1.9891847799498328,26.095658891057283,63.78206638608305,-12.87854991785168,-12.715740034681437,0.0232918563835265,-0.1863035868314559,3.3630257675324944,0.2457985357753239,36.85830527497194,0.1853084180813623,1.1401318071453348,-7.897539149888143,0.0094001138514277,0.403579418344519,0.2718402020433934,0.0,0.0189634065041635,-0.0128038071497365,0.0259442084720468,0.8158844765342961,0.0,16.373684962818192,0.0079089007866436,0.0034517800992135,-174.19882886962048,-385886000000.0,35723000000.0,-523996000000.0,-366612000000.0,0.0,0.0,0.0,0.0,0.0,0.0,0.0,0.0,0.0,0.0463318062148883,0.0751321294905576,2002-10-15,0.71,bmo,8472342465.0,2025-04-25,2002-09-30,0.028169014084507,33.3634375,13833179.15625
2002-06-30,BAC,USD,70858,2002-08-14,2002-08-14 14:22:32,2002,Q2,8668000000.0,0.0,8668000000.0,1.0,0,2386000000.0,170000000.0,2556000000.0,2822000000.0,5378000000.0,5378000000.0,7984000000.0,2890000000.0,278000000.0,3568000000.0,0.4116289802,3290000000.0,0.3795569912,0.0,3290000000.0,0.3795569912,1069000000.0,2221000000.0,0.2562298108,0.73,0.7,3067566000,3171428571,https://www.sec.gov/Archives/edgar/data/70858/000095010902004239/0000950109-02-004239-index.htm,https://www.sec.gov/Archives/edgar/data/70858/000095010902004239/d10q.htm,2.825693073922452,0.724026801705326,1.9761596001520425,1.9761596001520425,29.69194468839464,15.570651128614674,11.615072014750456,15.570651128614674,51.26279271578835,106229810580.00002,232975810580.0,11.957430276902295,12.25540038994001,17.52388825140218,17.52388825140218,2.224055995729001,2.224055995729001,26.877689268574063,65.29591103699552,38.43216934675025,38.43216934675025,0.0209075022149964,0.0570649610208501,3.231764508835106,0.2417769340651079,35.52298206278027,0.2022157097819812,1.1384083044982698,2.729401170643854,0.0086604691750547,0.4142278253039171,0.2752653437932625,0.0,0.0190054632483773,0.0,0.0,0.0,0.0,15.926559471059871,0.0079984442467741,0.0035461445856231,-162.8659334469087,-359338000000.0,35630000000.0,-499602000000.0,-340449000000.0,0.0,0.0,0.0,0.0,0.0,0.0,0.0,0.0,0.0,0.0464994556569801,0.0,2002-07-15,0.7,bmo,8668000000.0,2025-04-25,2002-06-30,0.0,36.10265625,12409476.21875
2002-03-31,BAC,USD,70858,2002-05-15,2002-05-15 16:11:24,2002,Q1,8637000000.0,0.0,8637000000.0,1.0,0,2446000000.0,170000000.0,2616000000.0,2718000000.0,5334000000.0,5334000000.0,7871000000.0,2718000000.0,272000000.0,3575000000.0,0.4139168693,3303000000.0,0.3824244529,0.0,3303000000.0,0.3824244529,1124000000.0,2179000000.0,0.2522866736,0.71,0.69,3086942000,3156521739,https://www.sec.gov/Archives/edgar/data/70858/000102140802007231/0001021408-02-007231-index.htm,https://www.sec.gov/Archives/edgar/data/70858/000102140802007231/d10q.txt,2.7979145704713595,0.7058765600390289,3.644383341183605,3.465889543762079,28.529528575528797,15.604115658797609,11.650040719909866,15.604115658797609,44.97039464946215,105172113940.0,211775113940.0,12.06655735888022,12.176926472154683,9.348632350222225,9.830088226937097,2.1833983254790423,2.1833983254790423,24.51952228088457,59.237794109090906,18.824454572444445,19.793916622114217,0.0207184197252429,0.1017284867555644,2.8255309431377027,0.2195489425265477,29.81902097902098,0.2011915830738548,1.2152317880794703,5.162918770078018,0.008804615266441,0.4249655805415328,0.2832001852495079,0.0,0.0196896056110375,0.0489777777777777,0.0637952992937362,2.025735294117647,0.0,15.742555014446417,0.0086221564492068,0.0035855623112807,-156.68677934344086,-349668000000.0,35963000000.0,-483683000000.0,-330714000000.0,1400000000.0,0.0,0.0,0.0,0.0,0.0,0.0,0.0,0.0,0.0452365629346675,0.1784937974215259,2002-04-15,0.67,bmo,8386652173.0,2025-04-25,2002-03-31,0.0298507462686565,31.847166666666663,12697077.433333334
2001-12-31,BAC,USD,70858,2002-03-27,2002-03-27 00:00:00,2001,Q4,9208000000.0,0.0,9208000000.0,1.0,0,2590000000.0,166000000.0,2756000000.0,3968000000.0,6724000000.0,6724000000.0,8805000000.0,3388000000.0,426000000.0,2910000000.0,0.3160295395,2484000000.0,0.2697654214,0.0,2484000000.0,0.2697654214,426000000.0,2058000000.0,0.2235013032,0.0,0.0,3086942000,3156521739,https://www.sec.gov/Archives/edgar/data/70858/000095016802000551/0000950168-02-000551-index.htm,https://www.sec.gov/Archives/edgar/data/70858/000095016802000551/d10k.txt,2.982887271610545,0.6666791925471874,-3.495692500863314,-3.5782985232634754,25.952220676643748,15.717820419042535,11.782534300936009,15.717820419042535,45.79224358604729,97176934160.0,202377934160.0,11.804778202138,10.553533249348392,-9.005368748030767,-8.797477291327176,2.0028222209398185,2.0028222209398185,21.97848980886186,69.54568184192439,-18.75432621258456,-18.321377345645484,0.0211778650745612,-0.113668949277747,2.843569661995053,0.2219009141732232,36.151546391752575,0.1869772392595148,0.7331759149940968,-5.243440233236152,0.0096422058186899,0.4552964042759961,0.2812771503040834,0.0,0.0195379597403516,-0.0236308034473172,0.0276933101650738,0.5985915492957746,0.0,15.354860340468807,0.0082893957763554,0.0033758956457835,-159.06712856930903,-360526000000.0,36372000000.0,-490331000000.0,-341964000000.0,3077500000.0,0.0,0.0,27.367506516072982,0.0,0.0,3.2885714285714287,0.0,0.0,0.0424154987633965,0.0826060224001617,2002-01-22,0.62,bmo,8910967741.0,2025-04-25,2001-12-31,0.032258064516129,30.41453125,11192132.40625
2001-09-30,BAC,USD,70858,2001-11-14,2001-11-14 00:00:00,2001,Q3,8730000000.0,0.0,8730000000.0,1.0,0,2304000000.0,165000000.0,2469000000.0,4693000000.0,7162000000.0,7162000000.0,9322000000.0,4118000000.0,431000000.0,1999000000.0,0.2289805269,1568000000.0,0.1796105384,0.0,1568000000.0,0.1796105384,727000000.0,841000000.0,0.0963344788,0.26,0.26,3199384000,3290196078,https://www.sec.gov/Archives/edgar/data/70858/000102140801510246/0001021408-01-510246-index.htm,https://www.sec.gov/Archives/edgar/data/70858/000102140801510246/d10q.txt,2.7286502651760465,0.2628631011469708,3.825423894099614,3.758848578351333,25.436146458193203,15.675204976958064,11.812586422886406,15.675204976958064,47.84202208925218,94317840320.0,215355840320.0,28.03740794292509,10.803876325315006,7.706335511071166,7.842827234325628,1.8806771613726547,1.8806771613726547,24.66848113631157,107.73178605302652,17.595868969687064,17.90752039913521,0.0089166587906028,0.1275050399712121,2.969970688520668,0.2326915115488865,60.54927463731866,0.1914270674959166,0.3807673627974745,14.552913198573128,0.0094997934320809,1.065398335315101,0.2639175257731959,0.0,0.0193062075753196,0.0174033826292997,0.0243986254295532,0.494199535962877,0.0,9.62858983992706,0.0030010526879226,0.0013397116991399,-158.17349527284003,-357914000000.0,37793000000.0,-505219000000.0,-339184000000.0,3474000000.0,0.0,0.0,34.58762886597938,0.0,0.0,2.602086438152012,0.0,0.0,0.0167693565432394,0.0665753157482815,2001-10-15,0.62,bmo,8457187500.0,2025-04-25,2001-09-30,0.032258064516129,30.34949152542373,12061861.762711864
2001-06-30,BAC,USD,70858,2001-08-13,2001-08-13 00:00:00,2001,Q2,8764000000.0,0.0,8764000000.0,1.0,0,2534000000.0,174000000.0,2708000000.0,2913000000.0,5621000000.0,5621000000.0,9925000000.0,4895000000.0,438000000.0,3581000000.0,0.4086033775,3143000000.0,0.3586261981,0.0,3143000000.0,0.3586261981,1120000000.0,2023000000.0,0.2308306709,0.63,0.62,3203074000,3261290323,https://www.sec.gov/Archives/edgar/data/70858/000095010901502829/0000950109-01-502829-index.htm,https://www.sec.gov/Archives/edgar/data/70858/000095010901502829/d10q.txt,2.736121613175344,0.63158078770581,-3.2384515624678043,-3.307135582880695,25.16239087826257,15.392088974528845,11.253564544559383,15.392088974528845,50.1974041186685,96156281480.0,222190281480.0,11.882882041522493,10.971734536741216,-9.269862284777789,-9.077341780421031,1.9503525512149609,1.9503525512149609,25.35261084892743,62.04699287349902,-21.420059913236287,-20.9751988558482,0.02103866714543,-0.1101644098228079,3.161960975213987,0.2492162583429918,35.19519687238201,0.1865999968970187,0.6420837589376915,-5.127533366287691,0.0093389634684113,0.4438952051408799,0.2891373801916932,0.0,0.0211917988889332,-0.0212089077412513,0.0251026928343222,0.502283105022831,0.0,14.789534231234056,0.0077202248520258,0.0033041032618015,-153.89318198705368,-366989000000.0,36046000000.0,-492033000000.0,-347362000000.0,3724000000.0,0.0,0.0,36.89753537197627,0.0,0.0,2.43918730865572,0.0,0.0,0.0410328181412518,0.0686840204128908,2001-07-16,0.59,bmo,8339935483.0,2025-04-25,2001-06-30,0.0508474576271186,28.355873015873016,11647035.80952381
2001-03-31,BAC,USD,70858,2001-05-15,2001-05-15 00:00:00,2001,Q1,8411000000.0,0.0,8411000000.0,1.0,0,2401000000.0,177000000.0,2578000000.0,2911000000.0,5489000000.0,5489000000.0,10241000000.0,5602000000.0,437000000.0,3359000000.0,0.3993579836,2922000000.0,0.3474022114,0.0,2922000000.0,0.3474022114,1052000000.0,1870000000.0,0.2223279039,0.58,0.57,3217780000,3250434783,https://www.sec.gov/Archives/edgar/data/70858/000095016801500420/0000950168-01-500420-index.htm,https://www.sec.gov/Archives/edgar/data/70858/000095016801500420/form10q_21227.txt,2.613913940667168,0.5811460074958512,-1.212326510824233,-1.2580101809321955,23.04787772936621,15.19246188365892,11.011939908881278,15.19246188365892,46.888848833667936,88102816400.0,204496816400.0,11.77845139037433,10.474713636904054,-22.58467480133299,-21.764529743083003,1.802209556928364,1.802209556928364,24.313020615860182,60.88026686513843,-52.42163968213279,-50.51798824110672,0.0212252011503232,-0.0459463177842292,2.9717301476905456,0.2382530688555239,34.65138434057755,0.1832539807439804,0.5215994287754373,-2.086096256684492,0.0102266878269739,0.4818181818181818,0.2854595172987754,0.0,0.0220613197103754,-0.0376826454755191,0.0174771133040066,0.3363844393592677,0.0,14.09444457130996,0.0072679220350181,0.0031359895891853,-150.35669001609804,-347719000000.0,35434000000.0,-482851000000.0,-327901000000.0,4143500000.0,0.0,0.0,41.24955415527286,0.0,0.0,2.181841763942931,0.0,0.0,0.0382522603608395,0.0456836701079626,2001-04-16,0.57,bmo,8411000000.0,2025-04-25,2001-03-31,0.0,25.489032258064515,13286687.677419355
2000-12-31,BAC,USD,70858,2001-03-19,2001-03-19 00:00:00,2000,Q4,7994000000.0,0.0,7994000000.0,1.0,0,2257000000.0,223000000.0,2480000000.0,3367000000.0,5847000000.0,5847000000.0,11170000000.0,6476000000.0,439000000.0,2586000000.0,0.3234926195,2147000000.0,0.2685764323,0.0,2147000000.0,0.2685764323,762000000.0,1385000000.0,0.1732549412,0.0,0.0,3217780000,3250434783,https://www.sec.gov/Archives/edgar/data/70858/000095016801000538/0000950168-01-000538-index.htm,https://www.sec.gov/Archives/edgar/data/70858/000095016801000538/0000950168-01-000538-0001.txt,2.484321488728253,0.4304209734661785,0.7672991938541479,0.702658354517711,23.6193897656148,16.34139064821088,12.25720838590581,14.801509114979892,51.47399760083039,73815873200.0,200010873200.0,13.324164837545128,9.23390958218664,29.897072985014177,32.64744502432552,1.549841966910221,1.549841966910221,25.020124243182387,77.34372513534416,81.00885913325233,88.46124422821761,0.0187629020691446,0.0306302682876072,3.3416477702191987,0.2478328098649778,48.79930394431555,0.1764472318927373,0.3315318097591105,1.7826714801444044,0.0123144245349115,0.6563176895306859,0.2823367525644233,0.0,0.0204643166908287,0.08424463345484,0.0260195146359769,0.4738041002277904,0.0,11.972668839730709,0.0049829643781008,0.0022017362717371,-158.5820037417101,-375419000000.0,39441000000.0,-509174000000.0,-355844000000.0,4526000000.0,0.0,0.0,49.89742306730047,0.0,0.0,1.8037003610108304,0.0,0.0,0.029079533047787,0.0646408393364369,2001-01-16,0.43,bmo,7994000000.0,2025-04-25,2000-12-31,0.0,22.43444444444444,12929213.396825396
2000-09-30,BAC,USD,70858,2000-11-14,2000-11-14 00:00:00,2000,Q3,8249000000.0,0.0,8249000000.0,1.0,0,2298000000.0,147000000.0,2445000000.0,2950000000.0,5395000000.0,5395000000.0,11235000000.0,6672000000.0,438000000.0,3292000000.0,0.3990786762,2854000000.0,0.3459813311,0.0,2854000000.0,0.3459813311,1025000000.0,1829000000.0,0.2217238453,0.56,0.55,3278784000,3325454545,https://www.sec.gov/Archives/edgar/data/70858/000095016800002442/0000950168-00-002442-index.htm,https://www.sec.gov/Archives/edgar/data/70858/000095016800002442/0000950168-00-002442-0001.txt,2.515871737814994,0.5578287560266245,2.280113603091878,2.2310100329878395,23.50261560383361,14.291578829224491,8.989003240225644,14.291578829224491,63.90661903925358,85871352960.0,258873352960.0,11.737473067249864,10.409910650987998,11.486269791332264,11.739077643198906,1.8325477060970143,1.8325477060970143,31.382392163898658,78.63710600243013,34.62725427501338,35.3893852303486,0.0212993033992601,0.0851855682698678,4.329243048293818,0.3020045405485876,52.55224787363305,0.1692902370021866,0.427757793764988,4.087479496992892,0.0095608136089626,0.4488791689447786,0.2785792217238453,0.0,0.0258826156537273,0.0215355805243445,0.0195175172748211,0.3675799086757991,0.0,13.393121626385753,0.0057563330679146,0.0027951872041862,-166.0191705217544,-400805000000.0,29473000000.0,-543186000000.0,-376969000000.0,4351500000.0,0.0,0.0,50.40610983149473,0.0,0.0,1.7854978354978357,0.0,0.0,0.0390319895857786,0.0491035701040385,2000-10-16,0.65,bmo,8124015151.0,2025-04-25,2000-09-30,0.0153846153846153,25.641269841269843,8857044.444444444
2000-06-30,BAC,USD,70858,2000-08-14,2000-08-14 00:00:00,2000,Q2,8137000000.0,0.0,8137000000.0,1.0,0,2311000000.0,132000000.0,2443000000.0,2440000000.0,4883000000.0,4883000000.0,10726000000.0,6109000000.0,451000000.0,3705000000.0,0.4553275163,3254000000.0,0.3999016837,0.0,3254000000.0,0.3999016837,1191000000.0,2063000000.0,0.2535332432,0.63,0.62,3306990000,3351219512,https://www.sec.gov/Archives/edgar/data/70858/000095016800001890/0000950168-00-001890-index.htm,https://www.sec.gov/Archives/edgar/data/70858/000095016800001890/0000950168-00-001890-0001.txt,2.4605456926086866,0.6238301295135456,0.2540074206453603,0.2116728505378002,24.81077959110853,13.867897997877224,9.762049477016864,13.867897997877224,66.47827782968803,71100285000.0,252947285000.0,8.616127605428987,8.737899102863464,84.64319642857141,101.57183571428573,1.5503431019820764,1.5503431019820764,31.08606181639425,68.2718717948718,301.12772023809526,361.3532642857143,0.0290153548610951,0.0098452488622232,4.660474041124266,0.3145284001777678,49.08151147098515,0.1735839322206054,0.5326567359633327,0.407174018419777,0.0116033290161917,0.3999030538051381,0.2840113063782721,0.0,0.019981222536488,0.1666666666666666,0.0172053582401376,0.3104212860310421,0.0,13.951784244037343,0.0063894893983411,0.0030977836506697,-165.88068001415184,-410066000000.0,32283000000.0,-547545000000.0,-389974000000.0,3976500000.0,0.0,0.0,45.16037851788128,0.0,0.0,1.9928973793779083,0.0,0.0,0.0449837552604609,0.04233457010756,2000-07-17,0.62,bmo,8137000000.0,2025-04-25,2000-06-30,0.0,25.71,11435371.968253968
2000-03-31,BAC,USD,70858,2000-05-15,2000-05-15 00:00:00,2000,Q1,8576000000.0,0.0,8576000000.0,1.0,0,2534000000.0,119000000.0,2653000000.0,2390000000.0,5043000000.0,5043000000.0,10067000000.0,5562000000.0,456000000.0,3989000000.0,0.4651352612,3533000000.0,0.4119636194,0.0,3533000000.0,0.4119636194,1293000000.0,2240000000.0,0.2611940299,0.67,0.67,3338622000,3366917293,https://www.sec.gov/Archives/edgar/data/70858/000007085800000218/0000070858-00-000218-index.htm,https://www.sec.gov/Archives/edgar/data/70858/000007085800000218/0000070858-00-000218.txt,2.5687244617689573,0.6709354937456232,-1.6533767524445715,-1.6932135473857175,23.312013159920472,13.568172737135262,9.4362284798938,13.568172737135262,60.62471283062293,87538668840.0,253870668840.0,9.76994071875,10.207400750932836,-15.8584545,-15.485347397841856,1.932463604936091,1.932463604936091,29.60245672108209,63.642684592629735,-45.991063195652174,-44.90901624624093,0.0255886915997568,-0.064577175720279,4.345371862513521,0.3000108213066956,41.697668588618704,0.1696946534760402,0.635203164329378,-2.4642857142857144,0.0095157946886595,0.371875,0.2954757462686567,0.0,0.0210253416713279,-0.0240942028985507,0.015508395522388,0.2916666666666667,0.0,14.311736274081298,0.0073566359154906,0.003487369184734,-158.77254148567883,-399753000000.0,31504000000.0,-529114000000.0,-379351000000.0,3823500000.0,0.0,0.0,40.613339552238806,0.0,0.0,2.216020671834625,0.0,0.0,0.0494492152144638,0.0398367949411463,2000-04-17,0.62,bmo,7935999999.0,2025-04-25,2000-03-31,0.0806451612903226,23.505396825396826,13506587.968253968
1999-12-31,BAC,USD,70858,2000-03-20,2000-03-20 00:00:00,1999,Q4,8085000000.0,0.0,8085000000.0,1.0,0,2378000000.0,98000000.0,2476000000.0,2749000000.0,5225000000.0,5225000000.0,9622000000.0,5147000000.0,467000000.0,3327000000.0,0.4115027829,2860000000.0,0.3537414966,0.0,2860000000.0,0.3537414966,958000000.0,1902000000.0,0.2352504638,0.0,0.0,3338622000,3366917293,https://www.sec.gov/Archives/edgar/data/70858/000095016800000621/0000950168-00-000621-index.htm,https://www.sec.gov/Archives/edgar/data/70858/000095016800000621/0000950168-00-000621.txt,2.4216577977381086,0.5696961201357925,1.623723799819207,1.5817903314601054,21.05269778968688,13.308484758082823,9.11753412036463,13.308484758082823,56.25674305147453,83766025980.0,234612025980.0,11.0102557807571,10.360671116883116,15.452135395683452,15.861773523953795,1.8852634583183288,1.8852634583183288,29.01818503153989,70.5175912173129,43.278366718317656,44.42568187464495,0.0227061028352248,0.0630446525093704,4.111293662225423,0.288777281393165,45.339945897204686,0.1577491187527289,0.5556634932970662,2.8501577287066246,0.0101711880208262,0.4479495268138801,0.2941249226963512,0.0,0.0221191512771628,0.0258254934513927,0.0173160173160173,0.2997858672376873,0.0,13.06102304416609,0.0066666432995327,0.0030747742417335,-154.26192303291597,-395441000000.0,30440000000.0,-514078000000.0,-374736000000.0,3807500000.0,0.0,0.0,42.04452690166976,0.0,0.0,2.1405877680698966,0.0,0.0,0.0428069859560676,0.0419334683591014,2000-01-18,0.61,bmo,7952459016.0,2025-04-25,1999-12-31,0.0163934426229508,28.48484375,11228694.40625
1999-09-30,BAC,USD,70858,1999-11-15,1999-11-15 00:00:00,1999,Q3,8322000000.0,0.0,8322000000.0,1.0,0,2336000000.0,145000000.0,2481000000.0,2495000000.0,4976000000.0,4976000000.0,9294000000.0,4744000000.0,470000000.0,3816000000.0,0.4585436193,3346000000.0,0.4020668109,0.0,3346000000.0,0.4020668109,1195000000.0,2151000000.0,0.2584715213,0.63,0.62,3444614000,3510292000,https://www.sec.gov/Archives/edgar/data/70858/000007085899000386/0000070858-99-000386-index.htm,https://www.sec.gov/Archives/edgar/data/70858/000007085899000386/0000070858-99-000386.txt,2.415945589259058,0.6244531317587398,1.4291877115984548,1.4291877115984548,20.005434571188527,13.321957119143104,9.195515085289673,13.321957119143104,53.56449227692856,95898053760.0,245403053760.0,11.14575241283124,11.523438327325165,19.47959653869592,19.47959653869592,2.0897830364575385,2.0897830364575385,29.488470771449173,64.30897635220126,49.84827417428397,49.84827417428397,0.0224300693878857,0.051335765502818,3.9173876092309694,0.2896389603191482,39.17845911949686,0.1590249831136098,0.7053119730185498,2.288702928870293,0.0080919264737328,0.3607624360762436,0.2807017543859649,0.0,0.0229017227045107,0.0,0.0,0.0,0.0,13.68123172432228,0.0075835298846076,0.0035469413196402,-146.01737669300536,-384720000000.0,31675000000.0,-502014000000.0,-363778000000.0,3658000000.0,0.0,0.0,41.50684931506849,0.0,0.0,2.1683168316831685,0.0,0.0,0.0468739785133692,0.0,1999-10-18,0.6,bmo,8053548387.0,2025-04-25,1999-09-30,0.0333333333333333,32.11375,8314675.5
1999-06-30,BAC,USD,70858,1999-08-16,1999-08-16 00:00:00,1999,Q2,8186000000.0,0.0,8186000000.0,1.0,0,2261000000.0,147000000.0,2408000000.0,2759000000.0,5167000000.0,5167000000.0,9206000000.0,4594000000.0,487000000.0,3506000000.0,0.4282922062,3019000000.0,0.3688003909,0.0,3019000000.0,0.3688003909,1104000000.0,1915000000.0,0.2339359883,0.55,0.54,3487006000,3573690000,https://www.sec.gov/Archives/edgar/data/70858/000007085899000285/0000070858-99-000285-index.htm,https://www.sec.gov/Archives/edgar/data/70858/000007085899000285/0000070858-99-000285.txt,2.347572674093477,0.5491817335559502,1.5870348373360987,1.54545188623134,18.63317700055578,13.086011323180974,8.894449851821305,13.086011323180974,52.93194218765325,127833639959.99998,278266639960.0,16.688464746736294,15.616129973124846,23.09968195880014,23.72121728706624,2.801464792794372,2.801464792794372,33.99299290984608,79.3686936565887,50.283093595952295,51.63604378548896,0.0149804073528628,0.0421563525976906,3.944248427604041,0.2930783485479611,42.90730176839703,0.1491293236981248,0.6571615150195907,2.889817232375979,0.0061564389486699,0.4109660574412532,0.276203273882238,0.0,0.0238006064139182,0.0262016624503071,0.0177131688248228,0.297741273100616,0.0,12.716071077004868,0.0069621932908451,0.0031944032054126,-143.64428968576482,-390559000000.0,31015000000.0,-500019000000.0,-368931000000.0,3549000000.0,0.0,0.0,38.23845590031762,0.0,0.0,2.35365152386429,0.0,0.0,0.041967083780763,0.0415829511047586,1999-07-19,0.57,bmo,8186000000.0,2025-04-25,1999-06-30,0.0,34.906507936507936,7199311.428571428
1999-03-31,BAC,USD,70858,1999-05-17,1999-05-17 00:00:00,1999,Q1,7953000000.0,0.0,7953000000.0,1.0,0,2333000000.0,147000000.0,2480000000.0,2483000000.0,4963000000.0,4963000000.0,9201000000.0,4601000000.0,493000000.0,3483000000.0,0.4379479442,2990000000.0,0.3759587577,0.0,2990000000.0,0.3759587577,1076000000.0,1914000000.0,0.2406639004,0.55,0.54,3475124000,3540740741,https://www.sec.gov/Archives/edgar/data/70858/000095016899001576/0000950168-99-001576-index.htm,https://www.sec.gov/Archives/edgar/data/70858/0000950168-99-001576.txt,2.2885514301072423,0.5507717134697927,-1.097227034200794,-1.5559157025763686,21.27175893579625,13.476065890022918,9.276791274210646,13.476065890022918,50.348131462359326,122706628440.00002,261531628440.0,16.02751155172414,15.428973775933612,-32.181124689221086,-22.694031522100985,2.620200901966646,2.620200901966646,32.88465087891362,75.08803572782084,-68.5894645790716,-48.36908238209728,0.0155981793675953,-0.0440644492375068,3.637868078836668,0.2773567550407411,39.8578811369509,0.1693689128473731,0.6498587263638339,-1.9921630094043887,0.0063892228966534,0.4096133751306165,0.2933484219791273,0.0,0.0237576211446572,-0.4180435352740624,0.2004275116308311,3.233265720081136,0.0,12.922859891459566,0.0070646075710151,0.0031918512737387,-141.22575194439105,-380287000000.0,32238000000.0,-489872000000.0,-358565000000.0,3677000000.0,0.0,0.0,40.96567333081856,0.0,0.0,2.196961325966851,0.0,0.0,0.0408703636480109,0.4586886683755745,1999-04-19,0.52,bmo,7519200000.0,2025-04-25,1999-03-31,0.0576923076923077,33.30770491803278,9179210.590163937
1998-12-31,BAC,USD,70858,1999-03-23,1999-03-23 00:00:00,1998,Q4,7668000000.0,0.0,7668000000.0,1.0,0,2301000000.0,135000000.0,2436000000.0,3361000000.0,5797000000.0,5797000000.0,9638000000.0,5029000000.0,497000000.0,2368000000.0,0.3088158581,1871000000.0,0.2440010433,0.0,1871000000.0,0.2440010433,709000000.0,1162000000.0,0.1515388628,0.0,0.0,3476456000,3521274631,https://www.sec.gov/Archives/edgar/data/70858/000095016899000807/0000950168-99-000807-index.htm,https://www.sec.gov/Archives/edgar/data/70858/000095016899000807/,2.205694534894157,0.3342484415163028,1.2199205167561449,1.129310999477629,21.466976714217008,13.214031761080824,8.98328642732714,13.214031761080824,43.13329436644675,104502267360.0,214397267360.0,22.483276110154907,13.628360375586857,24.640949625088425,26.617999836984207,2.274854529147982,2.274854529147982,27.95999835159103,90.53938655405403,50.55347025701486,54.60959433520122,0.0111193759652795,0.0375685628568738,3.15473028864992,0.2346234856616462,46.40836148648648,0.171737958421544,0.372042155498111,3.649741824440619,0.0074448145447396,0.6695352839931153,0.3000782472613458,0.0,0.0238117209748105,0.0742749351568026,0.0410798122065727,0.6338028169014085,0.0,9.96881709389255,0.0044620400201214,0.0019271241900522,-142.18833777847323,-377931000000.0,31230000000.0,-493378000000.0,-355934000000.0,4433500000.0,0.0,0.0,43.82629107981221,0.0,0.0,2.053561863952865,0.0,0.0,0.0252949627759153,0.0906095172785158,1999-01-19,0.46,bmo,7668000000.0,2025-04-25,1998-12-31,0.0,29.2165625,12413247.78125
1998-09-30,BAC,USD,70858,1998-11-16,1998-11-16 00:00:00,1998,Q3,7129000000.0,0.0,7129000000.0,1.0,0,2246000000.0,143000000.0,2389000000.0,4324000000.0,6713000000.0,6713000000.0,9608000000.0,5164000000.0,502000000.0,918000000.0,0.1287698134,416000000.0,0.0583532052,0.0,416000000.0,0.0583532052,42000000.0,374000000.0,0.0524617758,0.11,0.11,3542857143,3542857143,https://www.sec.gov/Archives/edgar/data/70858/000095016898003569/0000950168-98-003569-index.htm,https://www.sec.gov/Archives/edgar/data/70858/0000950168-98-003569.txt,2.012217741854346,0.1055645161247756,1.1877419354359782,1.1696774193076742,18.605322579894946,13.352782257526098,8.543951612558711,13.352782257526098,41.410927417685045,94771428575.25,204913428575.25,63.34988541126337,13.293789953043904,22.52172732301569,22.869553227618244,2.003327807200837,2.003327807200837,28.74364266730958,223.21724245669932,48.696156980810365,49.44822118128619,0.0039463370513934,0.0437262586657074,2.992136470289809,0.2380282945417061,119.98039215686276,0.1615656971072397,0.080557707203718,2.0057197330791228,0.0115646668671851,2.93048128342246,0.3150511993266938,0.0,0.0286493585550378,0.0152091254752851,0.0089774161874035,0.0677966101694915,0.0,5.631656057816628,0.0015025088684179,0.0006474665706431,-134.8065221719836,-368704000000.0,30270000000.0,-476317000000.0,-344418000000.0,3520000000.0,0.0,0.0,64.80151493898163,0.0,0.0,1.388856419248003,0.0,0.0,0.0079058067516435,0.0180645161283038,1998-10-14,0.43,bmo,12261880000.0,2025-04-25,1998-09-30,-0.4186046511627906,35.2209375,7586266.28125
1998-06-30,BAC,USD,70858,1998-08-14,1998-08-14 00:00:00,1998,Q2,8382000000.0,0.0,8382000000.0,1.0,0,2425000000.0,145000000.0,2570000000.0,2262000000.0,4832000000.0,4832000000.0,9637000000.0,5011000000.0,493000000.0,4043000000.0,0.4823431162,3550000000.0,0.4235266046,0.0,3550000000.0,0.4235266046,1252000000.0,2298000000.0,0.274158912,0.66,0.64,1896153846,1933333333,https://www.sec.gov/Archives/edgar/data/70858/000095016898002669/0000950168-98-002669-index.htm,https://www.sec.gov/Archives/edgar/data/70858/0000950168-98-002669.txt,4.420527383725803,1.2119269777859576,-0.2452332657399783,-0.2452332657399783,19.48365111719949,14.06531440276392,8.689695741070159,14.06531440276392,48.08101420268406,72698538455.64,144608538455.64,7.9088923472193216,8.673173282705799,-156.34094291535484,-156.34094291535484,2.725854460278965,2.725854460278965,17.252271349992842,35.76763256384863,-310.98610420567746,-310.98610420567746,0.0316099889876358,-0.0063962771450176,3.2305211848518933,0.2797473902949819,17.78629730398219,0.1735326040833828,0.7084414288565156,-0.3302556818181818,0.0050344891076913,0.1592689295039164,0.2893104271057027,0.0,0.0330957676510219,0.0,0.0,0.0,0.0,19.584126594116903,0.0165625202707085,0.0077167956157317,-128.12291076090247,-185032000000.0,16477000000.0,-242464000000.0,-170829000000.0,1949000000.0,0.0,0.0,20.476020042949177,0.0,0.0,4.395385422128999,0.0,0.0,0.086164229471316,0.0,1998-07-13,0.57,bmo,8097864406.0,2025-04-25,1998-06-30,0.0350877192982456,38.10031746031746,5002431.746031746
1998-03-31,BAC,USD,70858,1998-05-15,1998-05-15 00:00:00,1998,Q1,8325000000.0,0.0,8325000000.0,1.0,0,2440000000.0,158000000.0,2598000000.0,3516000000.0,6114000000.0,6114000000.0,9705000000.0,5086000000.0,506000000.0,2717000000.0,0.3263663664,2211000000.0,0.2655855856,0.0,2211000000.0,0.2655855856,880000000.0,1331000000.0,0.1598798799,0.39,0.38,1910398000,1910398000,https://www.sec.gov/Archives/edgar/data/70858/000095016898001653/0000950168-98-001653-index.htm,https://www.sec.gov/Archives/edgar/data/70858/0000950168-98-001653.txt,4.357730692766638,0.6967134597083958,1.521672447312026,1.4672335293483347,20.421399101129712,13.20143760619515,8.170025303627831,13.20143760619515,48.46581707057901,69672215060.0,141913215060.0,13.086441596543953,8.369034842042042,23.967050244238045,24.85630219764538,2.762577916732752,2.762577916732752,17.04663243963964,52.2315844902466,48.81775543859649,50.62904568676418,0.0191037416975156,0.0402312456635134,3.4695876288659795,0.2782262808303895,26.58851674641148,0.1798405277146691,0.4347227683837986,5.849094567404427,0.0052244642959396,0.2734785875281743,0.2930930930930931,0.0,0.030562506557966,0.0357757137942896,0.0124924924924924,0.3701067615658363,0.0,14.38563288576755,0.0092138144915095,0.0043654945537913,-130.22247196657452,-186998000000.0,15608000000.0,-248279000000.0,-173114000000.0,2787500000.0,0.0,0.0,21.52432432432433,0.0,0.0,4.181315921647413,0.0,0.0,0.0527755749405233,0.0544389179636913,1998-04-13,0.53,bmo,4004644067.0,2025-04-25,1998-03-31,0.1132075471698112,32.84016393442623,4818311.606557377
1997-12-31,BAC,USD,70858,1998-03-13,1998-03-13 00:00:00,1997,Q4,3550000000.0,0.0,3550000000.0,1.0,0,0.0,0.0,0.0,2284000000.0,2284000000.0,2284000000.0,4288000000.0,2300000000.0,226000000.0,1492000000.0,0.4202816901,1266000000.0,0.3566197183,0.0,1266000000.0,0.3566197183,448000000.0,818000000.0,0.2304225352,0.0,0.0,1424376000,1439419979,https://www.sec.gov/Archives/edgar/data/70858/000095016898000724/0000950168-98-000724-index.htm,https://www.sec.gov/Archives/edgar/data/70858/0000950168-98-000724.txt,2.4923194437423826,0.5742865647834561,2.2662555392677213,2.2662555392677213,51.0862300403826,31.30072396614377,18.808236027565755,31.30072396614377,87.50919700977832,43315274160.0,128832274160.0,13.238164474327627,12.20148567887324,13.418610334572492,13.41861033457249,0.9715430235061906,0.9715430235061906,36.29078145352113,86.34870922252011,39.91086560099133,39.91086560099133,0.0188847933174434,0.0745233653162683,2.744168311501884,0.2142725790435092,57.31702412868633,0.1793280658405283,0.5504347826086956,3.946210268948655,0.0063026266206137,0.3337408312958435,0.0,0.0,0.0311637999730289,0.0,0.0,0.0,0.0,20.11095890153967,0.0036406362657219,0.0014786989618376,-316.5912652277208,-349406000000.0,26790000000.0,-450049000000.0,-323489000000.0,2580000000.0,0.0,0.0,90.86197183098592,0.0,0.0,0.9905133928571428,0.0,0.0,0.0183473891979185,0.0,1998-01-12,0.56,bmo,3550000000.0,2025-04-25,1997-12-31,0.0,30.82453125,3941971.96875
1997-09-30,BAC,USD,70858,1997-11-14,1997-11-14 00:00:00,1997,Q3,7767000000.0,0.0,7767000000.0,1.0,0,2118000000.0,173000000.0,2291000000.0,2689000000.0,4980000000.0,4980000000.0,9443000000.0,4808000000.0,1034000000.0,3821000000.0,0.4919531351,2787000000.0,0.3588258015,0.0,2787000000.0,0.3588258015,1057000000.0,1730000000.0,0.2227372216,0.5,0.48,1449504950,1493877551,https://www.sec.gov/Archives/edgar/data/70858/000095016897003369/0000950168-97-003369-index.htm,https://www.sec.gov/Archives/edgar/data/70858/0000950168-97-003369.txt,5.358381149371032,1.1935109293693684,1.8930601099361544,1.8930601099361544,24.56148907942674,14.016509567628589,8.218668035593808,14.016509567628589,51.62452187555483,44847683153.0,103526683153.0,6.480879068352602,5.774131988283765,16.343907854591837,16.343907854591837,2.207396916523109,2.207396916523109,13.329043794644006,27.09413325124313,37.728383073250725,37.728383073250725,0.0385750138774844,0.0611848775027845,3.4464733966628933,0.288825550555402,15.3569746139754,0.2133919551841307,0.5796589018302829,3.482233502538071,0.0052176608366077,0.1352601156069364,0.2726921591348011,0.0,0.0346646757714375,0.0,0.0,0.0,0.0,19.40101261823564,0.0154478078399857,0.0073921199147128,-127.86158474312212,-137046000000.0,11913000000.0,-184942000000.0,-125498000000.0,1558000000.0,0.0,0.0,18.26187717265353,0.0,0.0,4.928299492385787,0.0,0.0,0.0851503666879952,0.0,1997-10-14,0.54,bmo,7767000000.0,2025-04-25,1997-09-30,0.0,32.24109375,4764803.09375
1997-06-30,BAC,USD,70858,1997-08-14,1997-08-14 00:00:00,1997,Q2,3182000000.0,0.0,3182000000.0,1.0,0,0.0,0.0,0.0,1992000000.0,1992000000.0,1992000000.0,4109000000.0,2121000000.0,171000000.0,1361000000.0,0.4277184161,1190000000.0,0.3739786298,0.0,1190000000.0,0.3739786298,428000000.0,762000000.0,0.2394720302,0.53,0.51,1445714286,1488235294,https://www.sec.gov/Archives/edgar/data/70858/000095016897002267/0000950168-97-002267-index.htm,https://www.sec.gov/Archives/edgar/data/70858/0000950168-97-002267.txt,2.200988141857512,0.5270750987100642,-1.0693675887214689,-1.0693675887214689,26.63043477734576,13.813241103989478,7.885375492512772,13.813241103989478,45.61343872616335,46667657152.08,98942657152.08,15.31091113913386,14.666139896945316,-30.18606542825356,-30.18606542825356,2.336888189888833,2.336888189888833,31.094486848548083,72.69849900961059,-63.99913140496766,-63.99913140496766,0.0163282248671023,-0.0331278682999215,3.1959439158738108,0.2655286609364209,38.40925789860397,0.2309138513708347,0.5610561056105611,-2.028871391076116,0.0051427479896385,0.3149606299212598,0.0,0.0,0.0356545543804761,0.0,0.0,0.0,0.0,12.798978354298493,0.0072355739557319,0.0032874301097535,-125.01571143774392,-133358000000.0,11400000000.0,-180352000000.0,-121650000000.0,1469500000.0,0.0,0.0,43.557510999371466,0.0,0.0,2.066233766233766,0.0,0.0,0.0381572358537806,0.0,1997-07-14,0.5,bmo,7315686274.0,2025-04-25,1997-06-30,0.02,30.33484375,4277093.75
1997-03-31,BAC,USD,70858,1997-05-15,1997-05-15 00:00:00,1997,Q1,3779000000.0,0.0,3779000000.0,1.0,0,1094000000.0,86000000.0,1180000000.0,1267000000.0,2447000000.0,2447000000.0,4781000000.0,2368000000.0,253000000.0,1585000000.0,0.4194231278,1332000000.0,0.3524741995,0.0,1332000000.0,0.3524741995,477000000.0,855000000.0,0.2262503308,0.45,0.44,1891111111,1891111111,https://www.sec.gov/Archives/edgar/data/70858/000095016897001328/0000950168-97-001328-index.htm,https://www.sec.gov/Archives/edgar/data/70858/0000950168-97-001328.txt,1.9982961223265745,0.4521151586634615,-2.199764982502924,-2.258989424339541,20.420799061129305,10.924265570559593,6.394653349376889,10.924265570559593,32.77438308065654,52478333330.25,99017333330.25,15.344541909429823,13.8868307304181,-12.614983973617788,-12.28425405670646,2.5402165317900187,2.5402165317900187,26.20199347188409,62.471503678391166,-23.802243589002405,-23.178214730863765,0.0162924381500346,-0.081405024300524,2.885522048501864,0.2494664334318164,29.362145110410093,0.2335627112115004,0.5625,-5.867418899858956,0.0047448153208872,0.2912280701754386,0.2894945752844668,0.0,0.0358473037102754,-0.0269230769230769,0.0296374702302196,0.5283018867924528,0.0,10.54173071125397,0.0083699621149083,0.0037110663564707,-94.45862221471556,-131316000000.0,12093000000.0,-178282000000.0,-119283000000.0,1279000000.0,0.0,0.0,33.31833818470495,0.0,0.0,2.701215153681201,0.0,0.0,0.0413863207318844,0.0592244418366171,1997-04-14,0.46,bmo,7179914893.0,2025-04-25,1997-03-31,0.0217391304347825,28.484426229508195,6006806.557377049
1996-12-31,BAC,USD,70858,1997-03-28,1997-03-28 00:00:00,1996,Q4,2581000000.0,0.0,2581000000.0,1.0,0,0.0,0.0,0.0,1623000000.0,1623000000.0,1623000000.0,3358000000.0,1768000000.0,120000000.0,1078000000.0,0.4176675707,958000000.0,0.3711739636,0.0,958000000.0,0.3711739636,326000000.0,632000000.0,0.2448663309,0.0,0.0,1150593979,1202777778,https://www.sec.gov/Archives/edgar/data/70858/000095016897000739/0000950168-97-000739-index.htm,https://www.sec.gov/Archives/edgar/data/70858/0000950168-97-000739.txt,2.2431892110570484,0.5492815115800289,0.3789347136849566,0.3415627121059357,25.608512244787264,11.914715573181354,10.150409452125247,11.914715573181354,42.37289686008343,28120516846.76,64330516846.76,11.123622170395569,10.895202187818676,64.49659827238533,71.55347798157761,2.051244937395872,2.051244937395872,24.92464813900039,59.67580412500928,147.54705698798165,163.6908825617303,0.0224746935998375,0.0139755610517976,3.4273834707126705,0.2528929890093329,33.5899814471243,0.2346684648924512,0.5418552036199095,0.689873417721519,0.0068633162417225,0.305379746835443,0.0,0.0,0.0109260794212945,0.0986238532110091,0.016660209221232,0.3583333333333333,0.0,12.134743180301395,0.0079701372074253,0.0034391937485035,-123.19788960063732,-99875000000.0,11679000000.0,-141461000000.0,-95133000000.0,1187500000.0,0.0,0.0,40.41456799690043,0.0,0.0,2.2269197584124245,0.0,0.0,0.04610110146619,0.0373720015790209,1997-01-13,0.53,bmo,2532301886.0,2025-04-25,1996-12-31,0.0188679245283019,23.6603125,3441881.25
1996-09-30,BAC,USD,70858,1996-11-13,1996-11-13 00:00:00,1996,Q3,2507000000.0,0.0,2507000000.0,1.0,0,0.0,0.0,0.0,1551000000.0,1551000000.0,1551000000.0,3423000000.0,1828000000.0,113000000.0,1069000000.0,0.426406063,956000000.0,0.3813322696,0.0,956000000.0,0.3813322696,331000000.0,625000000.0,0.2493019545,0.53,0.53,1173584906,1184761905,https://www.sec.gov/Archives/edgar/data/70858/000095016896002141/0000950168-96-002141-index.htm,https://www.sec.gov/Archives/edgar/data/70858/0000950168-96-002141.txt,2.1361897099927427,0.5325562699423471,1.1204983919586982,1.0472186492146314,25.671768481316853,11.336205784500777,9.63032154062145,11.336205784500777,42.48946944108022,25490264158.32,63108264158.32,10.196105663328,10.16763628173913,19.384231299102662,20.74065431921888,1.91598497882742,1.91598497882742,25.172821762393298,59.03485889459308,47.99107540556654,51.34927921751017,0.0245191652827968,0.0482144866120916,3.6107185808779314,0.2559638942617666,35.189897100093546,0.233675028888806,0.5229759299781181,2.104,0.0067476742858256,0.2752,0.0,0.0,0.0106676044780493,0.0653992395437262,0.0343039489429597,0.7610619469026548,0.0,11.654881725164923,0.0078577804599001,0.003366205451637,-122.12750800324284,-102791000000.0,11302000000.0,-143023000000.0,-98037000000.0,1338500000.0,0.0,0.0,43.653769445552456,0.0,0.0,2.061677631578948,0.0,0.0,0.0469783523752255,0.0732797427440669,1996-10-15,0.51,bmo,,2025-04-25,1996-09-30,0.0196078431372549,21.4965625,5140287.5
1996-06-30,BAC,USD,70858,1996-08-14,1996-08-14 00:00:00,1996,Q2,2498000000.0,0.0,2498000000.0,1.0,0,0.0,0.0,0.0,1567000000.0,1567000000.0,1567000000.0,3442000000.0,1855000000.0,108000000.0,1039000000.0,0.4159327462,931000000.0,0.3726981585,0.0,931000000.0,0.3726981585,326000000.0,605000000.0,0.242193755,0.5,0.5,1202000000,1214141414,https://www.sec.gov/Archives/edgar/data/70858/000095016896001514/0000950168-96-001514-index.htm,https://www.sec.gov/Archives/edgar/data/70858/0000950168-96-001514.txt,2.0782029950083194,0.5033277870216306,3.812811980033278,3.696339434276206,25.24376039933444,11.668053244592349,10.094841930116472,11.668053244592349,43.24043261231281,25314120000.0,66651120000.0,10.460380165289257,10.133755004003202,5.523482435086187,5.697528696826469,1.804928342245989,1.804928342245989,26.6817934347478,64.14929740134745,14.543120226925597,15.001377447670492,0.023899704986782,0.1755146929855748,3.573618538324421,0.2606235830022672,39.785370548604426,0.2309373570437927,0.5018867924528302,7.575206611570248,0.0070711523845189,0.2958677685950413,0.0,0.0,0.0098331842669051,0.0305476761946323,0.0560448358686949,1.2962962962962965,0.0,11.495183639905564,0.0071866387912192,0.0031772373264992,-122.16659733777038,-105913000000.0,12134000000.0,-146479000000.0,-101301000000.0,1469500000.0,0.0,0.0,52.63811048839071,0.0,0.0,1.7097878165639973,0.0,0.0,0.0431372549019607,0.1164725457570715,1996-07-15,0.49,bmo,,2025-04-25,1996-06-30,0.0204081632653061,20.094126984126984,2963307.936507937
1996-03-31,BAC,USD,70858,1996-05-10,1996-05-10 00:00:00,1996,Q1,2456000000.0,0.0,2456000000.0,1.0,0,0.0,0.0,0.0,1667000000.0,1667000000.0,1667000000.0,3573000000.0,2016000000.0,101000000.0,890000000.0,0.3623778502,789000000.0,0.3212540717,0.0,789000000.0,0.3212540717,276000000.0,513000000.0,0.2088762215,0.43,0.42,1197647059,1211904762,https://www.sec.gov/Archives/edgar/data/70858/000007085896000068/0000070858-96-000068-index.htm,https://www.sec.gov/Archives/edgar/data/70858/0000070858-96-000068.txt,2.05068762248762,0.4283398820586925,-3.782416502389624,-3.8483791742856015,23.42927308102712,11.319695479668022,9.805058937651514,11.319695479668022,46.90279960016167,24779317650.710003,70445317650.71,12.075690862919105,10.0892987177158,-5.470048046514349,-5.376289357932307,1.827787685380984,1.827787685380984,28.68294692618485,79.15204230416855,-15.550842748501106,-15.28429543300282,0.0207027492536825,-0.1860018933922475,3.9947628531386,0.2786212218649517,51.31011235955056,0.2035418963616317,0.3913690476190476,-8.830409356725147,0.0071834100724278,0.3469785575048733,0.0,0.0,0.0093324758842443,-0.0174392935982339,0.0321661237785016,0.7821782178217822,0.0,10.444866351503958,0.0060528830837846,0.0026640908595198,-126.62286343910272,-115582000000.0,11743000000.0,-151280000000.0,-111134000000.0,1537500000.0,0.0,0.0,54.16123778501629,0.0,0.0,1.6617050067658998,0.0,0.0,0.0378402301394113,0.065962671895978,1996-04-15,0.47,bmo,,2025-04-25,1996-03-31,0.0212765957446808,17.95015873015873,3944901.587301587
1995-12-31,BAC,USD,70858,1996-03-29,1996-03-29 00:00:00,1995,Q4,2262000000.0,0.0,2262000000.0,1.0,0,0.0,0.0,0.0,1474000000.0,1474000000.0,1474000000.0,3361000000.0,1948000000.0,100000000.0,888000000.0,0.3925729443,788000000.0,0.3483642794,0.0,788000000.0,0.3483642794,278000000.0,510000000.0,0.225464191,0.0,0.0,1197647059,1211904762,https://www.sec.gov/Archives/edgar/data/70858/000095016896000536/0000950168-96-000536-index.htm,https://www.sec.gov/Archives/edgar/data/70858/0000950168-96-000536.txt,1.8887033396038253,0.425834970467706,-0.7297642435074021,-0.7923870332820648,23.88934184323831,10.68845775873942,9.424312375821565,10.68845775873942,46.43521610317752,20851035297.19,64772035297.19,10.221095733916668,9.217964322365162,-23.85701979083524,-21.97158619303477,1.6288598779150067,1.6288598779150067,28.634852032356324,72.94148119052929,-74.10988020273456,-68.25293498123288,0.0244592171434638,-0.0455133275865631,4.192250605421451,0.2865220130487245,49.460585585585584,0.2211727839157715,0.4045174537987679,-1.7137254901960783,0.0076734798881455,0.3137254901960784,0.0,0.0,0.0080833751561682,-0.085812356979405,0.03315649867374,0.75,0.0,10.119742072595418,0.0058886695070837,0.0027451233690737,-120.81042483485112,-106373000000.0,11287000000.0,-144289000000.0,-102351000000.0,1664500000.0,0.0,0.0,63.54111405835544,0.0,0.0,1.4164057608015028,0.0,0.0,0.0398406374501992,0.0626227897746626,1996-01-16,0.48,bmo,,2025-04-25,1995-12-31,-0.0416666666666665,17.48857142857143,2988215.873015873
1995-09-30,BAC,USD,70858,1995-11-13,1995-11-13 00:00:00,1995,Q3,2170000000.0,0.0,2170000000.0,1.0,0,0.0,0.0,0.0,1352000000.0,1352000000.0,1352000000.0,3398000000.0,2007000000.0,99000000.0,917000000.0,0.4225806452,818000000.0,0.3769585253,0.0,818000000.0,0.3769585253,288000000.0,530000000.0,0.2442396313,0.49,0.49,1077551020,1088659794,https://www.sec.gov/Archives/edgar/data/70858/000007085895000081/0000070858-95-000081-index.htm,https://www.sec.gov/Archives/edgar/data/70858/0000070858-95-000081.txt,2.0138257583385704,0.4918560607923697,-2.105700758373372,-2.167878788699954,25.557026524832207,11.081609852682428,9.735037882475392,11.081609852682428,51.158598504226745,18113632646.2,61880632646.2,8.54416634254717,8.34729615032258,-7.983090632966064,-7.754123564297944,1.5169276146218909,1.5169276146218909,28.51642057428571,67.4816059391494,-27.27220478016747,-26.489996851969178,0.0292597299698018,-0.1289636400178438,4.448454903274433,0.291641502596932,47.72846237731734,0.2164246421388856,0.4075734927752865,-4.281132075471698,0.0075633641620053,0.2584905660377358,0.0,0.0,0.0079664869494559,-0.0295284266196562,0.0308755760368663,0.6767676767676768,0.0,11.074183121612698,0.0062894574452935,0.0029332492099597,-131.18543565575206,-105977000000.0,10490000000.0,-140926000000.0,-102068000000.0,1654000000.0,0.0,0.0,71.83410138248847,0.0,0.0,1.2528868360277137,0.0,0.0,0.0443848923875722,0.0621780303265825,1995-10-16,0.45,bmo,,2025-04-25,1995-09-30,0.0666666666666666,15.055714285714286,2911238.095238095
1995-06-30,BAC,USD,70858,1995-08-14,1995-08-14 00:00:00,1995,Q2,2070000000.0,0.0,2070000000.0,1.0,0,0.0,0.0,0.0,1359000000.0,1359000000.0,1359000000.0,3391000000.0,2055000000.0,102000000.0,813000000.0,0.3927536232,711000000.0,0.3434782609,0.0,711000000.0,0.3434782609,244000000.0,467000000.0,0.2256038647,0.43,0.43,1105908620,1105908620,https://www.sec.gov/Archives/edgar/data/70858/000007085895000033/0000070858-95-000033-index.htm,https://www.sec.gov/Archives/edgar/data/70858/0000070858-95-000033.txt,1.87176405225958,0.4222772040604946,1.0353477487136324,0.9584878721715724,23.02631477815952,10.402306114586574,9.061327327388044,10.402306114586574,49.7898280239465,14830234594.2,57477234594.2,7.93909774850107,7.16436453826087,12.952169951266375,13.990787353018868,1.2891372213317107,1.2891372213317107,27.766779997198068,70.69770552792127,50.19845816087336,54.2238062209434,0.0314897243892986,0.0714756056802067,4.60778859527121,0.2877929072469433,52.45633456334564,0.1892328793964926,0.345985401459854,2.451820128479657,0.0093053147017627,0.2955032119914347,0.0,0.0,0.0080515560188503,0.074235807860262,0.0410628019323671,0.8333333333333334,0.0,9.941568120352173,0.0055873274149936,0.0025560329492898,-132.0515975361509,-115857000000.0,10021000000.0,-145643000000.0,-111911000000.0,1416000000.0,0.0,0.0,68.52173913043478,0.0,0.0,1.3134517766497462,0.0,0.0,0.0405945757997218,0.07685987654206,1995-07-17,0.41,bmo,,2025-04-25,1995-06-30,0.048780487804878,13.415555555555557,2910165.0793650798
1995-03-31,BAC,USD,70858,1995-05-15,1995-05-15 00:00:00,1995,Q1,2034000000.0,0.0,2034000000.0,1.0,0,0.0,0.0,0.0,1360000000.0,1360000000.0,1360000000.0,3070000000.0,1763000000.0,98000000.0,772000000.0,0.3795476893,674000000.0,0.331366765,0.0,674000000.0,0.331366765,231000000.0,443000000.0,0.2177974435,0.4,0.4,1105908620,1105908620,https://www.sec.gov/Archives/edgar/data/70858/000007085895000008/0000070858-95-000008-index.htm,https://www.sec.gov/Archives/edgar/data/70858/0000070858-95-000008.txt,1.839211633959413,0.4005755918603835,-2.65392632530525,-2.726265032638953,24.719944763609853,10.25943716760251,8.896756768203868,10.25943716760251,48.53023028249839,14033980387.8,55215980387.8,7.919853491986456,6.899695372566371,-4.781594680681431,-4.654719863283582,1.2369099583818084,1.2369099583818084,27.14649969901672,71.52329065777202,-18.81294050691653,-18.31375800590381,0.031566240493332,-0.2148356999715487,4.574916270051119,0.2823272814298302,53.34455958549223,0.2001904308497976,0.3823028927963698,-6.625282167042889,0.0099757870633554,0.3160270880361174,0.0,0.0,0.0081967213114754,-0.0272572402044293,0.039331366764995,0.8163265306122449,0.0,9.616018022042848,0.0053302210297072,0.0024294339912364,-130.41583851656748,-114240000000.0,9839000000.0,-143914000000.0,-110282000000.0,1332000000.0,0.0,0.0,55.575221238938056,0.0,0.0,1.6194267515923566,0.0,0.0,0.0390445972148774,0.0723387073337035,1995-04-17,0.39,bmo,,2025-04-25,1995-03-31,0.0256410256410256,12.15,2813784.126984127
1994-12-31,BAC,USD,70858,1995-03-30,1995-03-30 00:00:00,1994,Q4,1919000000.0,0.0,1919000000.0,1.0,0,0.0,0.0,0.0,1331000000.0,1331000000.0,1331000000.0,2918000000.0,1618000000.0,107000000.0,695000000.0,0.3621677957,588000000.0,0.3064095883,0.0,588000000.0,0.3064095883,183000000.0,405000000.0,0.2110474205,0.0,0.0,1106083983,1118760447,https://www.sec.gov/Archives/edgar/data/70858/000095016895000247/0000950168-95-000247-index.htm,https://www.sec.gov/Archives/edgar/data/70858/000095016895000247/,1.7349496326627487,0.3661566447255931,-0.1925712724112378,-0.2847885014532391,19.60248980479089,9.954940284132114,8.40713738099578,9.954940284132114,39.992442418362,12476627328.24,43352627328.24,7.701621807555555,6.501629665575821,-58.57571515605634,-39.60834072457143,1.1331057422795383,1.1331057422795383,22.59125968120896,62.37788104782734,-203.5334616349296,-137.62738834361903,0.0324606954543965,-0.0252472075756417,3.87040232494778,0.2512735548689889,44.42589928057554,0.1748182919442762,0.3634116192830655,-0.5259259259259259,0.0112209811447296,0.345679012345679,0.0,0.0,0.0100941015542086,-0.4788732394366197,0.0531526836894215,0.9532710280373832,0.0,9.056159201882044,0.0058581884456273,0.0024122650275176,-122.8252122696184,-108990000000.0,9299000000.0,-135503000000.0,-104839000000.0,1204500000.0,0.0,0.0,66.0343929129755,0.0,0.0,1.3629261363636365,0.0,0.0,0.036781400417764,0.0922172290420012,1995-01-17,0.38,bmo,,2025-04-25,1994-12-31,-0.0526315789473684,11.78873015873016,3264908.0634920634
1994-10-30,BAC,USD,70858,1994-11-14,1994-11-14 00:00:00,1994,Q3,1957000000.0,0.0,1957000000.0,1.0,0,0.0,0.0,0.0,1304000000.0,1304000000.0,1304000000.0,2701000000.0,1395000000.0,101000000.0,754000000.0,0.3852835973,653000000.0,0.3336739908,0.0,653000000.0,0.3336739908,222000000.0,431000000.0,0.2202350537,0.39,0.39,1097435897,1111688312,https://www.sec.gov/Archives/edgar/data/70858/000007085894000018/0000070858-94-000018-index.htm,https://www.sec.gov/Archives/edgar/data/70858/0000070858-94-000018.txt,1.7832476642597013,0.3927336450158054,2.5176869168878664,2.4457009355508625,20.111425241633043,9.75820093845536,8.268364489265473,9.75820093845536,55.369065442553136,13586256404.86,61296256404.86,7.880659167552205,6.942389578364844,4.9172118729135,5.061943518949329,1.268676478182837,1.268676478182837,31.321541341267245,81.29476976771883,22.18467477555556,22.837651417608047,0.0317232346539422,0.1975525796083087,5.543841628536745,0.3473658958996443,63.27586206896552,0.155553458017017,0.468100358422939,6.410672853828307,0.0094948892583725,0.2993039443155452,0.0,0.0,0.0095663265306122,0.0285921100253347,0.0403679100664282,0.7821782178217822,0.0,9.285925426445932,0.0058104264124998,0.0025461226274095,-125.18384934878796,-125250000000.0,9074000000.0,-137131000000.0,-121224000000.0,1057000000.0,0.0,0.0,46.03474706182933,0.0,0.0,1.9550449550449551,0.0,0.0,0.0402465216173312,0.0719859813370037,1994-10-30,,,,,,,13.37640625,2546956.25
1994-06-30,BAC,USD,70858,1994-08-12,1994-08-12 00:00:00,1994,Q2,1954000000.0,0.0,1954000000.0,1.0,0,0.0,0.0,0.0,1298000000.0,1298000000.0,1298000000.0,2512000000.0,1195000000.0,100000000.0,756000000.0,0.3868986694,656000000.0,0.3357215967,0.0,656000000.0,0.3357215967,219000000.0,437000000.0,0.2236438076,0.4,0.4,1101265823,1101265823,https://www.sec.gov/Archives/edgar/data/70858/000007085894000014/0000070858-94-000014-index.htm,https://www.sec.gov/Archives/edgar/data/70858/0000070858-94-000014.txt,1.7743218387337532,0.3968160918764842,1.6235862065792992,1.5409540226874,16.611793100202295,9.50996551538311,8.232344825977588,9.50996551538311,52.1100344725762,14140253167.32,60978253167.32,8.08938968382151,7.236567639365404,7.90841899738255,8.33250039323512,1.350162624588943,1.350162624588943,31.206884937215968,80.65906503613756,34.104168438098434,35.932971813388335,0.0309046800526856,0.1200119955364018,5.365415831184952,0.3418046448253628,61.955026455026456,0.1378573052224811,0.5489539748953974,4.091533180778032,0.0090521717316791,0.2929061784897025,0.0,0.0,0.0085584982785678,0.0508948545861297,0.0465711361310133,0.91,0.0,9.214576244631402,0.0060564902846689,0.0026811296329245,-122.40119250481816,-121369000000.0,9066000000.0,-134518000000.0,-117591000000.0,1057500000.0,0.0,0.0,51.264073694984646,0.0,0.0,1.7556154537286612,0.0,0.0,0.0417263439320156,0.0826321838918994,1994-07-18,0.37,bmo,,2025-04-25,1994-06-30,0.0540540540540541,13.271774193548389,3444064.516129032
1994-03-31,BAC,USD,70858,1994-05-13,1994-05-13 00:00:00,1994,Q1,1982000000.0,0.0,1982000000.0,1.0,0,0.0,0.0,0.0,1324000000.0,1324000000.0,1324000000.0,2398000000.0,1110000000.0,98000000.0,756000000.0,0.3814328961,658000000.0,0.331987891,0.0,658000000.0,0.331987891,241000000.0,417000000.0,0.2103935419,0.38,0.38,1089473684,1089473684,https://www.sec.gov/Archives/edgar/data/70858/000007085894000002/0000070858-94-000002-index.htm,https://www.sec.gov/Archives/edgar/data/70858/0000070858-94-000002.txt,1.8192270534916384,0.3827536232623678,4.387439614374385,4.336956522577189,19.836183578712305,9.3366183592921,8.061690822813853,9.3366183592921,55.0247343101497,12463578944.96,61975578944.96,7.472169631270983,6.28838493691221,2.607443293924686,2.63779448570582,1.2252830264412111,1.2252830264412111,31.26921238393541,81.97827902772487,12.965602289740586,13.116524644435978,0.0334574845509062,0.3791045911343697,5.7843098702320095,0.3564405619400136,65.4920634920635,0.1599007205538152,0.5927927927927928,11.462829736211033,0.010430390867189,0.3117505995203837,0.0,0.0,0.0084145610070818,0.0115062761506276,0.027749747729566,0.5612244897959183,0.0,8.966970022579108,0.0056112494112897,0.002547622829633,-121.65185992688924,-118806000000.0,8783000000.0,-132286000000.0,-115159000000.0,1059500000.0,0.0,0.0,45.49949545913218,0.0,0.0,1.9780439121756488,0.0,0.0,0.0409948879276445,0.0504830917971948,1994-04-18,0.35,bmo,,2025-04-25,1994-03-31,0.0857142857142858,12.093650793650792,2825225.396825397
1993-12-31,BAC,USD,70858,1994-03-30,1994-03-30 00:00:00,1993,Q4,1918000000.0,0.0,1918000000.0,1.0,0,0.0,0.0,0.0,1344000000.0,1344000000.0,1344000000.0,2353000000.0,1050000000.0,98000000.0,672000000.0,0.3503649635,574000000.0,0.299270073,0.0,574000000.0,0.299270073,201000000.0,373000000.0,0.1944734098,0.0,0.0,1089473684,1089473684,https://www.sec.gov/Archives/edgar/data/70858/000095016894000099/0000950168-94-000099-index.htm,https://www.sec.gov/Archives/edgar/data/70858/0000950168-94-000099.txt,1.7604830921276295,0.342367149824612,-1.2051690823584869,-5.402608696696157,18.117004834418744,9.159468600803764,7.904734301044393,9.159468600803764,49.24396136217275,13346052629.0,56818052629.0,8.945075488605898,6.958317324817518,-10.164548841584155,-2.26742314458036,1.3374138319470887,1.3374138319470887,29.623593654327426,84.55067355505952,-43.27345973267327,-9.653084034828408,0.0279483387611928,-0.4410292813629515,5.271069245415372,0.3335743185824994,64.69047619047619,0.1540694882573267,0.5466666666666666,-3.520107238605898,0.0087666370913124,0.3136729222520107,0.0,0.0,0.0086691272528949,-3.482863670982483,2.384254431699687,46.66326530612245,0.0,8.399867622303178,0.0056028720352094,0.0023861462778037,-116.69051934622038,-114506000000.0,8612000000.0,-126852000000.0,-110880000000.0,977500000.0,0.0,0.0,52.41397288842544,0.0,0.0,1.7170993733213966,0.0,0.0,0.0373784948391622,4.19743961433767,1994-01-18,0.33,bmo,,2025-04-25,1993-12-31,0.0303030303030303,12.12703125,3324612.5
1993-09-30,BAC,USD,70858,1993-09-30,1993-09-29 20:00:00,1993,Q3,1722000000.0,0.0,1722000000.0,1.0,0,0.0,0.0,0.0,1195000000.0,1195000000.0,1195000000.0,2067000000.0,919000000.0,85000000.0,612000000.0,0.3554006969,527000000.0,0.306039489,0.0,527000000.0,0.306039489,186000000.0,341000000.0,0.1980255517,0.34,0.33,1008955224,1024242424,,,1.7067159761293826,0.3379733727410682,1.084289940700084,1.026804733606295,17.75698224641929,8.66639053151877,7.721849111512207,8.66639053151877,47.777144964760105,12995343285.12,51931343285.12,9.527377775014664,7.546656960000001,11.87874157689214,12.54376764972973,1.4862011991216837,1.4862011991216837,30.157574497746808,84.85513608679739,47.469235178354666,50.12677923274131,0.0262401686910767,0.0797208644104266,5.407822506861848,0.3390819846113027,63.62091503267974,0.1549174775727337,0.573449401523395,3.2082111436950145,0.0083876199041858,0.3196480938416422,0.0,0.0,0.0068338436605881,0.053016453382084,0.0336817653890824,0.6823529411764706,0.0,8.118048277889509,0.0056967206268063,0.0024620938628158,-111.16895708743564,-102304000000.0,7791000000.0,-111955000000.0,-99200000000.0,853000000.0,0.0,0.0,43.79790940766551,0.0,0.0,2.054892601431981,0.0,0.0,0.0389981701738334,0.0574852070937887,1993-10-18,0.31,bmo,,2025-04-25,1993-09-30,0.129032258064516,12.6996875,2426400.0
1993-06-30,BAC,USD,70858,1993-06-30,1993-06-29 20:00:00,1993,Q2,1614000000.0,0.0,1614000000.0,1.0,0,0.0,0.0,0.0,1150000000.0,1150000000.0,1150000000.0,1905000000.0,794000000.0,85000000.0,549000000.0,0.3401486989,464000000.0,0.2874845105,0.0,464000000.0,0.2874845105,158000000.0,306000000.0,0.1895910781,0.3,0.3,1013333333,1013333333,,,1.592763158418672,0.3019736843098597,-0.0088815789502899,-0.0157894736894044,10.29078947706934,8.347697371167005,7.398355265591564,8.347697371167005,33.026644747706136,12575466662.53,36610466662.53,10.274074070694445,7.79149111680917,-1397.2740736144444,-785.9666664081251,1.4866375059144108,1.4866375059144108,22.683064846672863,66.6857316257377,-4067.82962917,-2288.154166408125,0.0243330930144931,-0.0012723185889931,3.862513299444379,0.2639517223550701,43.77959927140255,0.104068396226415,0.5843828715365239,-0.0294117647058823,0.0082700708284551,0.3398692810457516,0.0,0.0,0.0077716021456731,-0.7777777777777778,0.0043370508054522,0.0823529411764705,0.0,7.531112862000423,0.0069933266294908,0.0024914103336535,-102.8743421391034,-97248000000.0,7497000000.0,-104029000000.0,-94150000000.0,825500000.0,0.0,0.0,48.40148698884759,0.0,0.0,1.859447004608295,0.0,0.0,0.0361744887102494,0.0069078947391144,1993-07-20,0.29,bmo,,2025-04-25,1993-06-30,0.0344827586206896,12.413492063492065,3004673.015873016
1993-03-31,BAC,USD,70858,1993-03-31,1993-03-30 19:00:00,1993,Q1,1592000000.0,0.0,1592000000.0,1.0,0,0.0,0.0,0.0,1166000000.0,1166000000.0,1166000000.0,1882000000.0,807000000.0,84000000.0,510000000.0,0.3203517588,426000000.0,0.2675879397,0.0,426000000.0,0.2675879397,145000000.0,481000000.0,0.3021356784,0.48,0.47,1008421053,1019148936,,,1.5787056361664438,0.4769832983643589,2.345250521063844,2.3125260951885345,10.012682668575742,8.151356990758899,7.178549057920154,8.151356990758899,29.31216074085673,13775031583.98,34220031583.98,7.15957982535343,8.652658030138191,5.824537667644821,5.906960370488851,1.6757945965912409,1.6757945965912409,21.494994713555275,67.09810114505882,14.469357963627909,14.674113029150943,0.0349182502462927,0.1692918078468912,3.497810218978102,0.2367569437010565,40.088235294117645,0.1027413430031067,0.5278810408921933,8.416370106761565,0.0074772968302872,0.2141372141372141,0.0,0.0,0.0080779967226883,0.013953488372093,0.0207286432160804,0.3928571428571428,0.0,9.35314790490052,0.0070017192833827,0.003993026730865,-101.68049317788292,-95017000000.0,7239000000.0,-102341000000.0,-91848000000.0,819500000.0,0.0,0.0,44.265075376884425,0.0,0.0,2.033205619412516,0.0,0.0,0.0585158150851581,0.0327244258753094,1993-04-20,0.34,bmo,,2025-04-25,1993-03-31,-0.1764705882352941,13.474516129032258,1893251.6129032257
1992-12-31,BAC,USD,70858,1992-12-31,1992-12-30 19:00:00,1992,Q4,1529000000.0,0.0,1529000000.0,1.0,0,0.0,0.0,0.0,1244000000.0,1244000000.0,1244000000.0,1888000000.0,812000000.0,169000000.0,454000000.0,0.2969260955,285000000.0,0.1863963375,0.0,285000000.0,0.1863963375,51000000.0,234000000.0,0.1530412034,0.0,0.0,1008421053,1019148936,,,1.516231732222671,0.2320459289340124,4.1807933178880194,4.138152399323222,11.188778701548983,7.748747387565698,6.856263045511803,7.748747387565698,25.619258863291503,12948126320.52,28206126320.52,13.833468291153848,8.468362537946371,3.071187457428842,3.102834009230769,1.657042016959304,1.657042016959304,18.447433826370176,62.12803154299559,6.690257666157495,6.759196338490295,0.018072112845328,0.3222860124083506,3.202329152802662,0.2119533453612177,33.607929515418505,0.1159585036872874,0.3509852216748768,18.017094017094017,0.0079548189020033,0.4401709401709401,0.0,0.0,0.0076233069905725,0.0101992409867172,0.0281229561805101,0.2544378698224852,0.0,6.360539987022359,0.0066228914298652,0.0019972857398919,-97.49895612304316,-92545000000.0,6914000000.0,-98106000000.0,-89445000000.0,805500000.0,0.0,0.0,50.38587311968608,0.0,0.0,1.786214953271028,0.0,0.0,0.0299462503199385,0.0426409185647971,1992-12-30,,bmo,,2025-04-25,1992-12-31,,12.0325,4242168.75
1992-09-30,BAC,USD,70858,1992-09-30,1992-09-29 20:00:00,1992,Q3,1592000000.0,0.0,1592000000.0,1.0,0,0.0,0.0,0.0,1172000000.0,1172000000.0,1172000000.0,1904000000.0,867000000.0,0.0,420000000.0,0.2638190955,420000000.0,0.2638190955,0.0,420000000.0,0.2638190955,70000000.0,350000000.0,0.2198492462,0.35,0.34,980000000,1008823529,,,1.6244897959183673,0.3571428571428571,-2.0316326530612243,-2.1142857142857143,9.443877551020408,7.789795918367347,6.835714285714285,7.789795918367347,28.620408163265303,10868200000.0,31003200000.0,7.763,6.826758793969849,-5.458663987945756,-5.245270270270271,1.4236573225045848,1.4236573225045848,19.474371859296483,73.81714285714285,-15.571672526368658,-14.962934362934362,0.0322040448280304,-0.1906479453819399,3.560518731988473,0.2304920034597968,47.94047619047619,0.0958601074475929,0.4844290657439446,-5.688571428571429,0.0090171325518485,0.28,0.0,0.0,0.0079287010498108,-0.0406830738322451,0.0508793969849246,0.0,0.0,7.911799690590209,0.0093385629285733,0.0029916831209238,-102.52117346938776,-94413000000.0,6699000000.0,-100282000000.0,-91260000000.0,784500000.0,0.0,0.0,42.6821608040201,0.0,0.0,2.108609271523179,0.0,0.0,0.0458475242336913,0.0826530612244898,1993-01-18,0.28,bmo,,2025-04-25,1992-09-30,-0.1785714285714286,11.3671875,3114893.75
1992-06-30,BAC,USD,70858,1992-06-30,1992-06-29 20:00:00,1992,Q2,1477000000.0,0.0,1477000000.0,1.0,0,0.0,0.0,0.0,1168000000.0,1168000000.0,1168000000.0,1932000000.0,934000000.0,82000000.0,391000000.0,0.2647257955,309000000.0,0.2092078538,0.0,309000000.0,0.2092078538,58000000.0,251000000.0,0.1699390657,0.25,0.25,976000000,976000000,,,1.5133196721311477,0.257172131147541,7.612704918032787,7.521516393442623,9.116803278688524,7.519467213114754,6.467213114754099,7.519467213114754,11.273565573770492,11624160000.0,14150160000.0,11.577848605577689,7.87011509817197,1.5644899057873487,1.583457294646506,1.583888813189808,1.583888813189808,9.580338524035206,36.18966751918158,1.9044629878869448,1.9275521046178992,0.0215929581148229,0.6315295040673907,1.371985284098651,0.0909756229783696,6.460358056265985,0.1086645184389545,0.3308351177730192,29.60159362549801,0.0083446889925809,0.3864541832669322,0.0,0.0,0.0092791702054608,0.0119784656796769,0.0602572782667569,1.0853658536585369,0.0,6.596244513853516,0.0089133522727272,0.0022890808109365,-96.1378073770492,-79664000000.0,6312000000.0,-93627000000.0,-76443000000.0,795000000.0,0.0,0.0,49.60054163845633,0.0,0.0,1.8144963144963144,0.0,0.0,0.0342008448017441,0.0911885245901639,1992-06-29,,bmo,,2025-04-25,1992-06-30,,11.698253968253969,1968203.174603175
1992-03-31,BAC,USD,70858,1992-03-31,1992-03-30 19:00:00,1992,Q1,1662000000.0,0.0,1662000000.0,1.0,0,0.0,0.0,0.0,1280000000.0,1280000000.0,1280000000.0,2056000000.0,1069000000.0,88000000.0,470000000.0,0.2827918171,382000000.0,0.229843562,0.0,382000000.0,0.229843562,72000000.0,310000000.0,0.1865222623,0.32,0.31,943750000,974193548,,,1.7610596026490066,0.3284768211920529,-1.9645033112582784,-2.042913907284768,11.983046357615894,7.556026490066225,6.437086092715232,7.556026490066225,11.358940397350992,10739875000.0,11826875000.0,8.661189516129033,6.4620186522262335,-5.792812837108954,-5.57047458506224,1.5060825971112046,1.5060825971112046,7.116049939831528,25.163563829787236,-6.379112729234088,-6.134271265560166,0.0288643955353297,-0.1795179180390833,1.353386621792175,0.0856032854063739,2.3127659574468087,0.1320591834950607,0.3573433115060804,-5.980645161290322,0.009031762473958,0.3129032258064516,0.0,0.0,0.0093666013251612,-0.0399137001078748,0.0445246690734055,0.8409090909090909,0.0,7.472920456672059,0.0110666857061259,0.0027756636970049,-99.30490066225164,-79427000000.0,6075000000.0,-93525000000.0,-76211000000.0,,,,42.021660649819495,0.0,0.0,2.141752577319588,0.0,0.0,0.0434721637918945,0.07841059602649,1992-03-30,,bmo,,2025-04-25,1992-03-31,,11.214285714285714,2293149.206349206
