date,symbol,reportedCurrency,cik,fillingDate,acceptedDate,calendarYear,period,revenue,costOfRevenue,grossProfit,grossProfitRatio,researchAndDevelopmentExpenses,generalAndAdministrativeExpenses,sellingAndMarketingExpenses,sellingGeneralAndAdministrativeExpenses,otherExpenses,operatingExpenses,costAndExpenses,interestIncome,interestExpense,depreciationAndAmortization,ebitda,ebitdaratio,operatingIncome,operatingIncomeRatio,totalOtherIncomeExpensesNet,incomeBeforeTax,incomeBeforeTaxRatio,incomeTaxExpense,netIncome,netIncomeRatio,eps,epsdiluted,weightedAverageShsOut,weightedAverageShsOutDil,link,finalLink,revenuePerShare,netIncomePerShare,operatingCashFlowPerShare,freeCashFlowPerShare,cashPerShare,bookValuePerShare,tangibleBookValuePerShare,shareholdersEquityPerShare,interestDebtPerShare,marketCap,enterpriseValue,peRatio,priceToSalesRatio,pocfratio,pfcfRatio,pbRatio,ptbRatio,evToSales,enterpriseValueOverEBITDA,evToOperatingCashFlow,evToFreeCashFlow,earningsYield,freeCashFlowYield,debtToEquity,debtToAssets,netDebtToEBITDA,currentRatio,interestCoverage,incomeQuality,dividendYield,payoutRatio,salesGeneralAndAdministrativeToRevenue,researchAndDdevelopementToRevenue,intangiblesToTotalAssets,capexToOperatingCashFlow,capexToRevenue,capexToDepreciation,stockBasedCompensationToRevenue,grahamNumber,roic,returnOnTangibleAssets,grahamNetNet,workingCapital,tangibleAssetValue,netCurrentAssetValue,investedCapital,averageReceivables,averagePayables,averageInventory,daysSalesOutstanding,daysPayablesOutstanding,daysOfInventoryOnHand,receivablesTurnover,payablesTurnover,inventoryTurnover,roe,capexPerShare,report_date,epsEstimated,time,revenueEstimated,updatedFromDate,fiscalDateEnding,surprise(%),QuarterAvgPrice,QuarterAvgVolume
2025-03-31,BEN,USD,38777,2025-05-02,2025-05-02 08:44:30,2025,Q2,2111400000.0,1101800000.0,1009600000.0,0.4781661457,0,182800000.0,498100000.0,680900000.0,183100000.0,864000000.0,1965800000.0,0.0,-20800000.0,0.0,145600000.0,0.0689589846,145600000.0,0.0689589846,-102900000.0,42700000.0,0.0202235484,-108700000.0,151400000.0,0.0717059771,0.29,0.29,517400000,518200000,https://www.sec.gov/Archives/edgar/data/38777/000003877725000075/0000038777-25-000075-index.htm,https://www.sec.gov/Archives/edgar/data/38777/000003877725000075/ben-20250331.htm,4.080788558175493,0.2926169308078856,-0.0968303053730189,-0.1693080788558175,6.840162350212601,29.33513722458446,8.573830691921144,23.86161577116351,25.458059528411287,9959950000.0,19613650000.0,16.44641677675033,4.7172255375580185,-198.8013972055888,-113.6980593607306,0.8067349748906528,0.8067349748906528,9.28940513403429,134.7091346153846,-391.4900199600799,-223.9001141552512,0.0152008795224875,-0.0087952248756268,1.0685890166855665,0.4124064545573901,66.30288461538461,3.959942888871262,-7.0,-4.318965517241379,0.017389645530349,1.143989431968296,0.0865776262195699,0.0,0.335791408511463,-0.7485029940119761,0.0177607274793975,0.2856054836252856,0.022118025954343,12.534035158287429,0.0168000097734026,0.0071254100405216,-23.54619250096637,3731600000.0,4436100000.0,-11819500000.0,16241300000.0,1423500000.0,723100000.0,0.0,61.94373401534527,0.0,0.0,1.452931461601982,0.0,0.0,0.0122630811598898,0.0724777734827986,2025-05-02,0.47,bmo,2357354380.0,2025-05-11,2025-03-31,0.0,18.63357142857143,5546768.964285715
2024-12-31,BEN,USD,38777,2025-01-31,2025-01-31 08:47:50,2025,Q1,2251600000.0,1179100000.0,1072500000.0,0.4763279446,0,185200000.0,512300000.0,697500000.0,156000000.0,853500000.0,2032600000.0,0.0,23100000.0,142800000.0,479100000.0,0.2127820217,219000000.0,0.0972641677,94200000.0,313200000.0,0.1391010837,149600000.0,163600000.0,0.0726594422,0.29,0.29,517400000,518200000,https://www.sec.gov/Archives/edgar/data/38777/000003877725000017/0000038777-25-000017-index.htm,https://www.sec.gov/Archives/edgar/data/38777/000003877725000017/ben-20241231.htm,4.351758793969849,0.3161963664476227,-0.2806339389253962,-0.4194047158871279,7.0450328565906455,29.647661383842287,8.636451488210282,24.086006957866253,24.739853111712407,10498046000.0,19630246000.0,16.04224633251834,4.662482678983833,-72.30059228650137,-48.37809216589861,0.8423978302212308,0.8423978302212308,8.718354059335583,40.973170528073474,-135.19453168044078,-90.46196313364057,0.0155838524616866,-0.0206705133507702,1.0252926874282826,0.3944828650818153,19.061156334794408,2.641486684839589,9.48051948051948,-0.6255924170616114,0.0158315175986083,1.0158924205378974,0.0822526203588559,0.0,0.335634455078728,-0.4944903581267217,0.0318884348907443,0.5406626506024096,0.0325102149582519,13.09037537093429,0.0037528093593459,0.007602654423109,-23.88838422883649,3131300000.0,4468500000.0,-12011400000.0,15775300000.0,1436450000.0,1429500000.0,0.0,55.71238230591579,110.38758375031804,0.0,1.6154398048500502,0.8153090858802379,0.0,0.0131278035002126,0.1387707769617317,2025-01-31,0.56,bmo,2406209810.0,2025-05-01,2024-12-31,0.0535714285714284,20.038666666666664,4151411.866666666
2024-09-30,BEN,USD,38777,2024-11-12,2024-11-12 14:07:56,2024,Q4,2211200000.0,496900000.0,1714300000.0,0.7752803907,0,720900000.0,496900000.0,1217800000.0,0.0,1475800000.0,1972700000.0,0.0,25000000.0,0.0,238500000.0,0.1078599855,238500000.0,0.1078599855,-284700000.0,-46200000.0,-0.0208936324,9500000.0,-84700000.0,-0.0383049928,-0.16,-0.16,516200000,516200000,https://www.sec.gov/Archives/edgar/data/38777/000003877724000206/0000038777-24-000206-index.htm,https://www.sec.gov/Archives/edgar/data/38777/000003877724000206/ben-20240930.htm,4.283611003487021,-0.1640836884928322,1.0813638124757845,0.9461449050755522,8.541069352963968,28.215420379697797,6.879697791553661,24.23111197210384,25.40081363812476,10401430000.0,19079430000.0,-30.700796930342385,4.7039752170767,18.63387674668577,21.296949221949223,0.831575539050695,0.831575539050695,8.628541063675833,79.99761006289309,34.18027588677893,39.06517199017199,-0.0081431110914556,0.0469550821377445,1.0462740144386438,0.4031141708635586,36.38574423480084,3.236587510993844,9.54,-10.021543985637344,0.0160650987412307,-1.9728453364817,0.3260220694645441,0.0,0.3392474857151658,0.1250447868147617,0.0315665701881331,0.6133567662565905,0.023290520984081,,0.0093829137842412,-0.0039485338678849,-23.985809763657496,4068800000.0,3551300000.0,-12011700000.0,16852000000.0,1524800000.0,1330800000.0,0.0,60.20215267727931,255.89052123163617,0.0,1.4949631532688796,0.3517129105322763,0.0,-0.0067716119954269,0.1352189074002324,2024-11-04,0.602,bmo,1694761846.0,2025-04-25,2024-09-30,-0.0199335548172757,21.0659375,4009679.15625
2024-06-30,BEN,USD,38777,2024-07-26,2024-07-26 14:13:36,2024,Q3,2098600000.0,594100000.0,1504500000.0,0.7169065091,0,710000000.0,481100000.0,1191100000.0,13700000.0,1431700000.0,1853600000.0,0.0,25700000.0,113000000.0,395900000.0,0.1886495759,245000000.0,0.1167444963,77600000.0,300100000.0,0.1430000953,68100000.0,174000000.0,0.0829124178,0.32,0.32,516500000,517200000,https://www.sec.gov/Archives/edgar/data/38777/000003877724000115/0000038777-24-000115-index.htm,https://www.sec.gov/Archives/edgar/data/38777/000003877724000115/ben-20240630.htm,4.063117134559535,0.3368828654404646,0.996321393998064,0.9070667957405616,7.960696999031946,28.85072604065828,6.650726040658276,24.91810261374637,26.47434656340755,11430145000.0,20966745000.0,16.42262212643678,5.44655722862861,22.211708122813835,24.3973212379936,0.8881093533900016,0.8881093533900016,9.99082483560469,52.959699419045215,40.743771861640106,44.752924226254,0.0152229039964059,0.0409881064500931,1.0604574909480815,0.4104147058027538,24.08840616317252,12.74760712707996,9.53307392996109,2.957471264367816,0.0146892274769917,0.964942528735632,0.3383207852854283,0.0,0.344800315141528,0.0895841430237077,0.0219670256361383,0.4079646017699115,0.0298294100829124,13.743210713723856,0.0064801419225869,0.0079858274510523,-25.2931752178122,15955600000.0,3435100000.0,-1039700000.0,29171000000.0,1510050000.0,1283450000.0,0.5,67.35204421995617,189.1802726813668,0.0,1.3362623368354027,0.4757367072389494,0.0,0.0135196034249662,0.0892545982575024,2024-07-26,0.57,bmo,1663550000.0,2025-04-25,2024-06-30,0.0526315789473684,21.545625,4663703.828125
2024-03-31,BEN,USD,38777,2024-04-29,2024-04-29 08:40:25,2024,Q2,2134300000.0,600700000.0,1533600000.0,0.7185494073,0,726800000.0,484300000.0,1211100000.0,-1303900000.0,1303900000.0,1904600000.0,0.0,27700000.0,116400000.0,346100000.0,0.1621608958,229700000.0,0.1076231083,108800000.0,238100000.0,0.1115588249,62800000.0,124200000.0,0.0581923816,0.23,0.23,518400000,519200000,https://www.sec.gov/Archives/edgar/data/38777/000003877724000069/0000038777-24-000069-index.htm,https://www.sec.gov/Archives/edgar/data/38777/000003877724000069/ben-20240331.htm,4.117091049382716,0.2395833333333333,0.2445987654320987,0.1641589506172839,7.955825617283951,28.618055553626544,6.376157405478395,24.809220679012345,25.42997685185185,14318208000.0,23349108000.0,28.820869565217397,6.70862015649159,112.9196214511041,168.25156286721503,1.1132957523073457,1.1132957523073457,10.939937215949024,67.4634729846865,184.14123028391168,274.37259694477086,0.0086742698527636,0.0059434811954121,1.02286740636493,0.3997605423776125,26.09332562843109,3.3752573573937266,8.292418772563177,1.0837606837606837,0.0115726772512314,1.3341384863123993,0.3405331958956098,0.0,0.3503800022593611,0.3288643533123028,0.0195380218338565,0.3582474226804124,0.0305486576395071,11.564480326534389,0.0054106064917858,0.0058098468018154,-24.808256171875,3922500000.0,3305399999.0,-12498200000.0,17247900000.0,1459600000.0,1159600000.0,0.5,61.127301691421074,197.4846012984851,1.498252039287498e-07,1.4723371964679912,0.4557317350732114,600700000.0,0.0096570277814494,0.0804398148148148,2024-04-29,0.573,bmo,1664959691.0,2025-04-25,2024-03-31,-0.0226876090750434,24.08253968253968,3859568.507936508
2023-12-31,BEN,USD,38777,2024-01-29,2024-01-29 08:43:12,2024,Q1,1991100000.0,1120800000.0,870300000.0,0.4370950731,0,132000000.0,400800000.0,532800000.0,131000000.0,663800000.0,1784600000.0,0.0,18800000.0,111500000.0,466400000.0,0.2342423786,206500000.0,0.1037115162,124700000.0,331200000.0,0.166340214,79900000.0,251300000.0,0.1262116418,0.5,0.5,487000000,487900000,https://www.sec.gov/Archives/edgar/data/38777/000003877724000006/0000038777-24-000006-index.htm,https://www.sec.gov/Archives/edgar/data/38777/000003877724000006/ben-20231231.htm,4.088501026694045,0.5160164271047228,-0.5172484599589322,-0.5572895277207393,7.966324435318275,28.16447638603696,5.913347022587269,24.64394250513347,24.16981519507187,14507730000.0,22380030000.0,14.43268006366892,7.286288985987645,-57.59321159190155,-53.45515843773029,1.208816324490068,1.208816324490068,11.240033147506404,47.9846269296741,-88.84489876935292,-82.46142225497421,0.0173218001713569,-0.0187072684699811,0.9791944407412344,0.3934902128856418,16.878859348198972,3.2997347480106103,10.98404255319149,-0.9828326180257512,0.0107322096565072,0.6195781933943494,0.0662950128069911,0.0,0.3628330732811443,-0.0774116712981341,0.0097935814373964,0.1748878923766816,0.0335492943599015,16.91523813396213,0.0055473459438647,0.0132058120286922,-22.93203285420945,3728100000.0,2879800000.0,-10800500000.0,16165100000.0,1409000000.0,765550000.0,-5176600000.0,66.4276028326051,80.38811563169165,0.0,1.354858464888405,1.1195684746778545,0.0,0.0209388748166911,0.0400410677618069,2024-01-29,0.57,bmo,1513970000.0,2025-04-25,2023-12-31,0.1403508771929826,27.545245901639344,3482171.5409836066
2023-09-30,BEN,USD,38777,2023-11-14,2023-11-13 18:13:39,2023,Q4,1986100000.0,826300000.0,1159800000.0,0.5839585117,0,195600000.0,411100000.0,606700000.0,16700000.0,821500000.0,1647800000.0,0.0,24400000.0,116400000.0,506200000.0,0.2548713559,338300000.0,0.17033382,85200000.0,423500000.0,0.2132319621,75000000.0,295500000.0,0.1487840491,0.58,0.58,489200000,490000000,https://www.sec.gov/Archives/edgar/data/38777/000003877723000169/0000038777-23-000169-index.htm,https://www.sec.gov/Archives/edgar/data/38777/000003877723000169/ben-20230930.htm,4.059893704006542,0.6040474243663123,1.580948487326247,1.525143090760425,-10.70073589533933,27.747138184791496,5.453597710547833,24.359975470155355,24.073589533932957,12024536000.0,19374536000.0,10.173042301184433,6.054345702633301,15.547628652702352,16.116520573649645,1.0090322147538369,1.0090322147538369,9.755065706661297,38.27446858949032,25.051119731057668,25.967746950810884,0.0245747528220631,0.0620481322522548,0.9861960744824576,0.3901703783381804,14.519952587909916,4.127763422337066,13.864754098360656,2.21922525107604,0.0126824020486112,0.5160744500846024,0.0984844670459694,0.0,0.3620705682376532,0.0352986811481768,0.0137455314435325,0.2426666666666666,0.0225064196163335,18.19555055249532,0.0096904952595314,0.0153784503934385,-53.04047424366313,4357600000.0,2667900000.0,-10796500000.0,16470000000.0,1345150000.0,829450000.0,-5176600000.0,61.102663511404266,57.727217717536,-1127.6630763645164,1.4729308810442006,1.559056603773585,-0.0798110729049955,0.0247967172670744,0.0558053965658217,2023-10-31,0.6,bmo,1561520000.0,2025-04-25,2023-09-30,0.4,24.877142857142857,3391401.8571428573
2023-06-30,BEN,USD,38777,2023-07-28,2023-07-28 08:43:15,2023,Q3,1969000000.0,983500000.0,985500000.0,0.500507872,0,136500000.0,406800000.0,543300000.0,127300000.0,670600000.0,1654100000.0,0.0,34900000.0,110800000.0,470800000.0,0.2391061453,314900000.0,0.1599288979,17200000.0,332100000.0,0.1686642966,104600000.0,227500000.0,0.1155408837,0.44,0.44,490700000,491400000,https://www.sec.gov/Archives/edgar/data/38777/000003877723000106/0000038777-23-000106-index.htm,https://www.sec.gov/Archives/edgar/data/38777/000003877723000106/ben-20230630.htm,4.012635011208478,0.463623395149786,1.3348277970246587,1.1744446708783371,8.94151212553495,27.693702873446096,5.26207458732423,24.34909313226004,24.20440187487263,13106597000.0,20561197000.0,14.402853846153848,6.656473844591163,20.01007175572519,22.742663543293425,1.096960772005591,1.096960772005591,10.442456576942613,43.67289082412914,31.39114045801527,35.67794030886691,0.0173576711025752,0.0439702235446775,0.9911366660807994,0.3916770851937846,15.833899745114698,3.632012678288431,9.022922636103152,2.6411290322580645,0.0116735106755781,0.6725274725274726,0.0693245302183849,0.0,0.3640597196589338,0.1201526717557252,0.0399695276790248,0.7102888086642599,0.0080751650584052,15.93732121791258,0.0074810700984656,0.0118320729791859,-22.92902995720399,4152000000.0,2582100000.0,-10915800000.0,16396300000.0,1321350000.0,1054050000.0,0.0,61.33621127475877,103.3055414336553,0.0,1.4673224532379463,0.8712020550978828,0.0,0.0190406842929001,0.1603831261463215,2023-07-28,0.6,bmo,1501150000.0,2025-04-25,2023-06-30,0.05,27.04555555555556,2890078.793650794
2023-03-31,BEN,USD,38777,2023-05-01,2023-05-01 08:56:01,2023,Q2,1927200000.0,1253900000.0,673300000.0,0.3493669572,0,204200000.0,406600000.0,204200000.0,214000000.0,418200000.0,1672100000.0,0.0,33500000.0,113800000.0,431900000.0,0.2241075135,255100000.0,0.1323682026,175900000.0,431000000.0,0.2236405147,92900000.0,338100000.0,0.1754358655,0.69,0.69,490700000,491400000,https://www.sec.gov/Archives/edgar/data/38777/000003877723000072/0000038777-23-000072-index.htm,https://www.sec.gov/Archives/edgar/data/38777/000003877723000072/ben-20230331.htm,3.9274505808029354,0.6890156918687589,-0.0680660281230894,-0.0994497656409211,8.719380476869778,27.314244956185043,4.739148155695944,24.1120847768494,22.56735276136132,13219458000.0,19981158000.0,9.774813664596277,6.859411581569116,-395.7921556886227,-270.8905327868853,1.1172820703527782,1.1172820703527782,10.367973225404732,46.26338967353554,-598.2382634730538,-409.4499590163935,0.0255759351101989,-0.0036915280490319,0.93310400784327,0.3795782807358943,15.65570733966196,3.80560671168406,7.614925373134328,-0.0987873410233658,0.0116041066131455,0.4537119195504289,0.1059568285595682,0.0,0.3808606978687121,-0.4610778443113772,0.0079908675799086,0.1353251318101933,0.0272415940224159,19.334065983017613,0.0072388245209794,0.0187748846352474,-21.252088852659465,4113300000.0,2325500000.0,-10103200000.0,16394800000.0,1296300000.0,792050000.0,0.0,60.74719800747199,70.28311667597097,0.0,1.481549815498155,1.2805351307189543,0.0,0.0285755337311313,0.0313837375178316,2023-05-01,0.57,bmo,1899470000.0,2025-04-25,2023-03-31,0.0701754385964913,25.843709677419355,2901103.7580645164
2022-12-31,BEN,USD,38777,2023-01-30,2023-01-30 08:46:27,2023,Q1,1967100000.0,979200000.0,987900000.0,0.5022113772,0,200700000.0,388600000.0,589300000.0,204600000.0,793900000.0,1773100000.0,0.0,30900000.0,108300000.0,444900000.0,0.2261705048,194000000.0,0.0986223375,35100000.0,229100000.0,0.1164658635,60300000.0,165600000.0,0.0841848406,0.32,0.32,489600000,490200000,https://www.sec.gov/Archives/edgar/data/38777/000003877723000009/0000038777-23-000009-index.htm,https://www.sec.gov/Archives/edgar/data/38777/000003877723000009/ben-20221231.htm,4.017769607843137,0.3382352941176471,-0.5234885620915033,-0.579452614379085,9.195669934640524,29.68688725490196,7.020424836601308,23.828227124183005,20.639093137254903,12915648000.0,18487448000.0,19.49826086956521,6.5658319353362815,-50.3926960593055,-45.52572435671484,1.107090337124881,1.107090337124881,9.398326470438716,41.55416498089458,-72.13206398751463,-65.16548466690166,0.0128216563350131,-0.0219656032744156,0.8635128532611025,0.3434111354657049,12.523713193976176,3.107035607035607,6.27831715210356,-1.5183649289099526,0.0114899384064972,0.8961352657004831,0.1020283666310813,0.0,0.3783010795940699,-0.1069059695669137,0.0139291342585532,0.2530009233610342,0.0353311982105637,13.466247313826075,0.005203381645749,0.0090801421239636,-19.055044934640524,3929200000.0,3437200000.0,-9006400000.0,16262300000.0,1278300000.0,535550000.0,0.5,59.10324843678511,55.59742647058823,0.0,1.5227589410125406,1.618779963630352,0.0,0.014194731834429,0.0559640522875817,2023-01-30,0.54,bmo,1469436673.0,2025-04-25,2022-12-31,-0.0555555555555556,29.21032258064516,4020677.7258064514
2022-09-30,BEN,USD,38777,2022-11-14,2022-11-14 17:11:49,2022,Q4,1939000000.0,1180800000.0,758200000.0,0.3910263022,0,328200000.0,0.0,328200000.0,81500000.0,409700000.0,1590500000.0,0.0,27100000.0,120800000.0,476700000.0,0.2458483755,348500000.0,0.1797318205,-94300000.0,254200000.0,0.1310985044,48500000.0,232700000.0,0.1200103146,0.46,0.46,487700000,488200000,https://www.sec.gov/Archives/edgar/data/38777/000003877722000198/0000038777-22-000198-index.htm,https://www.sec.gov/Archives/edgar/data/38777/000003877722000198/ben-20220930.htm,3.975804798031577,0.4771375845806848,1.7765019479188024,1.70535165060488,9.806233340168136,28.34672954685257,6.077506663932746,23.52798851753127,19.252819356161577,10495304000.0,15075304000.0,11.275573700042974,5.412740587931924,12.113693444136658,12.61909823253577,0.9146553256758404,0.9146553256758404,7.774782877772047,31.624300398573528,17.399935364727607,18.125891547432968,0.0221718208448273,0.0792449651768067,0.8159325815278964,0.3336528798386349,9.60771973987833,3.695941816403862,12.859778597785978,4.211959163830822,0.0139109834264924,0.6274172754619682,0.1692625064466219,0.0,0.3870444680441615,0.040050784856879,0.0178958225889633,0.3198156682027649,0.0243940175348117,15.89298496992247,0.0106722599005513,0.0135291484252815,-17.43858929567357,4411100000.0,2964000000.0,-8188600000.0,16479600000.0,1339800000.0,503950000.0,-4073849999.5,58.70654976792161,35.53353658536585,7.621951219512196e-08,1.5330487033523086,2.5328185328185326,1180800000.0,0.0202795740156519,0.0711502973139224,2022-11-01,0.69,bmo,1490726046.0,2025-04-25,2022-09-30,0.1304347826086958,24.83460317460317,3355476.9523809524
2022-06-30,BEN,USD,38777,2022-07-28,2022-07-28 09:05:35,2022,Q3,2031300000.0,1207000000.0,824300000.0,0.4057992419,0,337800000.0,0.0,337800000.0,10400000.0,419600000.0,1626600000.0,0.0,28900000.0,107900000.0,557500000.0,0.2744547827,404700000.0,0.1992320189,-91600000.0,313100000.0,0.1541377443,89500000.0,256400000.0,0.1262245852,0.5,0.5,487500000,487900000,https://www.sec.gov/Archives/edgar/data/38777/000003877722000138/0000038777-22-000138-index.htm,https://www.sec.gov/Archives/edgar/data/38777/000003877722000138/ben-20220630.htm,4.166769230769231,0.525948717948718,1.6816410256410257,1.6547692307692308,-6.146871794871795,28.264205128205127,5.731897435897436,23.679384615384617,19.411076923076923,11363625000.0,16318925000.0,11.079977574102962,5.594262295081967,13.861460112222492,14.08655634064708,0.9844005821357102,0.9844005821357102,8.033734554226358,29.271614349775785,19.905983166626008,20.22923639519028,0.0225632225632225,0.0709896709896709,0.817242305326715,0.34186113929555,8.888430493273543,1.2036148269171858,14.003460207612456,3.6663685152057246,0.0129008129008129,0.5717628705148206,0.1662974449859695,0.0,0.3980468183794753,0.0159795071968772,0.0064490720228425,0.1214087117701575,0.0238271057943189,16.73971907040895,0.011081180797886,0.0154350901483911,-40.66984615384615,997000000.0,2794300000.0,-7923700000.0,13227400000.0,1392750000.0,850350000.0,-4073850000.0,62.68498006202924,40.39188069594034,-607.5335542667771,1.4357506361323156,2.228170574118516,-0.1481399658799415,0.0222112494260938,0.0268717948717948,2022-07-28,0.73,bmo,1546860598.0,2025-04-25,2022-06-30,0.1232876712328766,25.70046875,2771632.828125
2022-03-31,BEN,USD,38777,2022-05-03,2022-05-03 08:47:37,2022,Q2,2081000000.0,1234900000.0,846100000.0,0.4065833734,0,322700000.0,482400000.0,322700000.0,60400000.0,383100000.0,1618000000.0,0.0,22900000.0,80700000.0,582300000.0,0.2798173955,463000000.0,0.2224891879,3200000.0,466200000.0,0.2240269101,107100000.0,349600000.0,0.1679961557,0.68,0.68,490000000,490500000,https://www.sec.gov/Archives/edgar/data/38777/000003877722000099/0000038777-22-000099-index.htm,https://www.sec.gov/Archives/edgar/data/38777/000003877722000099/ben-20220331.htm,4.246938775510204,0.713469387755102,0.2124489795918367,0.1597959183673469,10.23408163265306,27.19938775510204,7.933877551020408,23.55244897959184,18.313469387755102,13680800000.0,17616800000.0,9.783180778032037,6.5741470446900525,131.41978866474545,174.72286079182632,1.1854393580978624,1.1854393580978624,8.465545410860164,30.25382105443929,169.22958693563882,224.9910600255428,0.0255540611660136,0.0057233495117244,0.7755768714202778,0.3464845216758475,6.759402369912416,1.2425858177006306,20.21834061135371,0.289891395154553,0.0107742237296064,0.42162471395881,0.1550696780394041,0.0,0.3654293555891905,0.2478386167146974,0.0123978856319077,0.3197026022304832,0.0255165785679961,19.444508362415853,0.0148091377053967,0.021326435996291,-13.188724489795918,1246600000.0,3887600000.0,-6119800000.0,11829000000.0,1402700000.0,1155150000.0,0.0,59.28063431042767,84.4683780063163,0.0,1.51820237834683,1.0654874892148405,0.0,0.0302927898654327,0.0526530612244897,2022-05-03,0.79,bmo,1563069369.0,2025-04-25,2022-03-31,0.2151898734177214,25.57322580645161,3301341.5
2021-12-31,BEN,USD,38777,2022-02-01,2022-02-01 08:45:10,2022,Q1,2224000000.0,1312700000.0,911300000.0,0.4097571942,0,295300000.0,510100000.0,295300000.0,-3500000.0,353600000.0,1666300000.0,0.0,19300000.0,80700000.0,681500000.0,0.3064298561,557700000.0,0.2507643885,138200000.0,695900000.0,0.3129046763,151100000.0,453200000.0,0.2037769784,0.89,0.88,489800000,490600000,https://www.sec.gov/Archives/edgar/data/38777/000003877722000013/0000038777-22-000013-index.htm,https://www.sec.gov/Archives/edgar/data/38777/000003877722000013/ben-20211231.htm,4.540628828093099,0.925275622703144,0.3397305022458146,0.3056349530420579,9.277868517762352,26.908534095549204,7.494691710902409,23.586974275214377,16.502449979583503,16403402000.000002,19922702000.0,9.048655119152691,7.375630395683454,98.57813701923077,109.57516366065464,1.4198514658657135,1.4198514658657135,8.958049460431655,29.23360528246515,119.72777644230769,133.08418169672677,0.0276284151299834,0.0091261556596613,0.6979719377818556,0.3226072310172794,5.164049889948643,2.962834489593657,28.89637305699482,0.3054331864904552,0.0087238000995159,0.3157546337157987,0.1327787769784172,0.0,0.3804305643906205,0.1003605769230769,0.0075089928057553,0.2069392812887236,0.0267086330935251,22.15965200491866,0.0190018415587748,0.0292647647583009,-12.647968558595345,3961000000.0,3670900000.0,-5836300000.0,14648800000.0,1431450000.0,815300000.0,0.0,58.05890287769784,78.93425763693152,0.0,1.5501498571129853,1.1401893511682446,0.0,0.0392282457218533,0.0340955492037566,2022-02-01,0.89,bmo,1633164935.0,2025-04-25,2021-12-31,0.2134831460674157,30.541935483870965,3127350.016129032
2021-09-30,BEN,USD,38777,2021-11-19,2021-11-19 14:47:37,2021,Q4,2181000000.0,1268600000.0,912400000.0,0.4183402109,0,323000000.0,526500000.0,323000000.0,9800000.0,380900000.0,1649500000.0,2100000.0,14100000.0,111400000.0,716500000.0,0.328519028,531500000.0,0.2436955525,206500000.0,738000000.0,0.3383768913,-4800000.0,665700000.0,0.3052269601,1.31,1.3,488900000,489700000,https://www.sec.gov/Archives/edgar/data/38777/000003877721000205/0000038777-21-000205-index.htm,https://www.sec.gov/Archives/edgar/data/38777/000003877721000205/ben-20210930.htm,4.461034976477808,1.3616281448148906,1.035181018613213,0.9443649007977092,9.505420331356106,26.06586213949683,7.313765596236449,22.956432808345262,15.551032931069749,14530108000.0,17471708000.0,5.456702718942466,6.662131132508024,28.70995455443588,31.47088585661685,1.2946262273464368,1.2946262273464368,8.010870243007794,24.384798325191905,34.5222446156886,37.84212259042668,0.0458152134863691,0.0317754004306093,0.6761587397758255,0.3139967891958094,4.105512909979065,3.5099659136865213,37.695035460992905,0.681340872374798,0.0097108706969005,0.2119573381403034,0.1480972031178358,0.0,0.3793341718938779,0.0877296976882039,0.0203576341127922,0.676829268292683,0.0207702888583218,26.51995122297332,0.0238420907217428,0.0443785207159761,-11.67201881775414,4344500000.0,3575700000.0,-5349400000.0,14730800000.0,1394650000.0,623550000.0,0.0,58.9353507565337,34.00362604445846,0.0,1.5270970452317605,2.646776549134154,0.0,0.0593135769909296,0.0908161178155042,2021-11-01,0.86,bmo,2162770000.0,2025-04-25,2021-09-30,0.4651162790697675,32.91296875,2658838.0625
2021-06-30,BEN,USD,38777,2021-08-03,2021-08-03 08:52:34,2021,Q3,2172900000.0,1302400000.0,870500000.0,0.4006166874,0,334400000.0,531000000.0,334400000.0,9100000.0,392400000.0,1694800000.0,1500000.0,25700000.0,84100000.0,605200000.0,0.2785217912,478100000.0,0.2200285333,77300000.0,555400000.0,0.255603111,83800000.0,438400000.0,0.2017580192,0.86,0.86,489200000,489900000,https://www.sec.gov/Archives/edgar/data/38777/000003877721000137/0000038777-21-000137-index.htm,https://www.sec.gov/Archives/edgar/data/38777/000003877721000137/ben-20210630.htm,4.441741618969747,0.8961569910057237,0.4781275551921504,0.4493049877350776,8.914758789860997,25.5181929681112,6.572771872444807,22.230580539656582,14.777187244480784,15649508000.0,18491708000.0,8.92421760948905,7.202129872520595,66.90683197947841,71.19885350318471,1.4390087538619978,1.4390087538619978,8.51015141055732,30.55470588235294,79.05817870884994,84.12969972702457,0.0280136602377531,0.0140451699823406,0.662360232455495,0.3114388367900177,4.696298744216788,4.027449324324325,18.603112840466927,0.4959711620016963,0.0090609877320104,0.323448905109489,0.153895715403378,0.0,0.4007116576088131,0.0602821718683197,0.0064890238851304,0.1676575505350772,0.0185926641815085,21.171845188986325,0.0187008286091197,0.0316283096457687,-10.75976083401472,4301400000.0,3215400000.0,-4923400000.0,14797300000.0,1328000000.0,605500000.0,0.5,56.37581112798564,53.05743243243243,0.0,1.596429358607009,1.6962750716332378,0.0,0.0403119023098425,0.0288225674570727,2021-08-03,0.77,bmo,2117500000.0,2025-04-25,2021-06-30,0.2467532467532466,31.19109375,2737181.046875
2021-03-31,BEN,USD,38777,2021-05-04,2021-05-04 08:39:17,2021,Q2,2076500000.0,1274100000.0,802400000.0,0.3864194558,0,288200000.0,541800000.0,288200000.0,6700000.0,346100000.0,1620200000.0,2600000.0,15900000.0,80900000.0,594300000.0,0.286202745,456300000.0,0.2197447628,157200000.0,613500000.0,0.295449073,128100000.0,381800000.0,0.183867084,0.74,0.74,490500000,490900000,https://www.sec.gov/Archives/edgar/data/38777/000003877721000094/0000038777-21-000094-index.htm,https://www.sec.gov/Archives/edgar/data/38777/000003877721000094/ben-20210331.htm,4.233435270132518,0.7783893985728848,0.4391437308868501,0.4244648318042813,8.898470948012232,25.47808358817533,6.464424057084607,21.53598369011213,11.893374108053008,14518800000.0,15971900000.0,9.506809848088004,6.99195762099687,67.40389972144847,69.73487031700289,1.3744438343715093,1.3744438343715093,7.691740910185408,26.87514723203769,74.14995357474466,76.71421709894332,0.0262969391409758,0.0143400281014959,0.5507507052653502,0.2660198081372486,2.445061416792865,3.973880073023451,28.69811320754717,0.4437577255871446,0.0097804226244593,0.3719224724986904,0.1387912352516253,0.0,0.4264419427703957,0.0334261838440111,0.0034673729833855,0.0889987639060568,0.0217673970623645,19.421021634429824,0.0176577682964384,0.0304378328390573,-8.230224259938838,4235400000.0,3170800000.0,-3713200000.0,14827600000.0,1262500000.0,526150000.0,-1836449999.5,56.123765952323616,31.30680480339063,7.063809748057454e-08,1.6035987334929338,2.874774368231047,1274100000.0,0.036143665865157,0.0146788990825688,2021-05-04,0.74,bmo,1996360000.0,2025-04-25,2021-03-31,0.0675675675675676,32.397777777777776,2784182.3174603176
2020-12-31,BEN,USD,38777,2021-02-02,2021-02-02 08:40:52,2021,Q1,1995100000.0,1232000000.0,763100000.0,0.3824870934,0,295800000.0,506000000.0,295800000.0,1400000.0,354000000.0,1586000000.0,2600000.0,29700000.0,80000000.0,540000000.0,0.2706631247,409100000.0,0.2050523783,128200000.0,537300000.0,0.269309809,142500000.0,345300000.0,0.1730740314,0.67,0.67,491100000,491700000,https://www.sec.gov/Archives/edgar/data/38777/000003877721000029/0000038777-21-000029-index.htm,https://www.sec.gov/Archives/edgar/data/38777/000003877721000029/ben-20201231.htm,4.062512726532274,0.7031154551007941,0.5905110975361434,0.5628181633068622,8.999185501934432,24.50865404194665,5.403380166972103,21.17878232539198,11.7475055996742,12272589000.0,13592589000.0,8.885453953084275,6.151365345095484,42.3192724137931,44.4015520984081,1.1799545231662645,1.1799545231662645,6.812986316475365,25.17146111111111,46.87099655172414,49.17723950795948,0.0281358725530529,0.022521735226365,0.5518272457191205,0.2703536571579304,2.4444444444444446,3.902465980520826,13.774410774410777,0.7345491388044579,0.0109838274548263,0.3903851723139299,0.1482632449501278,0.0,0.4419583977088593,0.0468965517241379,0.0068167009172472,0.17,0.0205503483534659,18.30438216375984,0.0151957374340832,0.0291466193973157,-11.5817043372022,4201900000.0,2653600000.0,-3543800000.0,14909100000.0,1215350000.0,518000000.0,-4354950000.0,55.49045160643577,44.49594155844156,-268.3125,1.6219006584830502,2.022656378263011,-0.3354297693920335,0.0331990500822044,0.0276929342292812,2021-02-02,0.72,bmo,1944120000.0,2025-04-25,2020-12-31,0.0138888888888889,27.31622950819672,3666781.868852459
2020-09-30,BEN,USD,38777,2020-11-23,2020-11-20 20:08:41,2020,Q4,1705000000.0,1199000000.0,506000000.0,0.2967741935,0,362300000.0,829000000.0,362300000.0,-6300000.0,402400000.0,1601400000.0,2900000.0,15700000.0,40100000.0,450400000.0,0.2641642229,103600000.0,0.0607624633,96000000.0,199600000.0,0.1170674487,73100000.0,78900000.0,0.0462756598,0.15,0.15,491100000,491700000,https://www.sec.gov/Archives/edgar/data/38777/000003877720000203/0000038777-20-000203-index.htm,https://www.sec.gov/Archives/edgar/data/38777/000003877720000203/form10-k93020.htm,3.4717980044797394,0.1606597434331093,0.7631846874363674,0.725717776420281,8.058440236204438,23.44878843412747,4.277540215841987,20.595601710445937,10.155161881490532,9993885000.0,11007885000.0,31.66630228136882,5.861516129032258,26.664581109925297,28.041203703703705,0.9880750407830344,0.9880750407830344,6.456237536656891,24.4402420071048,29.37002401280683,30.88632154882155,0.0078948276871306,0.0356618071950998,0.4915220722724801,0.2458594820210772,2.2513321492007106,3.1446076937145646,6.598726114649682,2.962845849802372,0.0134182052324996,1.699619771863118,0.2124926686217008,0.0,0.4656073666355108,0.0490928495197438,0.0107917888563049,0.3279857397504456,0.0207624633431085,8.62843508115127,0.0035337027132205,0.0073015667366901,-12.962227652209323,3517800000.0,2100700000.0,-3547100000.0,14281400000.0,1064200000.0,307100000.0,-4023000000.0,63.37478005865103,32.0442035029191,-378.09007506255216,1.4201232716974843,2.8086202857812133,-0.2380385149890808,0.0078006821889366,0.0374669110160863,2020-10-27,0.69,bmo,1934011594.0,2025-04-25,2020-09-30,-0.1884057971014491,22.32546875,3964960.0
2020-06-30,BEN,USD,38777,2020-07-28,2020-07-28 08:34:54,2020,Q3,1188100000.0,755100000.0,433000000.0,0.3644474371,0,179300000.0,368000000.0,179300000.0,10300000.0,179300000.0,934400000.0,2300000.0,5200000.0,22200000.0,278900000.0,0.2347445501,253700000.0,0.2135342143,16100000.0,269800000.0,0.2270852622,16100000.0,290400000.0,0.24442387,0.58,0.58,490400000,490700000,https://www.sec.gov/Archives/edgar/data/38777/000003877720000138/0000038777-20-000138-index.htm,https://www.sec.gov/Archives/edgar/data/38777/000003877720000138/form10q63020.htm,2.422716150081566,0.5921696574225123,1.030995106035889,1.0069331158238173,14.317495921696574,23.893760195758563,17.58299347471452,20.62438825448613,3.443311582381729,10283688000.0,4991188000.0,8.853037190082643,8.655574446595404,20.339572784810127,20.82561360874848,1.016757430147713,1.016757430147713,4.200983082232136,17.895977052707064,9.87181170886076,10.107711624139329,0.0282388963959233,0.0480177928385225,0.1664392636095786,0.1077927899084331,-18.9763356041592,6.415340909090909,48.78846153846154,1.992905005912495,0.0130206206178172,0.4610881542699724,0.1509132227926942,0.0,0.1981686623551258,0.0233386075949367,0.0099318239205454,0.5315315315315315,0.0244928878040569,16.57695933704908,0.0165839936533015,0.0231908131159061,4.716863784665579,6671700000.0,8622700000.0,4004200000.0,10730200000.0,801500000.0,251400000.0,-1524500000.0,70.2819627977443,22.32419547079857,-358.6412395709178,1.2805561543436086,4.031500266951415,-0.2509471585244267,0.0287121077297265,0.0240619902120717,2020-07-28,0.55,bmo,933507142.0,2025-04-25,2020-06-30,0.0545454545454543,21.00203125,3058763.78125
2020-03-31,BEN,USD,38777,2020-04-30,2020-04-30 08:37:20,2020,Q2,1338300000.0,789600000.0,548700000.0,0.4099977584,0,192600000.0,423900000.0,192600000.0,5100000.0,192600000.0,982200000.0,3700000.0,3700000.0,23400000.0,390500000.0,0.2917880894,356100000.0,0.2660838377,-237000000.0,102900000.0,0.07688859,44100000.0,79100000.0,0.0591048345,0.16,0.16,491500000,491800000,https://www.sec.gov/Archives/edgar/data/38777/000003877720000106/0000038777-20-000106-index.htm,https://www.sec.gov/Archives/edgar/data/38777/000003877720000106/form10q33120.htm,2.7228891149542216,0.1609359104781282,0.222380467955239,0.1251271617497456,12.364598168870804,22.30437436419125,16.162767039674467,20.14933875890132,3.303357070193286,8203135000.000001,3787235000.000001,25.92646965865993,6.1295187924979455,75.05155535224155,133.38430894308945,0.8283150231233718,0.8283150231233718,2.829884928640814,9.698425096030732,34.64990850869168,61.58105691056912,0.0096426549118111,0.0074971337177798,0.1635700870408142,0.1104512416304155,-11.30832266325224,5.821983169948816,96.24324324324324,1.858843537414966,0.0164083609498076,1.7016434892541088,0.1439139206455951,0.0,0.2058201851877105,0.4373284537968893,0.0357169543450646,2.0427350427350426,0.022267055219308,8.541775226535787,0.0147214459345493,0.0067910985954187,5.818921668362156,5558300000.0,7944000000.0,3007400000.0,9552100000.0,731350000.0,284250000.0,-43749999.5,45.40685944855414,35.9612462006079,-4.559270516717325,1.982079383886256,2.5026941362916006,-19.74,0.0079871559262475,0.0972533062054933,2020-04-30,0.44,bmo,851645454.0,2025-04-25,2020-03-31,0.5000000000000001,18.86825396825397,4510490.46031746
2019-12-31,BEN,USD,38777,2020-01-30,2020-01-30 08:36:00,2020,Q1,1412700000.0,833300000.0,579400000.0,0.4101366178,0,186700000.0,443900000.0,186700000.0,5500000.0,186700000.0,1020000000.0,5400000.0,6100000.0,26800000.0,421000000.0,0.2980109011,392700000.0,0.2779783394,52900000.0,445600000.0,0.3154243647,97500000.0,350500000.0,0.2481064628,0.7,0.7,494700000,495300000,https://www.sec.gov/Archives/edgar/data/38777/000003877720000011/0000038777-20-000011-index.htm,https://www.sec.gov/Archives/edgar/data/38777/000003877720000011/form10q123119.htm,2.855670103092784,0.7085102082069942,0.0640792399434,0.0121285627653123,12.176672730948049,23.49868607236709,17.36931473620376,20.379219729128764,2.2648069537093187,12852306000.0,7990306000.0,9.167122681883024,9.09768953068592,405.4355205047319,2142.051,1.2748280034915094,1.2748280034915094,5.656052948255114,18.97934916864608,252.0601261829653,1331.717666666667,0.0272713706007311,0.0004668422927371,0.1105280907792413,0.0742777533362663,-11.548693586698338,5.277621722846442,64.37704918032787,0.0910657856937661,0.0101616005719129,0.3726105563480741,0.1321582784738444,0.0,0.2021224119772294,0.8107255520504731,0.0181921143908827,0.9589552238805972,0.0198202024492107,18.024286873579072,0.0223593564895874,0.0292825157064563,6.496209825146553,5482200000.0,8592600000.0,3386800000.0,9481600000.0,813250000.0,237950000.0,-1302299999.5,50.16988744956466,27.325093003720152,-5.130205100204009,1.793904761904762,3.293675889328063,-17.54315826406649,0.034766306935407,0.0519506771780877,2020-01-30,0.66,bmo,1412700000.0,2025-04-25,2019-12-31,0.0606060606060604,22.95370967741936,5781166.677419355
2019-09-30,BEN,USD,38777,2019-11-12,2019-11-12 13:53:09,2019,Q4,1452500000.0,845700000.0,606800000.0,0.4177624785,0,215300000.0,0.0,215300000.0,6100000.0,215300000.0,1061000000.0,6300000.0,7000000.0,26000000.0,412100000.0,0.2837177281,391500000.0,0.269535284,94800000.0,395800000.0,0.2724956971,86500000.0,306400000.0,0.2109466437,0.61,0.61,497900000,498800000,https://www.sec.gov/Archives/edgar/data/38777/000003877719000186/0000038777-19-000186-index.htm,https://www.sec.gov/Archives/edgar/data/38777/000003877719000186/form10k93019.htm,2.9172524603334,0.6153846153846154,0.0648724643502711,0.0024101225145611,11.965454910624624,22.83771841735288,16.823458525808395,19.89656557541675,1.5157662181160876,14369394000.0,9159494000.0,11.724374999999998,9.892870223752151,444.872879256966,11974.495,1.4505015898652398,1.4505015898652398,6.306019965576592,22.22638679932055,283.5756656346749,7632.911666666667,0.0213230982461751,8.351082864037273e-05,0.0754756977741886,0.0514512599606391,-12.642319825285124,5.366442953020134,55.92857142857143,0.1044293566117038,0.0091235580289607,0.4278720626631854,0.1482271944922547,0.0,0.2060596468531949,0.9628482972136224,0.0214113597246127,1.196153846153846,0.0161101549053356,16.597918784212343,0.0230624650259004,0.0265564193903464,4.3121108656356695,5530100000.0,8376400000.0,3635300000.0,9208300000.0,844600000.0,241650000.0,-1314950000.0,51.98623063683305,23.721177722596668,-272.1284143313232,1.731227651966627,3.794078061911171,-0.3307262132884909,0.0309291879069297,0.0624623418357099,2019-10-25,0.64,bmo,1523934426.0,2025-04-25,2019-09-30,-0.046875,27.1725,3228134.859375
2019-06-30,BEN,USD,38777,2019-07-30,2019-07-30 08:36:22,2019,Q3,1476700000.0,900100000.0,576600000.0,0.3904652265,0,201700000.0,0.0,201700000.0,5200000.0,201700000.0,1101800000.0,7200000.0,5600000.0,25600000.0,414700000.0,0.2808288752,374900000.0,0.2538768877,38600000.0,413500000.0,0.2800162525,158900000.0,245900000.0,0.1665199431,0.48,0.48,501600000,502300000,https://www.sec.gov/Archives/edgar/data/38777/000003877719000156/0000038777-19-000156-index.htm,https://www.sec.gov/Archives/edgar/data/38777/000003877719000156/form10q63019.htm,2.943979266347688,0.4902312599681021,-0.5480462519936204,-0.8080143540669856,11.623604465709729,22.672049441786285,16.664473684210527,19.75877192982456,1.4641148325358853,17556000000.0,12527200000.0,17.848718991459943,11.888670684634658,-63.86322299017824,-43.3160621761658,1.7713651498335183,1.7713651498335183,8.483239655989706,30.207861104412828,-45.57002546380502,-30.90846286701209,0.01400660742766,-0.0230861244019138,0.0735344566643123,0.0503896067978953,-12.126356402218471,5.291319666880205,66.94642857142857,-1.079732914375491,0.0075244930508088,0.5372102480683204,0.1365883388636825,0.0,0.2083480256926151,-0.4743543106584212,0.0883050044017065,5.09375,0.0194352271957743,14.762901893532176,0.0174681772701865,0.0214761700975554,6.659988038277512,5359000000.0,8358900000.0,3516800000.0,9057200000.0,845600000.0,257700000.0,-64950000.0,51.81688900927744,26.03710698811243,-7.279191200977668,1.7368854387203012,3.456605222734255,-12.364010989010987,0.0248108162647563,0.2599681020733652,2019-07-30,0.63,bmo,1907404166.0,2025-04-25,2019-06-30,0.0317460317460317,30.56484375,3128810.78125
2019-03-31,BEN,USD,38777,2019-04-26,2019-04-26 08:36:35,2019,Q2,1433800000.0,859000000.0,574800000.0,0.4008927326,0,195300000.0,449400000.0,195300000.0,5100000.0,195300000.0,1054300000.0,8500000.0,5700000.0,21500000.0,434000000.0,0.3026921467,379500000.0,0.2646812666,113000000.0,492500000.0,0.3434928163,110900000.0,367500000.0,0.2563118985,0.72,0.72,504700000,505100000,https://www.sec.gov/Archives/edgar/data/38777/000003877719000119/0000038777-19-000119-index.htm,https://www.sec.gov/Archives/edgar/data/38777/000003877719000119/form10q33119.htm,2.840895581533584,0.7281553398058253,0.3530810382405389,0.2609470972855161,11.894392708539726,22.42599564097484,16.426590053497126,19.58351495938181,1.4590846047156727,17048766000.0,11833466000.0,11.5978,11.89061654345097,95.67208754208754,129.45152619589976,1.7249201724033263,1.7249201724033263,8.253219416934021,27.26605069124424,66.40553310886644,89.8516780561883,0.021555812309231,0.0077248992683693,0.0739290556263785,0.0513168059554744,-12.016820276497697,5.182498472816127,66.57894736842105,0.4669811320754717,0.0078070166485949,0.3621768707482993,0.1362114660343144,0.0,0.2126483601376501,0.2609427609427609,0.0324313014367415,2.1627906976744184,0.0196680150648626,17.912186417950917,0.0227423605226949,0.0327800126660185,7.300772736278978,5477400000.0,8290500000.0,3866400000.0,9081900000.0,823300000.0,232200000.0,-68450000.0,52.7897893709025,26.71711292200233,-5.982537834691502,1.7048751486325802,3.368627450980392,-15.043782837127846,0.0371820554847325,0.0921339409550227,2019-04-26,0.62,bmo,1234661111.0,2025-04-25,2019-03-31,0.1612903225806451,34.00523809523809,2655105.793650794
2018-12-31,BEN,USD,38777,2019-01-30,2019-01-30 08:35:29,2019,Q1,1411500000.0,799500000.0,612000000.0,0.4335812965,0,200500000.0,444500000.0,200500000.0,4000000.0,200500000.0,1000000000.0,9000000.0,6400000.0,20300000.0,375800000.0,0.266241587,411500000.0,0.2915338293,-65500000.0,346000000.0,0.2451292951,86000000.0,275900000.0,0.1954658165,0.54,0.54,510300000,510800000,https://www.sec.gov/Archives/edgar/data/38777/000003877719000082/0000038777-19-000082-index.htm,https://www.sec.gov/Archives/edgar/data/38777/000003877719000082/form10q12312018.htm,2.7660199882422103,0.5406623554771703,0.5212620027434842,0.4708994708994709,13.205369390554576,21.57358416617676,17.015089163237313,19.097393689986284,1.443856554967666,15135498000.0,9206998000.0,13.714659296846682,10.722988310308184,56.90036842105263,62.98584269662921,1.55309150984054,1.55309150984054,6.522846617074035,24.4997285790314,34.61277443609023,38.31459841864336,0.0182286701104912,0.0158765836446214,0.0749481806801157,0.0523561710607429,-15.775678552421502,5.254839845124956,64.296875,1.023076923076923,0.0080803419880865,0.4432765494744473,0.1420474672334396,0.0,0.1667455163218786,0.0966165413533834,0.0182075805880269,1.2660098522167489,0.0221041445270988,15.241979587895194,0.0246781472756953,0.0237345583427961,8.54673721340388,6044000000.0,8682800000.0,4522900000.0,8911500000.0,826750000.0,184150000.0,-212750000.0,51.36663124335813,23.57223264540337,-8.98311444652908,1.7521102284011916,3.818051575931232,-10.018796992481205,0.0283107927842879,0.0503625318440133,2019-01-30,0.65,bmo,1699027777.0,2025-04-25,2018-12-31,-0.1692307692307692,31.57606557377049,2924346.4426229508
2018-09-30,BEN,USD,38777,2018-11-09,2018-11-09 12:53:07,2018,Q4,1527200000.0,834800000.0,692400000.0,0.4533787323,0,213700000.0,0.0,213700000.0,8000000.0,213700000.0,1048500000.0,11600000.0,5800000.0,17700000.0,456100000.0,0.2986511262,478700000.0,0.31344945,4600000.0,483300000.0,0.3164614982,7000000.0,502500000.0,0.3290335254,0.96,0.96,520900000,521500000,https://www.sec.gov/Archives/edgar/data/38777/000003877718000233/0000038777-18-000233-index.htm,https://www.sec.gov/Archives/edgar/data/38777/000003877718000233/form10k93018.htm,2.9318487233634096,0.9646765214052602,1.384526780572087,1.317335381071223,13.930312919946246,21.60011518525629,17.120560568247264,19.004031483970053,1.4096755615281245,15882241000.0,9700141000.0,7.901612437810945,10.39958158721844,22.021964780920687,23.145206936753137,1.6043964158719894,1.6043964158719894,6.351585254059717,21.26757509318132,13.450001386577926,14.136025939959197,0.0316391118860367,0.0432054897038774,0.073591805398416,0.0506483123022908,-13.554264415698311,5.584065064056428,82.53448275862068,1.514171740499685,0.0076815356220825,0.2427860696517413,0.1399292823467784,0.0,0.162227552403796,0.0485302273987798,0.0229177579884756,1.9774011299435028,0.018530644316396,20.309769007899284,0.0363062178438293,0.0417008987477282,8.806632751007871,6369100000.0,8918100000.0,4626500000.0,9237500000.0,897400000.0,206350000.0,-409500000.0,49.96791513881614,17.131049353138476,-37.27000479156684,1.801155796674136,5.253618628067967,-2.4148105293607176,0.0507616777113302,0.0671913995008638,2018-10-25,0.74,bmo,1000113274.0,2025-04-25,2018-09-30,0.0675675675675676,30.74888888888889,4221861.571428572
2018-06-30,BEN,USD,38777,2018-07-27,2018-07-27 08:39:19,2018,Q3,1558600000.0,857300000.0,701300000.0,0.4499550879,0,198200000.0,0.0,198200000.0,4900000.0,198200000.0,1055500000.0,15400000.0,22100000.0,20400000.0,433700000.0,0.2782625433,503100000.0,0.322789683,-55900000.0,447200000.0,0.2869241627,91800000.0,402000000.0,0.2579237777,0.75,0.75,533000000,533500000,https://www.sec.gov/Archives/edgar/data/38777/000003877718000199/0000038777-18-000199-index.htm,https://www.sec.gov/Archives/edgar/data/38777/000003877718000199/form10q6302018.htm,2.924202626641651,0.7542213883677298,1.1472795497185742,1.0951219512195125,13.372420262664166,22.930581613508444,18.516135084427766,18.50562851782364,1.4106941838649156,17082649999.999998,11158249999.999998,10.62353855721393,10.960252790966251,27.935650040883072,29.266146993318483,1.7319055102144263,1.7319055102144263,7.159149236494288,25.728037814157247,18.247342600163527,19.116412540688707,0.023532648623018,0.0341691716449145,0.0739899629948801,0.0469989696032972,-13.660133732995158,4.872187680276905,22.764705882352946,1.7205965109735508,0.1027885017839738,4.367910447761194,0.1271654048505068,0.0,0.1515262751159196,0.0454619787408013,0.0178365199538046,1.3627450980392155,0.0181573206723983,17.72117853727381,0.0286245605996606,0.0305121023749345,8.058208255159474,6041000000.0,9869100000.0,4295100000.0,8916300000.0,922950000.0,258150000.0,-411450000.0,54.67791607853202,26.64411524553832,-49.6873906450484,1.646002745802091,3.37785657998424,-1.8113247411789564,0.0407563238201449,0.0521575984990619,2018-07-27,0.75,bmo,1558600000.0,2025-04-25,2018-06-30,0.0,32.22238095238095,3202059.777777778
2018-03-31,BEN,USD,38777,2018-04-26,2018-04-26 08:35:21,2018,Q2,1617800000.0,877000000.0,740800000.0,0.457905798,0,185100000.0,521500000.0,185100000.0,8100000.0,185100000.0,1062100000.0,25700000.0,10000000.0,17400000.0,606800000.0,0.3750772654,555700000.0,0.3434911608,77400000.0,633100000.0,0.3913339102,150200000.0,443200000.0,0.2739522809,0.79,0.78,545000000,545500000,https://www.sec.gov/Archives/edgar/data/38777/000003877718000167/0000038777-18-000167-index.htm,https://www.sec.gov/Archives/edgar/data/38777/000003877718000167/form10q3312018.htm,2.968440366972477,0.8132110091743119,1.0579816513761469,1.01302752293578,16.653394495412844,22.91119266055046,18.796880733944956,18.45577981651376,1.9977981651376149,18900600000.0,11252900000.0,10.661439530685922,11.682902707380393,32.77939646201873,34.23401557688825,1.8790861369601528,1.8790861369601528,6.955680553838546,18.54466051417271,19.515955601803675,20.38199601521464,0.0234489910373215,0.0292107128874215,0.1072536387497017,0.060983606557377,-12.603328938694792,3.003744733967858,55.57,1.194036032304825,0.0067352359184364,0.2872292418772563,0.1144146371615774,0.0,0.1267552289429055,0.0424904613250086,0.0151440227469402,1.408045977011494,0.0191000123624675,18.376342805845137,0.0292611774733137,0.0286903551985085,8.022293577981651,6421000000.0,10244300000.0,4422100000.0,9181000000.0,998750000.0,213900000.0,-324600000.0,50.01236246754852,26.93842645381984,-35.87685290763968,1.7995550611790878,3.340952380952381,-2.5085812356979407,0.0440626739839338,0.0449541284403669,2018-04-26,0.75,bmo,1555576923.0,2025-04-25,2018-03-31,0.04,33.49765625,3501656.03125
2017-12-31,BEN,USD,38777,2018-01-30,2018-01-30 08:35:19,2018,Q1,1615500000.0,861200000.0,754300000.0,0.466914268,0,173200000.0,528700000.0,173200000.0,4300000.0,173200000.0,1034400000.0,23800000.0,10800000.0,20900000.0,611900000.0,0.3787681832,581100000.0,0.3597028784,70500000.0,651600000.0,0.4033426184,1223500000.0,-583300000.0,-0.3610646859,-1.06,-1.06,550700000,550700000,https://www.sec.gov/Archives/edgar/data/38777/000003877718000018/0000038777-18-000018-index.htm,https://www.sec.gov/Archives/edgar/data/38777/000003877718000018/form10q12312017.htm,2.9335391320138005,-1.0591973851461776,0.5818049754857454,0.5469402578536409,16.8331214817505,25.94625022698384,21.88759760305066,21.351189395315053,2.008897766479026,23861831000.0,15986931000.0,-10.227083404765986,14.77055462705045,74.4751279650437,79.22254648074369,2.029395140371318,2.029395140371318,9.895964716805942,26.12670534401046,49.89678838951311,53.07746015936255,-0.0244448969569854,0.0126226692327173,0.0931698148510388,0.0606105873500641,-12.869586533747343,5.542717163932622,53.80555555555556,-0.5602378038118552,0.0046811160467945,-0.1914966569518258,0.1072113896626431,0.0,0.1236610897180542,0.0599250936329588,0.0118848653667595,0.9186602870813396,0.0187558031569173,,-0.0313709824440806,-0.0368261223665187,11.182631196658798,8252300000.0,12053500000.0,6283100000.0,11004000000.0,1050200000.0,166350000.0,-307050000.0,61.19777158774373,17.274732930794244,-31.30980027868091,1.4706417842512518,5.209921355111918,-2.874499332443257,-0.0496083550913838,0.0348647176321045,2018-01-30,0.75,bmo,1395204545.0,2025-04-25,2017-12-31,0.1733333333333333,40.65918032786885,3552263.885245901
2017-09-30,BEN,USD,38777,2017-11-13,2017-11-13 14:01:00,2017,Q4,1616900000.0,871000000.0,745900000.0,0.4613148618,0,188200000.0,0.0,188200000.0,7400000.0,188200000.0,1059200000.0,25000000.0,12700000.0,18000000.0,629200000.0,0.3891397118,557700000.0,0.34491929,100700000.0,658400000.0,0.407198961,181900000.0,425200000.0,0.2629723545,0.76,0.76,553600000,554100000,https://www.sec.gov/Archives/edgar/data/38777/000003877717000268/0000038777-17-000268-index.htm,https://www.sec.gov/Archives/edgar/data/38777/000003877717000268/form10k93017.htm,2.920700867052023,0.7680635838150289,0.3199060693641618,0.273121387283237,16.373193643424855,26.87445809248555,22.85043352601156,22.796242774566476,2.005599710982659,24640736000.0,16988636000.0,14.487732831608652,15.239492856701094,139.13459062676455,162.96783068783068,1.9525147385103008,1.9525147385103008,10.506918176757994,27.00037507946599,95.92679841897233,112.35870370370372,0.0172559780681875,0.0061361803478597,0.0869730586370839,0.0625983802897228,-12.16163382072473,24.0899209486166,43.91338582677165,0.3716684155299055,0.0045372021355206,0.2629350893697084,0.1163955717731461,0.0,0.1270503022698756,0.1462450592885375,0.0160183066361556,1.4388888888888889,0.0175644752303791,19.84821624898311,0.0235633289990851,0.0277794110921646,12.648256865968207,9346800000.0,12650000000.0,7095300000.0,12091700000.0,990250000.0,221200000.0,-346150000.0,55.76782732389139,17.29735935706085,-32.49712973593571,1.6138337159397145,5.20310633213859,-2.769475357710652,0.0336925515055467,0.0467846820809248,2017-10-26,0.72,bmo,1531800000.0,2025-04-25,2017-09-30,0.0555555555555556,43.3068253968254,2225920.8253968256
2017-06-30,BEN,USD,38777,2017-07-28,2017-07-28 08:35:38,2017,Q3,1613900000.0,883900000.0,730000000.0,0.452320466,0,165800000.0,0.0,165800000.0,7300000.0,165800000.0,1049700000.0,20300000.0,12900000.0,21800000.0,630600000.0,0.3907305285,564200000.0,0.3495879546,79300000.0,643500000.0,0.3987235888,184100000.0,410600000.0,0.2544147717,0.73,0.73,556200000,556700000,https://www.sec.gov/Archives/edgar/data/38777/000003877717000226/0000038777-17-000226-index.htm,https://www.sec.gov/Archives/edgar/data/38777/000003877717000226/form10q06302017.htm,2.901654081265732,0.7382236605537577,0.618482560230133,0.5821646889608054,16.476087740021576,26.133944624235887,22.12819129809421,22.294138798993167,2.590255303847537,24912198000.0,17553798000.0,15.168167316122746,15.436023297602082,72.41918023255813,76.93699197035207,2.009048225806452,2.009048225806452,10.8766330008055,27.836660323501427,51.02848255813954,54.211852995676345,0.0164818857011332,0.0129976487823354,0.1151451612903225,0.0816996829974479,-11.668886774500477,25.121687676871623,43.736434108527135,0.7488027862429255,0.0045238882574713,0.2744763760350706,0.1027325113080116,0.0,0.1274876689440496,0.0587209302325581,0.0125162649482619,0.926605504587156,0.0196418613296982,19.243346043358507,0.0235720304729814,0.0269277685234978,12.169273644372527,9376100000.0,12307700000.0,6824300000.0,12112900000.0,1001050000.0,267150000.0,-375449999.5,54.57215440857549,28.00090507976015,-38.46815250593959,1.6491927243000204,3.2141818181818183,-2.3395976707252517,0.0331129032258064,0.0363178712693275,2017-07-28,0.72,bmo,1591791780.0,2025-04-25,2017-06-30,0.0138888888888889,43.8215873015873,2065096.015873016
2017-03-31,BEN,USD,38777,2017-04-28,2017-04-28 08:33:54,2017,Q2,1600600000.0,877900000.0,722700000.0,0.4515181807,0,166900000.0,534800000.0,166900000.0,2900000.0,166900000.0,1044800000.0,16000000.0,12600000.0,20600000.0,600600000.0,0.3752342871,555500000.0,0.3470573535,72000000.0,627500000.0,0.3920404848,192500000.0,420700000.0,0.2628389354,0.74,0.74,560300000,560600000,https://www.sec.gov/Archives/edgar/data/38777/000003877717000186/0000038777-17-000186-index.htm,https://www.sec.gov/Archives/edgar/data/38777/000003877717000186/form10q03312017.htm,2.856683919328931,0.7508477601285026,0.3000178475816527,0.271461716937355,16.32910940567553,25.22398714974121,21.25468499018383,21.762627164019275,3.0212386221666963,23611042000.0,16515142000.0,14.030806988352746,14.751369486442584,140.45831052944678,155.2336752136752,1.9363471001180947,1.9363471001180947,10.318094464575784,27.49773892773893,98.24593694229624,108.58081525312296,0.0178179345070835,0.0064419012087649,0.1377935966408607,0.0976287180202323,-11.814685314685317,26.237215528781796,44.08730158730159,0.3864367816091954,0.0047986022810852,0.2693130496791062,0.1042733974759465,0.0,0.129226442612187,0.0951814396192742,0.0099962514057228,0.7766990291262136,0.0205547919530176,19.174447759032084,0.022872055486404,0.0280726806841005,11.874308407103335,9426100000.0,11909000000.0,6722500000.0,12159900000.0,976750000.0,237050000.0,-388049999.0,57.55029363988505,26.58275430003417,-38.24923101720014,1.563849535906204,3.3856536829926727,-2.352988481246284,0.0345017058128854,0.0285561306442976,2017-04-28,0.67,bmo,1449191891.0,2025-04-25,2017-03-31,0.1044776119402984,42.72809523809524,2297895.8253968256
2016-12-31,BEN,USD,38777,2017-01-27,2017-01-27 08:35:23,2017,Q1,1560800000.0,831500000.0,729300000.0,0.4672603793,0,142400000.0,520000000.0,142400000.0,4400000.0,142400000.0,973900000.0,13600000.0,13300000.0,19900000.0,553300000.0,0.3544976935,586900000.0,0.3760251153,32800000.0,619700000.0,0.3970399795,200900000.0,440200000.0,0.2820348539,0.77,0.77,565100000,565200000,https://www.sec.gov/Archives/edgar/data/38777/000003877717000010/0000038777-17-000010-index.htm,https://www.sec.gov/Archives/edgar/data/38777/000003877717000010/form10q12312016.htm,2.761989028490533,0.7789771721819148,0.7895947619890284,0.7669439037338525,15.67474783224208,23.16085648557777,19.26703238364891,21.172889754025835,3.092903910812246,22366658000.0,15646358000.0,12.70255452067242,14.330252434648898,50.126978933213806,51.60742501153669,1.869371656860123,1.869371656860123,10.024575858534083,28.27825411169347,35.065795607350964,36.10142593447162,0.0196810806513874,0.0193770566885763,0.1449669029152179,0.1069998704527368,-12.14585215976866,18.009595087315294,44.12781954887218,1.0654250238777458,0.0046229526109801,0.2348932303498409,0.0912352639671963,0.0,0.1357408561223419,0.028686687584043,0.0082009226037929,0.6432160804020101,0.0194771911840082,19.26387682215046,0.0252806646138516,0.0314206382629426,11.027605734383297,8863700000.0,10887800000.0,6262700000.0,11576600000.0,862150000.0,224050000.0,-762449999.0,53.62634546386468,23.2495490078172,-43.619963812387255,1.678279569892473,3.8710428305400377,-2.0632754393629664,0.0367912543460818,0.022650858255176,2017-01-27,0.68,bmo,1378368831.0,2025-04-25,2016-12-31,0.1323529411764705,41.49354838709677,2318603.4677419355
2016-09-30,BEN,USD,38777,2016-11-14,2016-11-14 14:54:30,2016,Q4,1611800000.0,853400000.0,758400000.0,0.4705298424,0,179000000.0,0.0,179000000.0,17200000.0,179000000.0,1032400000.0,13500000.0,13400000.0,21300000.0,593300000.0,0.3680977789,579400000.0,0.3594738801,56900000.0,636300000.0,0.3947760268,163300000.0,472100000.0,0.2929023452,0.82,0.82,571600000,571600000,https://www.sec.gov/Archives/edgar/data/38777/000003877716000609/0000038777-16-000609-index.htm,https://www.sec.gov/Archives/edgar/data/38777/000003877716000609/form10k93016.htm,2.819804058782365,0.82592722183345,0.9837298810356891,0.9203988803358992,16.804058782365292,22.02466759972008,18.156053184044787,20.881385584324704,3.668299510146956,20331812000.0,13931912000.0,10.766687142554543,12.614351656533067,36.15829983994309,38.646287777988974,1.703431022637779,1.703431022637779,8.643697729246805,23.48206977920108,24.776653032189223,26.481490210986504,0.0232197700824697,0.02587570650368,0.1745505119053603,0.1294133724252739,-10.78695432327659,27.45664397750814,43.23880597014925,1.1887949260042283,0.0051200552119997,0.2205041304808303,0.1110559622781982,0.0,0.1373580639550774,0.0643784456695714,0.0224593622037473,1.699530516431925,0.0170616701824047,19.69889229457136,0.0267296465117919,0.0339945994599459,10.725113716759973,8939700000.0,10378000000.0,5768100000.0,11674200000.0,803450000.0,213150000.0,-1233249999.5,44.35227695743889,24.603937192406843,-118.31614707054136,2.029208107767846,3.6579511358765537,-0.7606738575280095,0.0395532766969955,0.06333100069979,2016-10-26,0.69,bmo,1356270731.0,2025-04-25,2016-09-30,0.1884057971014493,37.4336507936508,3148689.6666666665
2016-06-30,BEN,USD,38777,2016-07-28,2016-07-28 08:34:43,2016,Q3,1634300000.0,880300000.0,754000000.0,0.4613596035,0,158600000.0,0.0,158600000.0,-10400000.0,158600000.0,1038900000.0,12300000.0,12300000.0,19400000.0,628100000.0,0.3843235636,595400000.0,0.3643149972,53500000.0,648900000.0,0.3970507251,187400000.0,446400000.0,0.2731444655,0.77,0.77,578900000,578900000,https://www.sec.gov/Archives/edgar/data/38777/000003877716000548/0000038777-16-000548-index.htm,https://www.sec.gov/Archives/edgar/data/38777/000003877716000548/form10q6302016.htm,2.823112800138193,0.7711176368975643,1.2708585247883917,1.225427534980135,16.560200380031095,21.438763171532216,17.61513214717568,20.352565209880808,3.759025738469511,19317893000.0,13239593000.0,10.818712477598568,11.820285749250443,26.257840152235964,27.23131237665633,1.6395967611885829,1.6395967611885829,8.101078749311633,21.078797962107945,17.995912736169636,18.663085706230618,0.0231081101857226,0.0367224313748916,0.1836514712996834,0.1352586341615877,-9.677280687788569,30.323844608171463,48.40650406504065,1.5941495124593716,0.0054716112155709,0.2367831541218638,0.0970446062534418,0.0,0.1383653695889982,0.0357482669566399,0.0160925166738052,1.3556701030927836,0.0206204491219482,18.79148729511729,0.0269732661984249,0.032385374347069,10.256089134565554,8756100000.0,10197400000.0,5468100000.0,11478000000.0,805300000.0,183400000.0,-1398000000.0,44.749434008443984,19.731909576280813,-137.4690446438714,2.0111986217080973,4.561139896373057,-0.6546928454558977,0.0378879826176997,0.045430989808257,2016-07-28,0.67,bmo,1422053246.0,2025-04-25,2016-06-30,0.1492537313432835,35.36796875,2684382.171875
2016-03-31,BEN,USD,38777,2016-04-27,2016-04-27 08:35:02,2016,Q2,1613900000.0,906000000.0,707900000.0,0.4386269286,0,170600000.0,531700000.0,170600000.0,3600000.0,170600000.0,1076600000.0,7100000.0,12200000.0,23800000.0,555200000.0,0.344011401,537300000.0,0.3329202553,5200000.0,542500000.0,0.3361422641,181700000.0,360400000.0,0.2233099944,0.61,0.61,587000000,587100000,https://www.sec.gov/Archives/edgar/data/38777/000003877716000500/0000038777-16-000500-index.htm,https://www.sec.gov/Archives/edgar/data/38777/000003877716000500/form10q3312016.htm,2.749403747870528,0.6139693356047701,0.2291311754684838,0.2018739352640545,16.171039182282794,21.19335604770017,17.40868824531516,20.05178875638841,3.711413969335605,22922350000.0,17047750000.0,15.90063124306326,14.203079496870934,170.4263940520446,193.437552742616,1.947457180724529,1.947457180724529,10.563077018402629,30.70560158501441,126.74907063197026,143.86286919831224,0.0157226462382783,0.0051696270234072,0.1840549174199687,0.1363295974425614,-10.581051873198849,31.47792022792023,44.040983606557376,0.3727827050997783,0.0046853834794425,0.2980022197558268,0.1057066732759154,0.0,0.1398032836403224,0.1189591078066914,0.0099138732263461,0.6722689075630253,0.0224920998822727,16.643365854299343,0.0228916945152814,0.0263656514964189,10.076320272572405,8558200000.0,10218900000.0,5388600000.0,11284200000.0,830850000.0,201500000.0,-1350199999.5,44.500898444761134,17.264900662251655,-144.17880794701986,2.022431077694236,5.212888377445339,-0.6242248863166597,0.0306191803167267,0.0272572402044293,2016-04-27,0.63,bmo,1693272131.0,2025-04-25,2016-03-31,-0.0317460317460317,36.33484375,3431963.546875
2015-12-31,BEN,USD,38777,2016-02-03,2016-02-03 08:36:44,2016,Q1,1758000000.0,931100000.0,826900000.0,0.4703640501,0,173300000.0,588600000.0,173300000.0,2100000.0,173300000.0,1104400000.0,3600000.0,12000000.0,22600000.0,706700000.0,0.4019908987,653600000.0,0.3717861206,18500000.0,672100000.0,0.3823094425,209700000.0,447800000.0,0.2547212742,0.74,0.74,597600000,597700000,https://www.sec.gov/Archives/edgar/data/38777/000003877716000304/0000038777-16-000304-index.htm,https://www.sec.gov/Archives/edgar/data/38777/000003877716000304/form10q12312015.htm,2.9417670682730925,0.749330655957162,0.4939759036144578,0.4620147255689424,15.927041499330656,20.87366131191433,17.11244979919679,19.714190093708165,3.5681057563587686,22003632000.0,15854932000.0,12.284296560964716,12.516286689419797,74.53804878048781,79.69442955450924,1.867690218313924,1.867690218313924,9.018732650739476,22.435166265742183,53.70911924119241,57.42459978268743,0.0203511856588039,0.0125479284510848,0.1799731776049977,0.1312432298598,-8.700580161313146,17.186112156567557,54.46666666666667,0.6384083044982699,0.004158404394329,0.2043322912014292,0.0985779294653014,0.0,0.1391290891646807,0.0647018970189702,0.0108646188850967,0.8451327433628318,0.0193401592718998,18.231293354507432,0.0287806742227197,0.0321977595306231,9.805681058400268,8601300000.0,10226400000.0,5451300000.0,11356100000.0,850850000.0,230650000.0,-1250099999.5,44.21672354948806,22.15444098378262,-120.72817088390076,2.0354289683918028,4.06239092495637,-0.7454763817017425,0.0380097103860387,0.0319611780455154,2016-02-03,0.75,bmo,1781756756.0,2025-04-25,2015-12-31,-0.0133333333333333,35.386065573770495,4058497.7377049183
2015-09-30,BEN,USD,38777,2015-11-12,2015-11-12 14:02:27,2015,Q4,1873800000.0,963100000.0,910700000.0,0.486017718,0,192600000.0,0.0,192600000.0,-6100000.0,192600000.0,1155700000.0,2800000.0,12900000.0,24800000.0,718100000.0,0.3832319351,718100000.0,0.3832319351,-122400000.0,595700000.0,0.3179101291,214200000.0,358200000.0,0.1911623439,0.59,0.59,607400000,607400000,https://www.sec.gov/Archives/edgar/data/38777/000003877715000278/0000038777-15-000278-index.htm,https://www.sec.gov/Archives/edgar/data/38777/000003877715000278/form10k93015.htm,3.084952255515311,0.5897267039841949,0.7196246295686533,0.6779716825814949,15.836845571287457,20.67072769180112,16.954889693776753,19.49456700691472,3.5696410931840634,22631724000.0,16418924000.0,15.795452261306531,12.077982708933718,51.77699382292381,54.95804759592035,1.9113017481631616,1.9113017481631616,8.762367381791012,22.86439771619552,37.563312743079386,39.87111219038368,0.0158273404182553,0.0181956973317631,0.1820200996537454,0.1319380253065372,-8.65171981618159,28.35263319987681,55.66666666666666,1.145740498034076,0.0040827645300022,0.2579564489112227,0.1027857829010566,0.0,0.1381636538379133,0.0578814916495081,0.0135019745970754,1.0201612903225807,0.0178781086562066,16.083236670465432,0.0287232389659253,0.0254426900210957,9.6178794863352,8881400000.0,10298400000.0,5425800000.0,11648500000.0,868500000.0,228900000.0,-1260649999.5,40.24975984630163,21.689336517495587,-116.92243796075174,2.236038186157518,4.149504523912107,-0.7697410485933504,0.0302508234101849,0.0416529469871583,2015-10-22,0.77,bmo,2445467796.0,2025-04-25,2015-09-30,-0.2337662337662338,39.1075,3771099.21875
2015-06-30,BEN,USD,38777,2015-07-29,2015-07-29 08:34:06,2015,Q3,2000800000.0,1057500000.0,943300000.0,0.4714614154,0,173500000.0,0.0,173500000.0,3000000.0,173500000.0,1231000000.0,2600000.0,13700000.0,23200000.0,788300000.0,0.393992403,769800000.0,0.3847461016,-18400000.0,751400000.0,0.3755497801,217400000.0,504200000.0,0.2519992003,0.82,0.82,614100000,614200000,https://www.sec.gov/Archives/edgar/data/38777/000003877715000223/0000038777-15-000223-index.htm,https://www.sec.gov/Archives/edgar/data/38777/000003877715000223/form10q6302015.htm,3.258101286435434,0.8210389187428757,1.1292949031102426,1.106822992997883,15.789773652499592,20.820061879172773,17.09786679693861,19.6800195407914,3.610486891385768,30109323000.0,23886423000.0,14.92925575168584,15.048642043182728,43.416471521268925,44.29795939385023,2.491359314881469,2.491359314881469,11.93843612554978,30.301183559558545,34.44329199711608,35.14259673385317,0.0167456438658551,0.0225744032836606,0.1823259277646766,0.1321811845017786,-7.894075859444374,29.150984682713347,56.18978102189781,1.298689138576779,0.0030887443068713,0.1844506148353827,0.0867153138744502,0.0,0.1371181082524009,0.0198990627253064,0.0068972411035585,0.5948275862068966,0.016843262694922,19.067154853405,0.0334595111273907,0.0350516180611074,9.527764208597947,9005500000.0,10499800000.0,5440700000.0,11801400000.0,909050000.0,222850000.0,-1274449999.5,40.43882447021191,19.208510638297877,-108.0936169361702,2.2255839822024472,4.685423128046079,-0.8326116060409507,0.0417194158288858,0.0224719101123595,2015-07-29,0.88,bmo,2147200000.0,2025-04-25,2015-06-30,-0.0681818181818182,43.29328125,3456260.21875
2015-03-31,BEN,USD,38777,2015-04-29,2015-04-29 08:37:03,2015,Q2,2009800000.0,1088000000.0,921800000.0,0.4586526022,0,164100000.0,710500000.0,164100000.0,1700000.0,164100000.0,1252100000.0,3400000.0,1700000.0,24500000.0,788500000.0,0.3923275948,757700000.0,0.3770026868,101200000.0,858900000.0,0.4273559558,236000000.0,606500000.0,0.3017713205,0.98,0.98,617600000,617700000,https://www.sec.gov/Archives/edgar/data/38777/000003877715000183/0000038777-15-000183-index.htm,https://www.sec.gov/Archives/edgar/data/38777/000003877715000183/form10q3312015.htm,3.2542098445595853,0.9820272020725388,0.8889248704663213,0.8669041450777202,15.221988341968911,20.21356865284974,16.50955310880829,19.141029792746117,4.015058290155441,31695232000.0,26050932000.0,13.064811211871392,15.770341327495274,57.73266302367941,59.19916324243556,2.681151461320475,2.681151461320475,12.96195243307792,33.03859480025365,47.45160655737705,48.65695181172955,0.0191353702664173,0.0168921306523328,0.2096180687729983,0.1502628690627065,-7.158275206087508,28.73935155753337,445.7058823529411,0.8813613742173704,0.0127842572662033,0.6680956306677659,0.0816499154144691,0.0,0.138717247485007,0.0247723132969034,0.0067668424718877,0.5551020408163265,0.0186088167976913,20.565329281913904,0.0339694451542534,0.0427007427746682,8.814483484455959,8726800000.0,10196300000.0,5034200000.0,11531300000.0,922900000.0,207100000.0,-1274600000.0,41.15782664941785,18.198529411764707,-105.78308823529412,2.1867043847241865,4.945454545454545,-0.8507976227713482,0.0513048259527132,0.022020725388601,2015-04-29,0.86,bmo,1763702040.0,2025-04-25,2015-03-31,0.1395348837209302,51.30031746031746,1819238.7936507936
2014-12-31,BEN,USD,38777,2015-01-30,2015-01-30 08:35:34,2015,Q1,2064300000.0,1107000000.0,957300000.0,0.4637407354,0,175300000.0,731500000.0,175300000.0,8800000.0,175300000.0,1282300000.0,2000000.0,11300000.0,24900000.0,858600000.0,0.4159279175,782000000.0,0.3788209078,40400000.0,822400000.0,0.3983917066,256100000.0,566400000.0,0.274378724,0.91,0.91,620100000,620200000,https://www.sec.gov/Archives/edgar/data/38777/000003877715000010/0000038777-15-000010-index.htm,https://www.sec.gov/Archives/edgar/data/38777/000003877715000010/form10q12312014.htm,3.328979196903725,0.9134010643444606,0.9230769230769232,0.8971133688114821,14.764715368488954,19.720206418319627,15.998387356877924,18.63538139009837,3.4039671020803097,34334937000.0,28549237000.0,15.154898040254237,16.63272634791455,59.98416666666666,61.720181556714,2.971229772062514,2.971229772062514,13.829984498377174,33.250916608432334,49.8763749126485,51.31985799029301,0.016496316856501,0.0162021558391093,0.1816836566918776,0.12882897255903,-6.738527836012112,11.105103969754254,69.20353982300885,1.0107716757902172,0.0022076638730981,0.1338276836158192,0.084919827544446,0.0,0.1416167591183545,0.0281271837875611,0.0077992539844014,0.6465863453815262,0.0171486702514169,19.570014995243824,0.0347333011641226,0.0404892450442851,8.300475729721013,8018400000.0,9920600000.0,4743600000.0,10849700000.0,938350000.0,215850000.0,-1273950000.0,40.40255776776631,15.788617886178862,-103.28455284552844,2.2275817416639687,5.700308959835222,-0.8713790931989924,0.0490143477734124,0.025963554265441,2015-01-30,0.93,bmo,2109669230.0,2025-04-25,2014-12-31,-0.021505376344086,53.07032786885246,2058875.0327868853
2014-09-30,BEN,USD,38777,2014-11-12,2014-11-12 13:53:24,2014,Q4,2155500000.0,1121800000.0,1033700000.0,0.4795639063,0,198400000.0,0.0,198400000.0,-700000.0,198400000.0,1320200000.0,2300000.0,12500000.0,21700000.0,835300000.0,0.3875202969,835300000.0,0.3875202969,50500000.0,885800000.0,0.4109487358,255000000.0,640600000.0,0.2971932266,1.03,1.02,621600000,622100000,https://www.sec.gov/Archives/edgar/data/38777/000003877714000259/0000038777-14-000259-index.htm,https://www.sec.gov/Archives/edgar/data/38777/000003877714000259/form10k93014.htm,3.4676640926640925,1.0305662805662803,1.1697232947232947,1.1457528957528955,14.2752574002574,20.024453024453024,16.28265765765766,18.63593951093951,3.4773166023166024,33945576000.0,28498576000.0,13.247571027162037,15.748353514265832,46.68625498555907,47.662982308340354,2.930359371897687,2.930359371897687,13.221329621897471,34.117773255117925,39.19485077705955,40.014849761303005,0.0188713840059747,0.0209806426616534,0.1855129013043741,0.1313802568915027,-6.521010415419609,27.189885496183205,66.824,1.1526632847178186,0.0022123648748808,0.1172338432719325,0.0920436093713755,0.0,0.1421951323889931,0.0204923669371475,0.0069125492925075,0.6866359447004609,0.0142890280677337,20.78762479215844,0.0370784036370716,0.0456553965448429,8.103844916344917,8234100000.0,10121300000.0,4638600000.0,11090700000.0,976400000.0,270050000.0,-1277450000.0,39.66597077244259,19.054198609377785,-102.49153146728472,2.2689473684210526,4.723368421052632,-0.8781213307240705,0.0552999369825882,0.0239703989703989,2014-10-27,0.93,bmo,1965308823.0,2025-04-25,2014-09-30,0.096774193548387,55.2396875,1836759.03125
2014-06-30,BEN,USD,38777,2014-07-30,2014-07-30 08:42:49,2014,Q3,2130500000.0,1170000000.0,960500000.0,0.4508331378,0,173700000.0,0.0,173700000.0,-200000.0,173700000.0,1343700000.0,2100000.0,10900000.0,22100000.0,844400000.0,0.3963388876,786800000.0,0.3693029805,96700000.0,883500000.0,0.414691387,251400000.0,578900000.0,0.2717202535,0.92,0.92,623200000,623600000,https://www.sec.gov/Archives/edgar/data/38777/000003877714000203/0000038777-14-000203-index.htm,https://www.sec.gov/Archives/edgar/data/38777/000003877714000203/form10q06302014.htm,3.418645699614891,0.9289152759948652,1.2379653401797177,1.222240051347882,14.401476251604622,19.423299101412063,15.654364569961489,18.12467907573813,3.531931964056483,36045888000.0,30538488000.0,15.56654344446364,16.91898052100446,46.72182501620221,47.32294604174872,3.191228918222624,3.191228918222624,14.333953532034734,36.16590241591663,39.58326377187297,40.0925403702245,0.0160600843014326,0.0211313978448803,0.1939036590440271,0.1312133429986999,-6.522264329701564,28.75214805023133,72.18348623853211,1.2205347255181145,0.0020917781245949,0.1302470202107445,0.0815301572400844,0.0,0.1407149575542628,0.0127025275437459,0.004599859187984,0.4434389140271493,0.0153015724008448,19.46321025637977,0.0343465549601769,0.0403608703836688,7.222560975609756,8397800000.0,9755800000.0,4113100000.0,11288700000.0,997100000.0,282050000.0,-1275949999.5,42.361886881013845,23.27692307692308,-98.26153846153846,2.1245512564818507,3.866490416391275,-0.9159229685298262,0.0512514054518251,0.0157252888318356,2014-07-30,0.95,bmo,2199972826.0,2025-04-25,2014-06-30,-0.0315789473684209,56.00078125,1510902.8125
2014-03-31,BEN,USD,38777,2014-04-28,2014-04-28 08:44:03,2014,Q2,2095900000.0,1138600000.0,957300000.0,0.4567488907,0,171300000.0,766300000.0,171300000.0,3500000.0,171300000.0,1309900000.0,2400000.0,11400000.0,25700000.0,828700000.0,0.3953910015,786000000.0,0.3750178921,5600000.0,791600000.0,0.3776897753,238800000.0,561000000.0,0.2676654421,0.89,0.89,626100000,626500000,https://www.sec.gov/Archives/edgar/data/38777/000003877714000168/0000038777-14-000168-index.htm,https://www.sec.gov/Archives/edgar/data/38777/000003877714000168/form10q03312014.htm,3.3475483149656604,0.8960229995208433,0.5026353617632966,0.4812330298674333,13.07363041047756,18.601501357610605,14.853378054623862,17.353777351860725,3.578980993451525,33922098000.0,29240598000.0,15.116799465240645,16.184979245192995,107.79185891325072,112.58578825091271,3.122086846077385,3.122086846077385,13.951332601746266,35.284901653191746,92.91578646329836,97.04811815466311,0.0165378922023042,0.0088821157229131,0.2051872031807974,0.1381511271952111,-5.649209605406058,31.053919694072658,68.94736842105263,0.5692836468885673,0.002234531602379,0.1351158645276292,0.0817309986163462,0.0,0.1454199561267614,0.0425802351445821,0.0063934348012786,0.5214007782101168,0.0159358748031871,18.70457515706252,0.0345737462474265,0.0406795884182818,6.070436033381249,7859100000.0,9299700000.0,3629600000.0,10759300000.0,1025300000.0,261150000.0,-1254849999.5,42.57168758051434,20.670121201475496,-100.74213939047954,2.1140810974379667,4.354110898661568,-0.8933699497005649,0.0516327357066597,0.0214023318958632,2014-04-28,0.89,bmo,2095900000.0,2025-04-25,2014-03-31,0.0,54.702063492063495,1848271.476190476
2013-12-31,BEN,USD,38777,2014-01-30,2014-01-30 08:36:08,2014,Q1,2109500000.0,1125700000.0,983800000.0,0.4663664375,0,170700000.0,776700000.0,170700000.0,6200000.0,170700000.0,1296400000.0,2300000.0,12600000.0,25100000.0,886400000.0,0.4201943589,813100000.0,0.3854467883,35600000.0,848700000.0,0.4023228253,252700000.0,603800000.0,0.2862289642,0.96,0.96,628100000,628500000,https://www.sec.gov/Archives/edgar/data/38777/000003877714000007/0000038777-14-000007-index.htm,https://www.sec.gov/Archives/edgar/data/38777/000003877714000007/form10q12312013.htm,3.358541633497851,0.9613118930106672,0.5169558987422385,0.4930743512179589,12.633179430027068,17.892373825823913,14.14933927718516,16.728387199490527,3.613755771373985,36260213000.0,31817713000.0,15.013337611791982,17.189008295804694,111.67296889436405,117.08173393606717,3.4510200721416946,3.4510200721416946,15.083059018724816,35.89543434115524,97.9911087157376,102.73720697449144,0.0166518602634794,0.0085410419403769,0.2148261651645078,0.1418792781580584,-5.011845667870036,16.817816335167162,64.53174603174604,0.5447986577181209,0.0017677778120056,0.106160980457105,0.0809196492059729,0.0,0.1477752006687912,0.0461964890668309,0.0071106897369044,0.5976095617529881,0.0146480208580232,19.02174926839136,0.0369897634969089,0.0445336067206065,5.47779016080242,7475500000.0,8887200000.0,3277000000.0,10385900000.0,1163900000.0,267250000.0,-1215950000.0,45.18985541597535,20.851026028249088,-98.75455272275028,1.9915974320241687,4.316334355828221,-0.9113503886010362,0.0574659040077661,0.0238815475242795,2014-01-30,0.93,bmo,2043578125.0,2025-04-25,2013-12-31,0.0322580645161289,53.8288524590164,2830741.0
2013-09-30,BEN,USD,38777,2013-11-12,2013-11-12 15:38:49,2013,Q4,1984800000.0,1066400000.0,918400000.0,0.4627166465,0,183300000.0,0.0,183300000.0,100000.0,183300000.0,1249700000.0,0.0,11500000.0,23000000.0,758000000.0,0.3819024587,735100000.0,0.3703647723,-11600000.0,723500000.0,0.3645203547,213000000.0,509000000.0,0.2564490125,0.8,0.8,630500000,631300000,https://www.sec.gov/Archives/edgar/data/38777/000003877713000227/0000038777-13-000227-index.htm,https://www.sec.gov/Archives/edgar/data/38777/000003877713000227/form10k93013.htm,3.147977795400476,0.8072957969865187,0.8058683584456781,0.7731958762886598,11.926724821570184,17.140840602696272,13.399048374306108,15.976367961934972,3.658366375892149,31871775000.0,27843775000.0,15.654113457760314,16.05792775090689,62.72736666010627,65.378,3.164048306876731,3.164048306876731,14.028504131398629,36.73321240105541,54.79979334776619,57.11543589743589,0.0159702432638282,0.0152956652084799,0.2278444570191897,0.1491263977960143,-5.313984168865435,28.887747336377476,63.92173913043478,0.9952987267384916,0.0019327445678817,0.1210216110019646,0.0923518742442563,0.0,0.1532913588429075,0.0405432001574493,0.010378879484079,0.8956521739130435,0.0137041515517936,17.03517628034867,0.0342875514359229,0.0390604016545034,5.2179222839016655,7328900000.0,8448100000.0,3008700000.0,10252200000.0,1231750000.0,273200000.0,-1198450000.0,57.52418379685611,23.09921230307577,-100.99681170292574,1.564559356771244,3.896236755571794,-0.8911172390741205,0.0505306211593253,0.0326724821570182,2013-10-24,0.87,bmo,2158470000.0,2025-04-25,2013-09-30,-0.0804597701149424,53.90609375,2172990.6875
2013-06-30,BEN,USD,38777,2013-07-29,2013-07-29 08:59:57,2013,Q3,2084800000.0,1158300000.0,926500000.0,0.4444071374,0,154800000.0,0.0,154800000.0,2500000.0,154800000.0,1313100000.0,2400000.0,10000000.0,-44100000.0,805700000.0,0.3864639294,771700000.0,0.3701554106,300000.0,772000000.0,0.3702993093,209900000.0,552300000.0,0.2649174981,0.87,0.86,633600000,634300000,https://www.sec.gov/Archives/edgar/data/38777/000003877713000197/0000038777-13-000197-index.htm,https://www.sec.gov/Archives/edgar/data/38777/000003877713000197/form10q06302013.htm,3.29040404040404,0.8716856060606061,1.1928661616161615,1.1717171717171715,11.730271464646464,16.60842803030303,12.885574494949497,15.435290404040405,3.787089646464646,29265984000.0,25423384000.0,13.247322107550245,14.037789716039908,38.72186292670018,39.420775862068965,2.992493098018364,2.992493098018364,12.194639293937067,31.55440486533449,33.637713680867954,34.24485991379311,0.0188717386027409,0.0253673343086636,0.2443301499008159,0.1560010968062048,-4.76926895866948,27.23505683901724,77.17,1.3446006048745776,0.0021116665682589,0.1118957088538837,0.0742517267843438,0.0,0.1539968140391194,0.0177295580841492,0.0064274750575594,-0.3038548752834467,0.013958173445894,17.399172698371807,0.0373479721730541,0.0426210025929127,4.631115845959596,7154300000.0,8164300000.0,2632900000.0,10076300000.0,1213900000.0,259650000.0,-1207099999.5,51.58336531082119,21.18881118881119,-93.25563325563326,1.7447485145200434,4.247524752475248,-0.965089151808032,0.0564735475163091,0.0211489898989899,2013-07-29,0.84,bmo,2036316279.0,2025-04-25,2013-06-30,0.0238095238095238,48.26578125,2627276.328125
2013-03-31,BEN,USD,38777,2013-04-30,2013-04-30 08:36:35,2013,Q2,2013600000.0,1135900000.0,877700000.0,0.4358859754,0,148300000.0,780800000.0,148300000.0,4400000.0,148300000.0,1284200000.0,2400000.0,10900000.0,60700000.0,851700000.0,0.4229737783,729400000.0,0.3622367898,85600000.0,815000000.0,0.4047477155,221600000.0,572800000.0,0.2844656337,0.9,0.9,634000000,634700000,https://www.sec.gov/Archives/edgar/data/38777/000003877713000174/0000038777-13-000174-index.htm,https://www.sec.gov/Archives/edgar/data/38777/000003877713000174/form10q03312013.htm,3.17602523659306,0.9034700315457412,0.7656151419558359,0.7405362776025236,10.677917981072556,16.022712933753944,12.267350157728709,14.858044164037857,3.8389589905362778,31636600000.0,28503800000.0,13.807873603351954,15.711462058005562,65.17634940255459,67.38359957401491,3.3584501061571124,3.3584501061571124,14.155641636869287,33.466948456029115,58.72229089410795,60.71096911608094,0.018105611854624,0.01484040636478,0.2572186836518046,0.163603462478562,-3.678290477867794,27.52919708029197,66.91743119266054,0.8179979777553084,4.4252542940771134e-05,0.0024441340782122,0.0736491855383393,0.0,0.1607608269976097,0.0327564894932014,0.0078963051251489,0.2619439868204283,0.0146503774334525,17.379167030263684,0.0364659011196415,0.0460846548075917,3.841758675867508,6542100000.0,7777500000.0,2136900000.0,9496900000.0,1210150000.0,220350000.0,-1206099999.5,55.10578069129917,19.538691786248787,-96.18804464301434,1.6332224835753102,4.60624493106245,-0.9356672165862168,0.0608067940552017,0.0250788643533123,2013-04-30,0.83,bmo,1856986666.0,2025-04-25,2013-03-31,0.0843373493975904,50.9103125,2541106.609375
2012-12-31,BEN,USD,38777,2013-02-01,2013-02-01 08:37:03,2013,Q1,1901800000.0,1066000000.0,835800000.0,0.4394783889,0,150700000.0,730900000.0,150700000.0,1100000.0,150700000.0,1216700000.0,3100000.0,14500000.0,53900000.0,685100000.0,0.3602376696,685100000.0,0.3602376696,31000000.0,716100000.0,0.3765380166,211400000.0,516100000.0,0.2713744873,0.81,0.81,634500000,635400000,https://www.sec.gov/Archives/edgar/data/38777/000003877713000008/0000038777-13-000008-index.htm,https://www.sec.gov/Archives/edgar/data/38777/000003877713000008/form10q12312012.htm,2.9973207249803,0.8133963750985027,0.4513790386130811,0.431993695823483,10.151142631993697,15.131599684791174,11.361229314420804,14.102127659574467,3.9038613081166273,26585550000.0,23805350000.0,12.878100174384809,13.979151330318643,92.82664106145252,96.99215614739148,2.9711828605914303,2.9711828605914303,12.51727310968556,34.74726317325938,83.11923882681565,86.84914264866836,0.019412801315,0.0103101120721595,0.2752073135295826,0.1715525769461203,-4.058093708947599,18.632570269487104,47.248275862068965,0.5674658212799683,0.0285079676741688,1.468513853904282,0.0792407193185403,0.0,0.1666620222652603,0.0429469273743016,0.0064675570512146,0.2282003710575139,0.0145125670417499,16.065146721650866,0.0344669903956367,0.0431453197234553,3.1192277383766744,6085000000.0,7208700000.0,1676900000.0,9055300000.0,1018800000.0,217850000.0,-599100000.0,56.192028604479965,16.387429643527206,-101.16135084427768,1.6016506653191849,5.492014425553839,-0.8896678350859623,0.0576789825431949,0.0193853427895981,2013-02-01,0.79,bmo,1854841975.0,2025-04-25,2012-12-31,0.0253164556962025,46.96816666666667,2173420.533333333
2012-09-30,BEN,USD,38777,2012-11-15,2012-11-14 18:49:55,2012,Q4,1816200000.0,701600000.0,1114600000.0,0.6136989318,54100000,403100000.0,0.0,403100000.0,0.0,457200000.0,1158800000.0,2856000.0,8413000.0,49520000.0,736349000.0,0.4054338729,622700000.0,0.342858716,55675000.0,678400000.0,0.3735271446,174400000.0,492100000.0,0.2709503359,0.77,0.77,634200000,635700000,https://www.sec.gov/Archives/edgar/data/38777/000003877712000243/0000038777-12-000243-index.htm,https://www.sec.gov/Archives/edgar/data/38777/000003877712000243/form10k93012.htm,2.8637653736991484,0.7759381898454746,0.2844023967202775,0.2583112582781457,13.6158940397351,15.432355723746452,12.05502995900347,14.508514664143805,4.489929044465469,26604690000.0,23392390000.0,13.515896159317212,14.648546415592996,147.5022731304888,162.40097423407255,2.891405562257507,2.891405562257507,12.879853540358992,31.768074649385007,129.69257296194448,142.7923770456779,0.0184967387329076,0.0061575985286804,0.3085542260332779,0.1924617835474358,-4.362469426861448,5.549938564156574,74.01640318554618,0.3578460354179645,0.0021598071618199,0.116766917293233,0.2219469221451382,0.0297874683404911,0.1451987933430498,0.0917402199946775,0.0091107807510186,0.3341478190630048,0.013148882281687,15.915353864474737,0.0354703968421137,0.0390258215962441,6.793677073478398,7776300000.0,7645300000.0,4521100000.0,10500900000.0,822057000.0,259854500.0,0.0,42.13082259663032,30.99201824401368,0.0,2.13620324629499,2.903973509933775,0.0,0.0534815732559529,0.0260911384421318,2012-10-25,0.77,bmo,1816200000.0,2025-04-25,2012-09-30,0.0,43.01709677419355,1908636.7741935484
2012-06-30,BEN,USD,38777,2012-07-30,2012-07-30 08:38:18,2012,Q3,1783584000.0,692038000.0,1091546000.0,0.6119958466,44079000,373101000.0,0.0,373101000.0,0.0,417180000.0,1109218000.0,5500000.0,10100000.0,54130000.0,625000000.0,0.3504180347,642922000.0,0.3604663419,-28022000.0,614858000.0,0.3447317312,184906000.0,455267000.0,0.2552540278,0.71,0.71,639300000,640899999,https://www.sec.gov/Archives/edgar/data/38777/000003877712000200/0000038777-12-000200-index.htm,https://www.sec.gov/Archives/edgar/data/38777/000003877712000200/d10-q.htm,2.789901454716096,0.7121335836070702,0.6373893320819647,0.6114734866259972,10.026708900359768,14.604440794619114,11.27660096981073,13.685795401220084,3.0603926169247613,23654100000.0,20881626000.0,12.989136045441466,13.262117175305452,58.04929285393501,60.5095736924907,2.7035330366477246,2.7035330366477246,11.707677350772377,33.4106016,51.2453918322973,53.41730555235793,0.0192468536110019,0.0165263104493512,0.222463802652752,0.1427581279672837,-4.4359584,5.2970989396641786,63.65564356435644,0.9477406780291754,0.0024592353968233,0.1277733725484166,0.209186110662576,0.0247137224823725,0.1560392518493597,0.0406593649305615,0.0092891615982202,0.3060779604655459,0.0152059000305003,14.808361718321189,0.0357681592457255,0.0395649538426108,4.235595964335992,5955676000.0,7209131000.0,3043958000.0,8668337000.0,822142000.0,309792000.0,0.0,40.0610568383659,36.16825954644109,0.0,2.246570787264112,2.4883696680078677,0.0,0.0520345045888661,0.0259158454559674,2012-07-30,0.68,bmo,1708236619.0,2025-04-25,2012-06-30,0.0441176470588234,39.03206349206349,2095360.6666666667
2012-03-31,BEN,USD,38777,2012-05-02,2012-05-02 08:45:54,2012,Q2,1799349000.0,715443000.0,1083906000.0,0.6023878636,43292000,423457000.0,715443000.0,423457000.0,43292000.0,466749000.0,1182192000.0,2000000.0,9600000.0,55726000.0,709663000.0,0.3943998635,617157000.0,0.3429890477,72778000.0,689935000.0,0.3834358982,202151000.0,503219000.0,0.2796672574,0.78,0.77,643500000,645300000,https://www.sec.gov/Archives/edgar/data/38777/000003877712000174/0000038777-12-000174-index.htm,https://www.sec.gov/Archives/edgar/data/38777/000003877712000174/d10q.htm,2.7961911421911423,0.782003108003108,0.4826868686868686,0.4539114219114219,10.224097902097904,14.570705516705516,11.236814296814297,13.50393006993007,3.111835275835276,26602290000.000004,23998165000.000004,13.216060005683412,14.7843970235902,85.64558657347341,91.0750380017255,3.061331018890124,3.061331018890124,13.33713748694667,33.81628322175456,77.26165371898433,82.15961067061065,0.0189163790034617,0.0109799569886652,0.2293344859518291,0.1458606459228586,-3.6695234216804313,6.777650120354185,64.2871875,0.6367757040001312,1.7630061171425464e-05,0.0009319997853817,0.235339003161699,0.0240598127433866,0.1570218215757697,0.059615143154255,0.0102909441136766,0.3322865448803072,0.0136927299817878,15.414363234048745,0.0346520176244467,0.0436918800335039,4.553885780885781,6451925000.0,7230890000.0,3282070000.0,9192081000.0,816007500.0,274079500.0,0.0,42.53388308771672,42.95625228005585,0.0,2.115960111480885,2.095154842960685,0.0,0.0579092978083792,0.0287754467754467,2012-05-02,0.74,bmo,1729197402.0,2025-04-25,2012-03-31,0.0405405405405405,37.98285714285714,2999353.6825396824
2011-12-31,BEN,USD,38777,2012-02-01,2012-02-01 08:41:47,2012,Q1,1701876000.0,630618000.0,1071258000.0,0.6294571402,41434000,397444000.0,630618000.0,397444000.0,41434000.0,438878000.0,1069496000.0,2100000.0,8600000.0,52624000.0,756200000.0,0.4443331947,632380000.0,0.3715781878,62611000.0,694991000.0,0.4083675896,201265000.0,480785000.0,0.2825029556,0.74,0.73,648300000,650100000,https://www.sec.gov/Archives/edgar/data/38777/000003877712000007/0000038777-12-000007-index.htm,https://www.sec.gov/Archives/edgar/data/38777/000003877712000007/d10q.htm,2.625136510874595,0.7416088230757365,0.2587382384698442,0.2174487120160419,9.509856547894492,13.820609285824464,10.516233225358633,12.762059231837112,3.189654480950177,20758566000.000004,18496666000.000004,10.794100273511033,12.197460919596963,123.75441755097174,147.2531140935789,2.5089994818485644,2.5089994818485644,10.868398167669092,24.46001851362074,110.26985811374747,131.20808387481205,0.0231608002209786,0.00679102785809,0.248893141751463,0.153612696054981,-2.9911399100766998,6.805545841963486,73.53255813953488,0.3397430963732921,0.0263457022994748,1.1375126095864057,0.233532877835988,0.0243460745671247,0.1598022511229916,0.1595803028496482,0.0157285254624896,0.5086652477956826,0.0150774792053005,14.59281514500458,0.036168102488484,0.0426861317238526,3.556822073114299,6043132000.0,6817674000.0,2638470000.0,8780027000.0,777060000.0,236292000.0,0.0,41.33559084210601,29.49735021835723,0.0,2.177300436899104,3.0511215188403558,0.0,0.0581104357536335,0.0412895264538022,2012-02-01,0.7,bmo,1631958904.0,2025-04-25,2011-12-31,0.0428571428571429,37.86483870967741,2950797.596774193
2011-09-30,BEN,USD,38777,2011-11-15,2011-11-15 14:11:34,2011,Q4,1837130000.0,669415000.0,1167715000.0,0.6356191451,50028000,524956000.0,0.0,524956000.0,-95683000.0,479301000.0,1148716000.0,2791000.0,0.0,61809000.0,607435000.0,0.3306434493,688414000.0,0.3747225292,-127594000.0,560820000.0,0.3052696325,203926000.0,415976000.0,0.2264270901,0.64,0.64,648429000,650181000,https://www.sec.gov/Archives/edgar/data/38777/000003877711000225/0000038777-11-000225-index.htm,https://www.sec.gov/Archives/edgar/data/38777/000003877711000225/form10k.htm,2.833201476183206,0.6415135658645742,0.9456378416141166,0.8731457106329298,10.335362853913074,14.06857188682184,10.755655592208244,13.146745441675188,3.344139450888224,20671916520.0,18052121520.0,12.423743509240918,11.2522883628268,33.71269485745598,36.51166078212843,2.424934759818228,2.424934759818228,9.826262441961102,29.718606138928443,29.440214880157345,31.88446202839061,0.02012275928057,0.0273885103711709,0.2543701378964333,0.1574086609436533,-4.312881213627795,5.805180235110482,0.0,1.7180983709448745,0.0026678223060084,0.132577360232321,0.2857478784843751,0.0272316058199474,0.1559389868191732,0.0766595072564455,0.0255866487401544,0.7605041337022117,0.0116665668733295,13.7753711320445,0.0349124961267718,0.0357747204680704,4.0524594828423774,6304704000.0,6974279000.0,2963395000.0,9042643000.0,834575000.0,256655000.0,0.0,37.84313031739725,35.74912423533981,0.0,2.378238777953979,2.517544189544941,0.0,0.0487963784429092,0.0724921309811868,2011-10-27,0.67,bmo,1953741269.0,2025-04-25,2011-09-30,-0.0597014925373134,33.116031746031744,4396283.047619048
2011-06-30,BEN,USD,38777,2011-08-02,2011-08-02 08:42:25,2011,Q3,1853033000.0,719311000.0,1133722000.0,0.6118196492,41266000,377647000.0,0.0,377647000.0,32112000.0,451025000.0,1170336000.0,2660000.0,10056000.0,58138000.0,755338000.0,0.4076225302,682697000.0,0.3684213935,4447000.0,687144000.0,0.3708212428,208944000.0,503347000.0,0.2716341263,0.76,0.75,660939000,663852000,https://www.sec.gov/Archives/edgar/data/38777/000003877711000174/0000038777-11-000174-index.htm,https://www.sec.gov/Archives/edgar/data/38777/000003877711000174/d10q.htm,2.8036369468286786,0.7615634725746249,0.7871452584883023,0.757538895420001,10.701818170814551,13.31226784922663,10.144694139701244,13.142663695136768,3.20763640820106,28922690640.0,26312697640.0,14.365184773128677,15.608297661185745,55.59329682559513,57.76601078118665,3.3296142254779517,3.3296142254779517,14.199799809285642,34.83565985029219,50.57653965843673,52.55318720078612,0.0174031872160563,0.0173112179026508,0.2429052256841335,0.1604437807348324,-3.4553974512072743,6.3305261760583456,67.88951869530628,1.087944374738603,0.001919254356067,0.1102817738061416,0.2037993926713663,0.0222694361082614,0.1591949782674304,0.037612324725375,0.0105599846306029,0.3365784856720217,0.0122976762961048,15.006727943071008,0.0397543063605717,0.0455211728299153,5.134139837413135,6826565000.0,6705024000.0,3754818000.0,9484059000.0,878013500.0,256507500.0,0.0,43.55062753874324,30.95587305073883,0.0,2.0665603479521564,2.907364294086739,0.0,0.0579458997232371,0.0296063630683013,2011-08-02,0.72,bmo,1778880000.0,2025-04-25,2011-06-30,0.0416666666666667,39.6471875,4367113.234375
2011-03-31,BEN,USD,38777,2011-05-03,2011-05-03 14:39:04,2011,Q2,1749563000.0,676935000.0,1072628000.0,0.6130833814,41477000,368966000.0,676935000.0,1045901000.0,-676935000.0,1087378000.0,1087378000.0,2702000.0,8364000.0,61149000.0,748082000.0,0.427582202,629482000.0,0.3597938457,49087000.0,678569000.0,0.3878505661,183004000.0,503100000.0,0.2875575215,0.75,0.75,665088000,668088000,https://www.sec.gov/Archives/edgar/data/38777/000003877711000141/0000038777-11-000141-index.htm,https://www.sec.gov/Archives/edgar/data/38777/000003877711000141/d10q.htm,2.630573698518091,0.7564412528868361,0.3647156466512702,0.3479584656466513,9.191607727097768,12.705005954099308,9.576586857678985,12.650217715550424,3.2583252141070056,27727518720.0,25532256720.0,13.778333691115083,15.848253946842728,114.30822993964578,119.8131504647334,3.295595454357445,3.295595454357445,14.593505189581627,34.13029149210915,105.25814089245078,110.32722209979129,0.0181444291889382,0.0083463292311501,0.2565765671108888,0.1682891333555046,-2.9345205472127387,6.066269376030549,75.2608799617408,0.4894776669054513,0.0020167689927358,0.1111508646392367,0.2108903766254773,0.0237070628494086,0.1622056628546651,0.0459458790936974,0.0063701621490623,0.1822597262424569,0.012976954816717,14.673302188190284,0.0391783062308955,0.0468143360738935,3.5789354190723635,5933103000.0,6369273000.0,2726767000.0,8575732000.0,834794000.0,278308500.0,0.0,44.20628465508244,35.31277005916373,0.0,2.035909615617349,2.548653075055063,0.0,0.0597966983569754,0.0167571810046189,2011-04-28,0.67,bmo,1562976000.0,2025-04-25,2011-03-31,0.1194029850746268,41.785555555555554,2455963.523809524
2010-12-31,BEN,USD,38777,2011-02-08,2011-02-08 14:52:24,2011,Q1,1700313000.0,647153000.0,1053160000.0,0.6193918414,40367000,322691000.0,647153000.0,969844000.0,-687520000.0,1010211000.0,1010211000.0,2860000.0,7895000.0,62478000.0,768040000.0,0.4517050684,659234000.0,0.387713321,38433000.0,697667000.0,0.4103168064,207550000.0,501157000.0,0.2947439677,0.75,0.74,669507000,672759000,https://www.sec.gov/Archives/edgar/data/38777/000119312511027097/0001193125-11-027097-index.htm,https://www.sec.gov/Archives/edgar/data/38777/000119312511027097/d10q.htm,2.539649324054864,0.7485463184104124,0.3670999705753636,0.2864391261032372,8.763520022942254,12.178398433474182,9.180071306199936,12.142857356233764,3.3068675906301204,24818624490.0,22849740490.0,12.380663389915735,14.596503402608814,100.98066731495346,129.41667747806,3.0528234757669632,3.0528234757669632,13.43854954352522,29.75071674652362,92.9697793519302,119.14993502735004,0.0201927790237499,0.0077269793931275,0.2713591401827958,0.1780248556422291,-2.5635175251288995,6.143030634405488,83.50018999366688,0.5014639361621817,0.0020050668005412,0.099296228527188,0.1897832928407887,0.0237409229947662,0.1619922764406423,0.219724464553089,0.0317606228970783,0.8643522519927014,0.0128064656330922,14.300823448400116,0.0407436809598287,0.048259848232288,3.340492332417734,5700170000.0,6146122000.0,2570067000.0,8274243000.0,747229500.0,418790500.0,0.0,42.88695081435006,40.47123323232682,0.0,2.0985404252588133,2.223801767624703,0.0,0.0616449898446786,0.0806608444721265,2011-01-27,0.64,bmo,1470529729.0,2025-04-25,2010-12-31,0.1562499999999999,40.43112903225806,3242780.2580645164
2010-09-30,BEN,USD,38777,2010-11-16,2010-11-16 15:18:35,2010,Q4,1528404000.0,529808000.0,998596000.0,0.6533586669,0,356628000.0,47513000.0,404141000.0,85451000.0,489592000.0,1019400000.0,0.0,9992000.0,66641000.0,629004000.0,0.4115430213,509004000.0,0.3330297487,43367000.0,552371000.0,0.3614037911,176517000.0,372906000.0,0.2439839205,0.56,0.55,669507000,672759000,https://www.sec.gov/Archives/edgar/data/38777/000119312510261858/0001193125-10-261858-index.htm,https://www.sec.gov/Archives/edgar/data/38777/000119312510261858/d10k.htm,2.282879790651928,0.556985961311831,0.4646732595775698,0.4580773614017479,8.29447787700502,11.575650441294863,8.578476401292294,11.541319209507892,1.402363231452397,23854534410.0,20798122410.0,15.992324077649595,15.607479704319015,76.67753473137428,77.78162162602793,3.0871687502280967,3.0871687502280967,13.607738798118822,33.06516716904821,66.85306558620645,67.81568904351683,0.0156324996158246,0.0128565074768944,0.120214924458334,0.0867475127212253,-4.859129671671404,6.320810178792461,50.94115292233787,0.8277203382164351,0.0020811976099264,0.1331327465902935,0.2333335950442422,0.0,0.1873937718853263,0.0141947014162557,0.0028892884342098,0.0662655122222055,0.0124325767270957,12.026551352365116,0.0355903500034288,0.0428555716920576,4.64262397555216,5356151000.0,5743350000.0,3404684000.0,7911736000.0,682229500.0,583955000.0,0.0,40.29044022391985,92.8472389997886,0.0,2.233780507232291,0.9693341554314276,0.0,0.0482601643019264,0.0065958981758219,2010-10-28,0.58,bmo,1611767272.0,2025-04-25,2010-09-30,-0.0517241379310343,38.53296875,3174517.5625
2010-06-30,BEN,USD,38777,2010-08-05,2010-08-05 13:57:15,2010,Q3,1534071000.0,519607000.0,1014464000.0,0.6612888191,0,356351000.0,557583000.0,913934000.0,98573000.0,1012507000.0,1012507000.0,2801000.0,9672000.0,69610000.0,574078000.0,0.3742186639,521564000.0,0.3399868715,-26768000.0,494796000.0,0.3225378747,135113000.0,360495000.0,0.234992383,0.53,0.53,676878000,680418000,https://www.sec.gov/Archives/edgar/data/38777/000119312510179009/0001193125-10-179009-index.htm,https://www.sec.gov/Archives/edgar/data/38777/000119312510179009/d10q.htm,2.266392171115031,0.5325848971306498,0.9507474020429088,0.9136284529856192,7.745406114543536,10.976735837181884,8.022113290725951,10.971699479078948,1.3422034694583072,19446704940.0,16486073940.0,13.486112803228892,12.676535140811604,30.218331323616248,31.44604341744621,2.618555134032146,2.618555134032146,10.74661729476667,28.717480795292627,25.61779211859403,26.658593242401945,0.0185375877873529,0.0318005030624998,0.1210308702535864,0.0863450586148801,-5.157192925003223,6.074201720812398,53.92514474772539,1.7891865893022467,0.0025742664453672,0.1388673906711605,0.2322910738811958,0.0,0.1921186103805505,0.0390418621997078,0.0163779903276966,0.3609395201838816,0.0145625593600296,11.466282412547995,0.0402592870049019,0.0428655767997103,4.096704280535045,5035242000.0,5429992000.0,3047661000.0,7573468000.0,653051000.0,527321500.0,0.0,39.90769657988451,107.62112519654278,0.0,2.255204076232366,0.8362670417693344,0.0,0.0485416956731446,0.0371189490572895,2010-07-29,0.49,bmo,1418318867.0,2025-04-25,2010-06-30,0.0816326530612245,33.1240625,3468028.90625
2010-03-31,BEN,USD,38777,2010-05-06,2010-05-06 13:41:34,2010,Q2,1413113000.0,487023000.0,926090000.0,0.6553545258,0,340649000.0,525144000.0,865793000.0,86185000.0,951978000.0,951978000.0,3446000.0,936000.0,65193000.0,574485000.0,0.4065386137,461135000.0,0.3263256371,47221000.0,508356000.0,0.3597419315,149946000.0,356685000.0,0.2524108122,0.52,0.52,681138000,684900000,https://www.sec.gov/Archives/edgar/data/38777/000119312510110503/0001193125-10-110503-index.htm,https://www.sec.gov/Archives/edgar/data/38777/000119312510110503/d10q.htm,2.0746353895979963,0.52366040361865,0.5568944912778321,0.5300687966315196,6.445524989062422,10.84580804477213,7.890898760603578,10.841086534593575,0.4212156714204757,25181671860.0,22606650860.0,17.64979734219269,17.819998726216518,66.38600413369116,69.74566364769423,3.4101747903247386,3.4101747903247386,15.997765826229042,39.351159490674256,59.597520997991154,62.61362930342058,0.0141644685858439,0.0143378089432382,0.03872688398971,0.0300370292488421,-4.482311983776774,5.1766433786899855,492.6655982905983,1.0583465863117658,0.0020198023500096,0.1425964085958198,0.2410628166324986,0.0,0.2114052481245369,0.0481701562261086,0.0129303176745242,0.2802754896998144,0.0146831852795919,11.30192790559755,0.0368742882418117,0.0475080785111005,4.003008935046936,4133365000.0,5374791000.0,2989913000.0,6680851000.0,629191500.0,416994000.0,0.0,39.86088869043028,80.07256330809838,0.0,2.2578523198256497,1.1239805032056165,0.0,0.0483033136897916,0.0268256946463124,2010-04-28,0.52,bmo,1413100000.0,2025-04-25,2010-03-31,0.0,34.79031746031746,5025587.825396826
2009-12-31,BEN,USD,38777,2010-02-08,2010-02-08 13:48:06,2010,Q1,1377411000.0,467027000.0,910384000.0,0.6609385289,0,789949000.0,34848000.0,824797000.0,85637000.0,910434000.0,910434000.0,3581000.0,742000.0,66001000.0,466977000.0,0.3390251711,466977000.0,0.3390251711,47308000.0,514285000.0,0.3733707659,156736000.0,355603000.0,0.2581676783,0.52,0.51,683676000,687753000,https://www.sec.gov/Archives/edgar/data/38777/000119312510024165/0001193125-10-024165-index.htm,https://www.sec.gov/Archives/edgar/data/38777/000119312510024165/d10q.htm,2.0147131097186386,0.520133806071882,0.4637796266067552,0.4497525143489021,6.290228119752632,10.439268015843762,7.503346614478203,10.43630462382766,0.3764926661166985,24010701120.0,21514105120.0,16.880271763736527,17.431762284459758,75.72562049988173,78.08739001902532,3.3651758228497592,3.3651758228497592,15.619234288095564,46.07101660253075,67.85178623354096,69.96798256825537,0.0148101880999966,0.0128061649871555,0.0359712915857223,0.027824524136642,-5.34629328639312,5.180265353796482,629.3490566037735,0.8868015293008791,0.0305268053746862,2.0612030832135835,0.5735027526279375,0.0,0.2176052611579911,0.0302452101237877,0.0069623373125377,0.1453008287753215,0.014243388502052,11.05152405868231,0.0381526079754733,0.0492735810755572,3.9314145150626905,4060321000.0,5129858000.0,2944576000.0,6598466000.0,607163500.0,397283500.0,0.0,41.3286448271431,77.21553571849165,0.0,2.177666371022439,1.1655685499368582,0.0,0.0498388869259659,0.0140271122578531,2010-01-28,0.47,bmo,1269368627.0,2025-04-25,2009-12-31,0.0851063829787234,35.14950819672131,3608338.918032787
2009-09-30,BEN,USD,38777,2009-11-24,2009-11-24 15:26:03,2009,Q4,1238927000.0,418284000.0,820643000.0,0.6623820451,0,318772000.0,37314000.0,356086000.0,79835000.0,435921000.0,854205000.0,0.0,268000.0,51275000.0,555079000.0,0.4480320471,384722000.0,0.3105283846,118814000.0,503536000.0,0.4064291116,136180000.0,367356000.0,0.2965114167,0.54,0.53,683676000,687753000,https://www.sec.gov/Archives/edgar/data/38777/000119312509241304/0001193125-09-241304-index.htm,https://www.sec.gov/Archives/edgar/data/38777/000119312509241304/d10k.htm,1.812155172918166,0.5373246976638056,0.2229009062772424,0.2042444081699518,6.67623991481345,11.262002761542018,8.329912122116324,11.163435603999556,0.0942317706047894,22923656280.0,20005273280.0,15.600436824225005,18.50283049768065,150.42558848233503,164.1660611442526,3.0035556426721457,3.0035556426721457,16.147257489747176,36.04040736543807,131.27508845608693,143.26627813545122,0.0160251922953714,0.0060913930262437,0.0084059939416991,0.0067757565298612,-5.257599368738504,7.228298922182099,1435.5298507462687,0.4148346563007001,0.00211632906232,0.1320626313439824,0.2572968383125075,0.0,0.211713347773551,0.0836986193500971,0.0102951989907395,0.2487567040468064,0.0181810550581269,11.617390729771875,0.0318692425615997,0.0492179451846852,4.7271521890486135,4518880000.0,5694961000.0,3475518000.0,7058939000.0,588623500.0,439581000.0,0.0,42.26471777594645,84.74933298906963,0.0,2.129435726439903,1.0619552605990137,0.0,0.0481325567436692,0.0186564981072905,2009-10-27,0.44,bmo,1028520754.0,2025-04-25,2009-09-30,0.2045454545454546,36.11125,4073719.46875
2009-06-30,BEN,USD,38777,2009-08-07,2009-08-07 11:42:10,2009,Q3,1073558000.0,350675000.0,722883000.0,0.6733525343,0,649821000.0,27888000.0,677709000.0,69663000.0,747372000.0,747372000.0,0.0,211000.0,40854000.0,326186000.0,0.3038364019,326186000.0,0.3038364019,87734000.0,413920000.0,0.3855590476,116204000.0,297716000.0,0.2773171082,0.43,0.43,689412000,692469000,https://www.sec.gov/Archives/edgar/data/38777/000119312509168564/0001193125-09-168564-index.htm,https://www.sec.gov/Archives/edgar/data/38777/000119312509168564/d10q.htm,1.5572081716013066,0.4318404669486461,0.3516054260732334,0.344647322645965,6.279179938846437,10.777656901823583,7.880229819034192,10.651855494247272,0.1246874147824523,16545888000.0,14393171000.0,13.894019804108614,15.412197571067422,68.25833226760616,69.63640342755173,2.2531285758581343,2.2531285758581343,13.406980340139985,44.12565530096325,59.377523195036325,60.576299220551846,0.0179933527895269,0.0143603051102485,0.0116769662274901,0.0092773852725538,-6.599660929653633,6.969466446820995,1545.9052132701422,0.814202125515592,0.0029490710924672,0.1638978086498542,0.6052965931975729,0.0,0.216113958099325,0.0197895223204524,0.0044683193642076,0.1174181230724041,0.0206286013424519,10.173386881288256,0.0275144946756905,0.0410904320474343,4.297661993118774,4282931000.0,5432725000.0,3187744000.0,6815717000.0,586717500.0,460853000.0,0.0,49.917498635378806,124.54634633207384,0.0,1.802974957888072,0.722622563009885,0.0,0.0405413373455797,0.0069581034272684,2009-07-30,0.29,bmo,724055813.0,2025-04-25,2009-06-30,0.4827586206896552,29.51375,4728008.625
2009-03-31,BEN,USD,38777,2009-05-08,2009-05-08 16:26:28,2009,Q2,912272000.0,293534000.0,618738000.0,0.6782385078,0,302130000.0,26700000.0,328830000.0,66586000.0,395416000.0,688950000.0,0.0,2092000.0,42463000.0,265785000.0,0.291344029,223322000.0,0.2447976042,-47091000.0,177965000.0,0.19507888,67159000.0,110806000.0,0.1214615816,0.16,0.16,693534000,695670000,https://www.sec.gov/Archives/edgar/data/38777/000119312509105426/0001193125-09-105426-index.htm,https://www.sec.gov/Archives/edgar/data/38777/000119312509105426/d10q.htm,1.3153962170564095,0.1597701049984571,0.2951030519051698,0.2866723188769404,5.742922481089607,10.221193193123913,7.358696185046443,10.16363292931565,0.1756337829147525,12455870640.0,10293565640.0,28.10287944696136,13.653680744339407,60.860095766720086,62.64992752128842,1.7670846758147636,1.7670846758147636,11.283439193573846,38.72891863724439,50.29494996677481,51.77407183490345,0.0088958855789786,0.0159617104051748,0.0169838235450589,0.0135572014790662,-8.135541885358466,7.395120664433769,106.75047801147228,1.84704799379095,0.0039286695739158,0.4416277096908109,0.3311841205254573,0.0,0.2248177779670222,0.0285687761404057,0.0064092726730624,0.1376963474083319,0.0230775470473718,6.044543469639135,0.0168952131990585,0.0161874084851027,3.856652305438522,4000116000.0,5103506000.0,2883920000.0,6523847000.0,566940000.0,414432500.0,0.0,57.022269673956885,133.81158571068428,0.0,1.5783307208675463,0.6725875007160451,0.0,0.0157197830844147,0.0084307330282293,2009-04-28,0.21,bmo,1197393750.0,2025-04-25,2009-03-31,-0.238095238095238,21.74063492063492,6591893.492063492
2008-12-31,BEN,USD,38777,2009-02-09,2009-02-09 16:59:29,2009,Q1,969360200.0,289529000.0,679831200.0,0.7013194889,0,312661000.0,24227000.0,24227000.0,74549000.0,700966000.0,700966000.0,0.0,1200000.0,46680000.0,222580000.0,0.229615369,268364000.0,0.2768465221,-93664000.0,185671000.0,0.1915397393,64771000.0,120900000.0,0.12472144,0.17,0.17,694878000,698064000,https://www.sec.gov/Archives/edgar/data/38777/000119312509022628/0001193125-09-022628-index.htm,https://www.sec.gov/Archives/edgar/data/38777/000119312509022628/d10q.htm,1.3950077567573014,0.17398737620129,0.0603631141006047,0.0290137261504897,5.665699590431702,10.207945855243654,7.335699216265302,10.128750658388954,0.2050403092341389,14773106280.000002,12461257280.000002,30.54819330024814,15.240058628361265,352.20184241268333,732.7566231833739,2.098975551579186,2.098975551579186,12.855136078415436,55.98552107107557,297.08564262725,618.0872615445663,0.00818379003769,0.001364709602563,0.0200728988443995,0.0157196468993314,-10.386598077095876,7.031021167512141,223.63666666666663,0.3469396195202647,0.0031503191757989,0.3849462365591398,0.3225436736519613,0.0,0.2220744219209395,0.5193467636190249,0.0224725545777513,0.4666666666666667,0.0193106752268145,6.296918445011744,0.0208617771650001,0.0172924487780932,3.5399113225630976,3903102000.0,5097416000.0,2656198000.0,6452440000.0,623116500.0,456226500.0,0.0,51.610722206255225,121.9898524845525,0.0,1.743823689200226,0.7377662827438589,0.0,0.0171775752083686,0.0313493879501149,2009-01-28,0.28,bmo,1596494117.0,2025-04-25,2008-12-31,-0.3928571428571428,17.31262295081967,8785437.49180328
2008-09-30,BEN,USD,38777,2008-11-25,2008-11-25 16:23:24,2008,Q4,1321454000.0,406526000.0,914928000.0,0.6923646226,0,357129000.0,45489000.0,402618000.0,100339000.0,502957000.0,909483000.0,0.0,478000.0,58405000.0,452022000.0,0.3420641203,411971000.0,0.3117558386,41778000.0,453749000.0,0.343371014,153260000.0,300489000.0,0.2273927053,0.43,0.43,694878000,698064000,https://www.sec.gov/Archives/edgar/data/38777/000119312508243375/0001193125-08-243375-index.htm,https://www.sec.gov/Archives/edgar/data/38777/000119312508243375/d10k.htm,1.901706486606282,0.4324341826910623,-0.0032192701452629,-0.0213605841600971,5.911870860784195,10.29177208085448,7.38814727189521,10.180728127815245,0.1902463454016388,20415515640.0,18232417640.0,16.985243752683125,15.449282108949689,-9126.292194903888,-1375.4305490803745,2.885844669570296,2.885844669570296,13.797239737440728,40.3352439483034,-8150.387858739383,-1228.3512524422288,0.0147186583625276,-0.000727045070119,0.0186193416114862,0.0143540252731972,-4.829627761480636,5.181839746124011,861.8640167364017,-0.0074445320793772,0.0023027583936155,0.1564516504763901,0.2702545832091015,0.0,0.219872566070798,-5.635225748770675,0.0095394921049086,0.2158376851296978,0.0175700402738195,9.9526948140146,0.0330536516517739,0.0419744498247275,3.742812767133224,3913742000.0,5133861000.0,2824638000.0,6486113000.0,718516000.0,521299000.0,0.0,47.01759576950844,115.12466607301867,0.0,1.9141769911248043,0.7817612252001392,0.0,0.0424757617787266,0.0181413140148342,2008-10-23,0.49,bmo,1505895348.0,2025-04-25,2008-09-30,-0.1224489795918367,20.8928125,5766190.125
2008-06-30,BEN,USD,38777,2008-08-05,2008-08-05 13:45:56,2008,Q3,1521649000.0,492385000.0,1029264000.0,0.6764135487,0,364128000.0,44804000.0,408932000.0,88117000.0,497049000.0,989434000.0,0.0,3287000.0,51709000.0,608888000.0,0.4001501003,532215000.0,0.3497620016,21677000.0,553892000.0,0.3640077311,150580000.0,403312000.0,0.2650492985,0.57,0.57,703893000,709455000,https://www.sec.gov/Archives/edgar/data/38777/000119312508166221/0001193125-08-166221-index.htm,https://www.sec.gov/Archives/edgar/data/38777/000119312508166221/d10q.htm,2.161761801864772,0.5729734490895634,1.3274347095368189,1.2944225897970287,5.881315768163627,10.233892083029666,7.340479305803581,10.16593289036828,0.4149579552574042,21503931150.0,18911933150.0,13.329587980273336,14.131991773398465,23.0143145877659,23.60125683899751,3.005134927552455,3.005134927552455,12.428577911200284,31.059789567211048,20.2402609988313,20.75645557464042,0.018755268382637,0.0423706248706065,0.0403591304254255,0.0309055617790193,-4.256937236404725,4.888454995322392,161.9151201703681,2.3167473320902925,0.0021983887350755,0.1172144642361248,0.239298287581433,0.0,0.2179505646277343,0.0248691099476439,0.0152709330469773,0.4493801852675549,0.0137061832262236,11.44806606840934,0.0456760917990878,0.0551884115720621,3.635252446039384,3961103000.0,5166912000.0,2838787000.0,6565812000.0,882280000.0,367126000.0,45098500.0,44.16346345313538,95.5200706764016,0.0,2.0378836477692617,0.9422103581235588,0.0,0.0563621120922829,0.03301211973979,2008-07-24,0.55,bmo,1468210526.0,2025-04-25,2008-06-30,0.0363636363636361,32.39609375,6314405.40625
2008-03-31,BEN,USD,38777,2008-05-08,2008-05-08 16:43:27,2008,Q2,1503692000.0,0.0,1503692000.0,1.0,0,0.0,47372000.0,47372000.0,451621000.0,498993000.0,498993000.0,0.0,5948000.0,52824000.0,578240000.0,0.3845468354,519087000.0,0.3452083272,381000.0,519468000.0,0.3454617036,153372000.0,366096000.0,0.2434647521,0.52,0.51,709560000,715080000,https://www.sec.gov/Archives/edgar/data/38777/000119312508107912/0001193125-08-107912-index.htm,https://www.sec.gov/Archives/edgar/data/38777/000119312508107912/d10q.htm,2.119189356784486,0.5159479113817014,0.3848835898303174,0.3569437397824003,7.2581628051186655,9.90790489881053,7.022030554146231,9.84287304808614,1.2204958002142172,22940074800.0,20136434800.0,15.665341058083124,15.25583350845785,83.99942438245611,90.57449787383574,3.2846100769618567,3.2846100769618567,13.39132934138108,34.8236628389596,73.73336604442362,79.50486155255396,0.0159587971352212,0.0110406353164986,0.1231462739198371,0.0864847705144497,-4.848574986164914,2.6190516027104844,87.27084734364492,0.7459737336654867,0.002090490132142,0.1309929635942485,0.0,0.0,0.2059083200113587,0.0725929885974998,0.0131842159165573,0.3753028926245645,0.0,10.689444340142002,0.0448020748941938,0.046358747178208,4.290180886746716,4044875000.0,4982552000.0,3628705000.0,6660117000.0,899752500.0,209036500.0,88545500.0,60.92278870938996,0.0,0.0,1.47727971595838,0.0,0.0,0.0524184258865375,0.027939850047917,2008-04-24,0.59,bmo,1739574509.0,2025-04-25,2008-03-31,-0.135593220338983,33.36890625,5691618.234375
2007-12-31,BEN,USD,38777,2008-02-08,2008-02-08 14:15:59,2008,Q1,1685591000.0,0.0,1685591000.0,1.0,79617000,0.0,46644000.0,46644000.0,371011000.0,497272000.0,497272000.0,0.0,6045000.0,52284000.0,767809000.0,0.4555132295,635729000.0,0.3771549563,73751000.0,709480000.0,0.4209087495,191164000.0,518316000.0,0.3074980823,0.72,0.71,724755000,732441000,https://www.sec.gov/Archives/edgar/data/38777/000119312508024061/0001193125-08-024061-index.htm,https://www.sec.gov/Archives/edgar/data/38777/000119312508024061/d10q.htm,2.3257390428489626,0.7151602955481507,0.2814854675028113,0.2614138570965361,5.466657008230367,9.728657270387924,6.891148043131817,9.676222999496382,0.7970541769287552,27642155700.0,25331506700.0,13.332675288819948,16.399088331629677,135.49544968824753,145.89892220562544,3.9416206098169786,3.9416206098169786,15.028264092534902,32.99193770846656,124.1691830712521,133.70301381286913,0.0187509254207695,0.0068540602280161,0.0815104640867796,0.0590963212016932,-3.0094059850822275,4.962425700084548,105.1660876757651,0.3935977280269179,0.0013309743422073,0.070981794889604,0.0,0.0472338782065162,0.2126074577956157,0.071306027214619,0.0086302074465276,0.2782304337847142,0.0,12.478026136070843,0.0525157511722214,0.0680539456940237,2.717877765589751,4949038000.0,4994394000.0,3576172000.0,7566543000.0,823377000.0,376675500.0,84489000.0,41.73393189688365,0.0,0.0,2.1565185907326523,0.0,0.0,0.0739090340916463,0.0200716104062752,2008-01-24,0.63,bmo,1495673239.0,2025-04-25,2007-12-31,0.1269841269841269,32.72163934426229,6430467.016393443
2007-09-30,BEN,USD,38777,2007-11-29,2007-11-28 18:58:42,2007,Q4,1629137000.0,0.0,1629137000.0,1.0,89187000,0.0,56128000.0,56128000.0,389705000.0,535020000.0,535020000.0,0.0,0.0,31261000.0,1131033000.0,0.6942528468,541388000.0,0.3323158212,78344000.0,619732000.0,0.3804050856,182824000.0,436908000.0,0.2681837071,0.6,0.6,723231628,733466038,https://www.sec.gov/Archives/edgar/data/38777/000119312507255169/0001193125-07-255169-index.htm,https://www.sec.gov/Archives/edgar/data/38777/000119312507255169/d10k.htm,2.252579860901769,0.6041052175887418,0.1932727975220685,0.1590901110314827,6.428680411637086,10.195459814708212,7.349561045469101,10.138211212189962,1.1378069876114434,31446111185.44,28684826185.44,17.993554241075923,19.30231231961461,224.9669925486296,273.3042281389548,4.288725011737831,4.288725011737831,17.60737506142209,25.361617375832537,205.2126267907655,249.3053666852658,0.013893864249971,0.0036589261966762,0.1122295604024671,0.0827594599351318,-2.4413832310816748,2.97346922356796,0.0,0.3199323427357705,0.001172927227233,0.0844205187362099,0.0,0.0547449355088,0.2069991200060342,0.1768623775763515,0.0151749054867699,0.7908256293784588,0.0,11.738922077080346,0.0466847416046867,0.0554099768598781,3.829674882526017,4317256000.0,5315435000.0,3935333000.0,6934983000.0,847611000.0,382585500.0,41042000.0,47.79310763919793,0.0,0.0,1.883116717988552,0.0,0.0,0.0595869631185409,0.0341826864905858,2007-10-25,0.62,bmo,1711935593.0,2025-04-25,2007-09-30,-0.0483870967741935,41.20953125,4624071.0
2007-06-30,BEN,USD,38777,2007-08-08,2007-08-08 15:32:26,2007,Q3,1639811000.0,0.0,1639811000.0,1.0,79735000,0.0,52358000.0,52358000.0,392807000.0,524900000.0,524900000.0,0.0,6137000.0,58559000.0,699217000.0,0.4264009694,519006000.0,0.3165035483,115515000.0,634521000.0,0.3869476421,166157000.0,468364000.0,0.2856207209,0.63,0.62,743574000,753915000,https://www.sec.gov/Archives/edgar/data/38777/000119312507175458/0001193125-07-175458-index.htm,https://www.sec.gov/Archives/edgar/data/38777/000119312507175458/d10q.htm,2.205309760696313,0.6298821637120179,0.9020151323203878,0.8674146756072697,5.708879008679701,9.522714618854344,6.759910916734582,9.43022752274824,0.8047497626329054,32836227840.0,30106912840.0,17.52708782058399,20.024397836092085,48.957050073429095,50.90990646323104,4.682813844467085,4.682813844467085,18.359989559772437,43.05803897788526,44.887788166359776,46.67832505151266,0.0142636359536235,0.0196425424729907,0.0844620534415505,0.0626409544164139,-3.9033876464674058,3.7747440223079343,84.56998533485417,1.432037902144486,0.0011401735967489,0.0799356910437181,0.0,0.0486245061168634,0.2172824194761125,0.0383590645803359,0.0156896130102798,0.4393517648866955,0.0,11.560643261398514,0.0450257986125229,0.0632890798217175,3.3535956071621653,3791216000.0,5026494000.0,2783648000.0,6382956000.0,769296000.0,200588000.0,54887500.0,45.55918944317363,0.0,0.0,1.9754521777051752,0.0,0.0,0.066793951916067,0.034600456713118,2007-07-26,0.6,bmo,1537312500.0,2025-04-25,2007-06-30,0.0666666666666667,43.42619047619048,4421645.444444444
2007-03-31,BEN,USD,38777,2007-05-09,2007-05-09 16:13:12,2007,Q2,1509006000.0,0.0,1509006000.0,1.0,73953000,0.0,46035000.0,46035000.0,355989000.0,475977000.0,475977000.0,0.0,5990000.0,56260000.0,669955000.0,0.4439710644,499083000.0,0.3307362595,108622000.0,607705000.0,0.4027187433,166839000.0,440866000.0,0.2921565587,0.58,0.58,755770286,764507514,https://www.sec.gov/Archives/edgar/data/38777/000119312507108203/0001193125-07-108203-index.htm,https://www.sec.gov/Archives/edgar/data/38777/000119312507108203/d10q.htm,1.996646372519599,0.5833333331128078,0.4126465485307529,0.3781056298368417,6.512403426244254,9.45182436029246,6.837506178431577,9.30306619649241,1.124956902579258,30442427120.08,27307478120.08,17.262857149383258,20.173827751566265,97.6138056732058,106.53107708917592,4.32975528167122,4.32975528167122,18.09633501793896,40.76016765317074,87.5615749074282,95.56054927047428,0.0144819596105463,0.0093869322203783,0.1200712958831776,0.0877848498114259,-4.679342642416282,3.768689788283796,83.31936560934892,0.7073940834630024,0.0012495061530396,0.0862801849087931,0.0,0.0490077574244237,0.2054531029197528,0.0837058223724291,0.0172994673314751,0.4640063988624244,0.0,11.050011030890545,0.0442519493968689,0.05769677242214,4.015294139256488,4641941000.0,5167584000.0,3845023000.0,7142868000.0,698842500.0,185945500.0,100480500.0,42.25617393171399,0.0,0.0,2.129866280497616,0.0,0.0,0.0627033411127124,0.0345409186939111,2007-04-26,0.54,bmo,1404931034.0,2025-04-25,2007-03-31,0.0740740740740739,43.969206349206345,3477081.523809524
2006-12-31,BEN,USD,38777,2007-02-09,2007-02-09 16:22:14,2007,Q1,1427815000.0,0.0,1427815000.0,1.0,75063000,0.0,34861000.0,34861000.0,331770000.0,441694000.0,441694000.0,0.0,0.0,52539000.0,1038660000.0,0.7274471833,508070000.0,0.3558374159,95273000.0,603343000.0,0.4225638476,176543000.0,426800000.0,0.2989182772,0.56,0.56,757633136,766706587,https://www.sec.gov/Archives/edgar/data/38777/000119312507025695/0001193125-07-025695-index.htm,https://www.sec.gov/Archives/edgar/data/38777/000119312507025695/d10q.htm,1.8845730633407776,0.563333333403728,0.7276226102127613,0.7044068885603757,6.79294602552864,9.534538098660986,6.926147696897988,9.394173329821202,1.1874968995548263,27820288753.92,24713926753.92,16.295857986129334,19.484519180650157,50.46572149436484,52.1289621046241,3.908805885392247,3.908805885392247,17.30891379759983,23.794048826295416,44.8308123480466,46.308338587248585,0.0153413217157878,0.0191831941329078,0.1264078123601566,0.0931017989799943,-2.9907399919126565,3.9054788768259656,0.0,1.2916377694470478,0.0010922244649857,0.071194939081537,0.0,0.052571936840557,0.2045022929637327,0.0319062675163395,0.0123188228166814,0.3347798778050591,0.0,10.911972643402429,0.0432157285655641,0.0555203386168281,4.315083507646371,4746553000.0,5247479000.0,3940415000.0,7234415000.0,658999500.0,225980000.0,45593000.0,43.44178342432318,0.0,0.0,2.071738149442749,0.0,0.0,0.0599662486123672,0.0232157216523855,2007-01-25,0.5,bmo,1274821428.0,2025-04-25,2006-12-31,0.1200000000000001,39.826229508196725,3293866.37704918
2006-09-30,BEN,USD,38777,2006-12-20,2006-12-20 17:04:12,2006,Q4,1297229000.0,0.0,1297229000.0,1.0,80464000,0.0,48684000.0,48684000.0,323668000.0,452816000.0,452816000.0,0.0,0.0,54427000.0,898840000.0,0.6928923112,427052000.0,0.3292032478,65701000.0,492753000.0,0.379850435,111084000.0,381669000.0,0.2942186769,0.5,0.5,757633136,766706587,https://www.sec.gov/Archives/edgar/data/38777/000119312506257302/0001193125-06-257302-index.htm,https://www.sec.gov/Archives/edgar/data/38777/000119312506257302/d10k.htm,1.7122125978397016,0.5037649250863812,0.3171099422451871,0.2742118713244876,5.602723532408962,8.949613840543531,6.3342873641155,8.823172697135043,1.135442682116269,26706568044.0,24256272044.0,17.49327823585358,20.587396707905853,111.16018548779827,128.55023318187068,3.995161515023498,3.995161515023498,18.69852743347551,26.98619558987139,100.96137007238202,116.75590147868613,0.0142912035485498,0.007779060179418,0.1286887065561979,0.0905538703258648,-2.7260647056205776,5.16485310685141,0.0,0.6294799944454488,0.0011368364497444,0.0795479852961597,0.0,0.0620275988279633,0.2085776220468114,0.13527822753514,0.0250541731644913,0.5971484741029268,0.0,10.00040554117281,0.03771717209595,0.0507646506218543,2.6359499144187377,4007405000.0,4799066000.0,2250266000.0,6495154000.0,619608000.0,266784500.0,53320000.0,43.62612923392863,0.0,0.0,2.062983848908736,0.0,0.0,0.0570956664205334,0.0428980709206995,2006-10-26,0.45,bmo,1153092444.0,2025-04-25,2006-09-30,0.111111111111111,36.347142857142856,3065116.634920635
2006-06-30,BEN,USD,38777,2006-08-09,2006-08-09 16:34:46,2006,Q3,1317275000.0,0.0,1317275000.0,1.0,74082000,0.0,41309000.0,41309000.0,319171000.0,434562000.0,434562000.0,0.0,0.0,52903000.0,935616000.0,0.7102662694,451986000.0,0.3431219753,37237000.0,489223000.0,0.3713901805,117809000.0,371414000.0,0.2819563113,0.48,0.47,773779167,790242553,https://www.sec.gov/Archives/edgar/data/38777/000119312506167819/0001193125-06-167819-index.htm,https://www.sec.gov/Archives/edgar/data/38777/000119312506167819/d10q.htm,1.702391400775462,0.4799999997932226,0.5529536310196369,0.5389664361434017,5.77990231675493,8.293632438930732,5.729553326162373,8.150038497999521,1.04336616237692,22393169092.98,19787308092.98,15.07291667315987,16.999615944263727,52.337119021418026,53.69536590642167,3.5509034720637835,3.5509034720637835,15.02139499571464,21.14896292173285,46.24672347516968,47.44691311640822,0.0165860400757851,0.018623581069226,0.1280197832970999,0.089956336354144,-2.7851821687529927,3.309818357301641,0.0,1.15198673178717,0.0013897988208268,0.0837932872751161,0.0,0.0562388263650338,0.2210682801724796,0.0252954209748892,0.0082162039057903,0.2045819707767045,0.0,9.3819196191652,0.0463059362365635,0.0531296382972149,3.1355044222843493,4001430000.0,4433409000.0,3176484000.0,6472796000.0,589038000.0,215419500.0,105320000.0,41.70454916399385,0.0,0.0,2.158037955190333,0.0,0.0,0.0588954272928946,0.0139871948762352,2006-07-27,0.42,bmo,1177161702.0,2025-04-25,2006-06-30,0.119047619047619,31.491746031746032,3090864.8253968256
2006-03-31,BEN,USD,38777,2006-05-10,2006-05-10 06:05:46,2006,Q2,1254770000.0,0.0,1254770000.0,1.0,73900000,0.0,36130000.0,36130000.0,381747000.0,491777000.0,491777000.0,0.0,0.0,54174000.0,817167000.0,0.651248436,349757000.0,0.2787419208,65255000.0,415012000.0,0.3307474677,218496000.0,196516000.0,0.1566151566,0.25,0.25,775721053,796686486,https://www.sec.gov/Archives/edgar/data/38777/000119312506106160/0001193125-06-106160-index.htm,https://www.sec.gov/Archives/edgar/data/38777/000119312506106160/d10q.htm,1.6175531077148682,0.2533333332130151,0.3795204459920723,0.36058322630055,6.1965393119219625,8.554373990929959,5.997822260987417,8.434754960814503,1.3333568761604824,24365398274.73,21649274274.73,30.996710541037373,19.41821869723535,82.7623395042493,87.1088772549265,3.723878185664198,3.723878185664198,17.253579759422045,26.493084369204823,73.53643750630091,77.39844652617693,0.0080653719583895,0.0114798862241499,0.1580789106921165,0.1128551447191101,-3.3238297679666458,4.124600991643618,0.0,1.4981070243644283,0.0012714341727846,0.1576411081031569,0.0,0.0588952557042326,0.2163861908414013,0.0498977588467469,0.0117073248483785,0.271163288662458,0.0,6.933837556058582,0.0209590475298557,0.0273630947159412,3.552033284830804,4472432000.0,4652637000.0,3374640000.0,6944867000.0,552968000.0,168708500.0,100163500.0,40.71700789786176,0.0,0.0,2.210378528446004,0.0,0.0,0.0300344626951145,0.0189372196915222,2006-04-27,0.4,bmo,1140727272.0,2025-04-25,2006-03-31,0.0999999999999999,30.05349206349206,4363850.095238095
2005-12-31,BEN,USD,38777,2006-02-09,2006-02-09 16:17:08,2006,Q1,1181452000.0,0.0,1181452000.0,1.0,73895000,0.0,30337000.0,30337000.0,292557000.0,396789000.0,396789000.0,0.0,0.0,53767000.0,838430000.0,0.7096606549,404586000.0,0.3424481062,33992000.0,438578000.0,0.3712194825,120609000.0,317969000.0,0.2691340825,0.42,0.4,757069048,788352893,https://www.sec.gov/Archives/edgar/data/38777/000119312506025241/0001193125-06-025241-index.htm,https://www.sec.gov/Archives/edgar/data/38777/000119312506025241/d10q.htm,1.5605604312065338,0.4199999997886586,0.4165683445032348,0.4019910743993327,6.056451537825913,8.414412155441864,5.717363576591497,8.312470330975676,1.4188507677571836,23726543964.32,21174358964.32,18.654761914148864,20.082528925694824,75.23375314889446,77.96192999267255,3.7702390206692575,3.7702390206692575,17.92231843893785,25.25477256815715,67.14110988112414,69.57582586399856,0.0134014039498614,0.0128267732737502,0.1706894233919805,0.1208039833438036,-3.044004866238088,4.063012238140645,0.0,0.9918293921734508,0.0010649675754715,0.0794668662668373,0.0,0.0625459180736923,0.229632473689881,0.0349937058258368,0.009341048133991,0.2052560120520021,0.0,8.863004264254466,0.0381256360126233,0.0464190083057249,3.3226539991897805,4188755000.0,4328439000.0,3034748000.0,6718098000.0,543733500.0,191490500.0,48163500.0,41.00357864729164,0.0,0.0,2.1949303687409896,0.0,0.0,0.0505264961035188,0.014577270103902,2006-01-26,0.37,bmo,1092887500.0,2025-04-25,2005-12-31,0.0810810810810811,32.78064516129032,2833046.241935484
2005-09-30,BEN,USD,38777,2005-12-14,2005-12-14 16:43:02,2005,Q4,1163161000.0,0.0,1163161000.0,1.0,77000000,0.0,43237000.0,43237000.0,286710000.0,406947000.0,406947000.0,0.0,0.0,65449000.0,821663000.0,0.7064052182,368532000.0,0.3168366202,-312327000.0,419429000.0,0.3605941052,84934000.0,334495000.0,0.2875741191,0.44,0.42,757069048,788352893,https://www.sec.gov/Archives/edgar/data/38777/000119312505242624/0001193125-05-242624-index.htm,https://www.sec.gov/Archives/edgar/data/38777/000119312505242624/d10k.htm,1.5364001514429897,0.4418289202070245,0.3164414139408854,0.2842144987546763,5.216821385623469,7.608937408308892,4.9045024490289295,7.50840892916811,1.8198855225157744,21190362653.52,19491823653.52,15.837578030702998,18.21791020634289,88.45239202865156,98.48195684119534,3.727820402970664,3.727820402970664,16.757631706633905,23.722406453156587,81.36238418119281,90.58801716559,0.0157852418794935,0.0101541442927715,0.2423796492284828,0.1549123351248554,-2.0671966487477227,5.42388105604316,0.0,0.7162080150674898,0.0011934670686628,0.0756065113080913,0.0,0.0661989182924805,0.2302069715661034,0.1018416483002738,0.0209756001103888,0.3727788048709682,0.0,8.639573179102099,0.035792181265839,0.0488564712714542,1.6219924103937216,3768691000.0,3713047000.0,1487152000.0,6305501000.0,522794500.0,225942500.0,65761000.0,42.494779312580114,0.0,0.0,2.117907221919764,0.0,0.0,0.058844546744203,0.032226915186209,2005-10-27,0.34,bmo,855265441.0,2025-04-25,2005-09-30,0.264705882352941,30.336666666666662,3035079.111111111
2005-06-30,BEN,USD,38777,2005-08-08,2005-08-08 17:15:43,2005,Q3,1109734000.0,0.0,1109734000.0,1.0,73253000,0.0,36845000.0,36845000.0,293500000.0,403598000.0,403598000.0,0.0,0.0,48342000.0,754478000.0,0.6798728344,346479000.0,0.3122180631,17234000.0,363713000.0,0.3277479108,101840000.0,261873000.0,0.2359781713,0.35,0.33,755402885,785619000,https://www.sec.gov/Archives/edgar/data/38777/000003877705000437/0000038777-05-000437-index.htm,https://www.sec.gov/Archives/edgar/data/38777/000003877705000437/form10q_3q05.txt,1.4690624328235125,0.3466666664901604,0.5751116505201063,0.5564686187291964,5.372899787111615,7.137544887719088,4.428125794091983,7.018159587780764,1.833336921926105,19383638029.1,17816100029.1,18.504807701729465,17.466922730221835,44.61742337647689,46.11221394406672,3.65622919784787,3.65622919784787,16.054387834472042,23.61380985144696,41.009251035468566,42.383159185979565,0.0135100025911987,0.0216862283214807,0.2612275909368187,0.1623846830937404,-2.0776457365224696,5.854009692237075,0.0,1.658975915806517,0.0271920059180176,2.012731362148828,0.0,0.0660095121894075,0.2399821634664597,0.0324163695415487,0.0126904285171041,0.2913201770716975,0.0,7.398759676920052,0.0319363988771723,0.0404009034443817,1.8002492802234928,4303997000.0,3345019000.0,2053845000.0,6837705000.0,490441500.0,219245500.0,136251500.0,40.25716072500257,0.0,0.0,2.23562711277111,0.0,0.0,0.0493956659369413,0.0186430317909098,2005-07-28,0.32,bmo,1075054812.0,2025-04-25,2005-06-30,0.03125,27.18859375,2971803.171875
2005-03-31,BEN,USD,38777,2005-05-10,2005-05-10 11:38:00,2005,Q2,1051181000.0,0.0,1051181000.0,1.0,69808000,0.0,31108000.0,31108000.0,329608000.0,430524000.0,430524000.0,0.0,0.0,49678000.0,670335000.0,0.6376970284,273281000.0,0.2599752088,28783000.0,302064000.0,0.287356792,80790000.0,221274000.0,0.21050038,0.29,0.28,754343182,780967059,https://www.sec.gov/Archives/edgar/data/38777/000003877705000343/0000038777-05-000343-index.htm,https://www.sec.gov/Archives/edgar/data/38777/000003877705000343/form10q_2q05.txt,1.3935050055241305,0.2933333332626316,0.2323995287333292,0.1807055505407882,5.612875016347665,6.82838411337295,4.109424031355532,6.709528396055683,1.8459926903667567,17259372004.16,15454791004.16,19.50000000470005,16.419029647758094,98.45114628547309,126.6148158234664,3.410075738475214,3.410075738475214,14.702311974969106,23.055324582723564,88.1574306177093,113.37640304121366,0.0128205128174227,0.0078979698662931,0.2751300212771969,0.160068877877982,-2.6920584483877463,2.58091005991463,0.0,0.7922711208727641,0.0014536450106036,0.1133843108544157,0.0,0.0664091150810374,0.2357652289712401,0.2224358133353108,0.0370963706535791,0.784955110914288,0.0,6.654538857298384,0.0293753871298149,0.0332821633270792,1.483923069380907,3248122000.0,3099916000.0,1754202000.0,5789928000.0,458746000.0,197265000.0,142443500.0,41.48165729783929,0.0,0.0,2.16963366130234,0.0,0.0,0.0437189197135037,0.051693978192541,2005-04-28,0.3,bmo,1121259733.0,2025-04-25,2005-03-31,-0.0666666666666665,23.3921875,2960089.28125
2004-12-31,BEN,USD,38777,2005-02-09,2005-02-08 21:42:39,2005,Q1,986022000.0,0.0,986022000.0,1.0,66805000,0.0,26108000.0,26108000.0,281603000.0,374516000.0,374516000.0,0.0,0.0,48704000.0,660210000.0,0.6695692388,300084000.0,0.3043380371,35565000.0,335649000.0,0.340407212,95660000.0,239989000.0,0.2433911211,0.32,0.31,749965625,782572826,https://www.sec.gov/Archives/edgar/data/38777/000003877705000060/0000038777-05-000060-index.htm,https://www.sec.gov/Archives/edgar/data/38777/000003877705000060/form10q_1q05.txt,1.3147562596619011,0.32,0.3198693273441699,0.3134757009696278,5.461462317022863,7.242867964781719,4.498808862072845,7.119435640800203,1.8477833567371835,17414201812.5,15694765812.5,18.140625,17.661068224136987,72.59214315043081,74.07272693920781,3.261494473934192,3.261494473934192,15.917257234118509,23.772384260311117,65.42457121150856,66.75896575228843,0.0137812230835486,0.0135002455197944,0.2595407065902626,0.1639727055696389,-2.6043773950712654,3.321489080339373,0.0,0.999591647950531,0.0012173971697504,0.0883373821300143,0.0,0.067752037986982,0.2435084143785628,0.0199882446611169,0.0048629746597946,0.0984518725361366,0.0,7.159604501211046,0.0302464414632985,0.0375375901451801,1.9644397034864096,3546121000.0,3373952000.0,2054295000.0,6067965000.0,419621000.0,244822000.0,138846500.0,39.521988353201046,0.0,0.0,2.277213362740909,0.0,0.0,0.0449473829310483,0.0063936263745421,2005-01-27,0.28,bmo,880376785.0,2025-04-25,2004-12-31,0.107142857142857,23.08327868852459,3358426.393442623
2004-09-30,BEN,USD,38777,2004-12-14,2004-12-14 15:17:58,2004,Q4,894645000.0,0.0,894645000.0,1.0,68015000,0.0,27711000.0,27711000.0,280216000.0,375942000.0,375942000.0,0.0,0.0,45982000.0,564685000.0,0.6311833185,241769000.0,0.2702401511,19990000.0,261759000.0,0.2925842094,74078000.0,187681000.0,0.2097826512,0.25,0.24,749965625,782572826,https://www.sec.gov/Archives/edgar/data/38777/000003877704000612/0000038777-04-000612-index.htm,https://www.sec.gov/Archives/edgar/data/38777/000003877704000612/form10k_2004.txt,1.1929146752559492,0.2502528032534824,0.6296435253282442,0.6109786698557017,5.164306030693074,6.910814078978619,4.173012596410669,6.809357428882157,1.8219621732662747,13941860968.75,12391081968.75,18.571220540105287,15.5836795251189,29.52464251944576,30.426594113981924,2.730066705141631,2.730066705141631,13.850278008316147,21.94335243321498,26.24056188600012,27.042187735289048,0.0134616892551631,0.0328659854683002,0.2675674162055806,0.1660654571175606,-2.746272700709245,5.287131357105247,0.0,2.516029859175942,0.0015176596616066,0.1127391691220741,0.0,0.0760245684042273,0.2495409956205142,0.0296435279991359,0.0156464295893902,0.3044234700534992,0.0,6.192040670165646,0.0231841275672253,0.0303942847129935,1.5992316314497748,3948941000.0,3129616000.0,1824794000.0,6472776000.0,405361000.0,323112000.0,112763000.0,40.86786378954781,0.0,0.0,2.2022193394658918,0.0,0.0,0.0367513096304836,0.0186648554725424,2004-10-28,0.26,bmo,894645000.0,2025-04-25,2004-09-30,0.0,21.0428125,2892589.703125
2004-06-30,BEN,USD,38777,2004-08-13,2004-08-13 16:07:43,2004,Q3,862753000.0,0.0,862753000.0,1.0,67464000,0.0,31139000.0,31139000.0,275234000.0,373837000.0,373837000.0,0.0,0.0,45324000.0,538560000.0,0.6242342826,240986000.0,0.2793221235,3005000.0,243991000.0,0.2828051598,70095000.0,173896000.0,0.2015594266,0.23,0.22,745268571,778638806,https://www.sec.gov/Archives/edgar/data/38777/000003877704000407/0000038777-04-000407-index.htm,https://www.sec.gov/Archives/edgar/data/38777/000003877704000407/form10q_3q04.txt,1.1576403910906368,0.2333333334675131,0.3378057384899436,0.3317810647351181,4.7679536455321685,6.6835624012917085,3.9304314095381327,6.581880936449687,1.8036383825985869,12438532449.990002,11302311449.990002,17.88214284685962,14.417257836240502,49.40709436911136,50.30425715622043,2.5357493034510443,2.5357493034510443,13.10028646668282,20.986169507557197,44.89391096931156,45.70912074442099,0.0139804274096772,0.0198790332375744,0.2740308431606911,0.1664723120169876,-2.109738933452169,2.805232305897552,0.0,1.4477388784100842,0.001707516548708,0.1221362193494962,0.0,0.0781961928848697,0.2541086316995076,0.017834728864456,0.0052042705154314,0.0990645132821463,0.0,5.878339470992795,0.0261025354900018,0.0288731220416406,1.085641849775522,2995848000.0,2929227000.0,1561847000.0,5523040000.0,423280500.0,290503500.0,92322000.0,42.193710134882174,0.0,0.0,2.133019346065888,0.0,0.0,0.0354508590660369,0.0060246737548254,2004-07-22,0.25,bmo,867800000.0,2025-04-25,2004-06-30,0.0,17.0546875,2345532.515625
2004-03-31,BEN,USD,38777,2004-05-14,2004-05-14 17:13:07,2004,Q2,874641000.0,0.0,874641000.0,1.0,68413000,0.0,31935000.0,31935000.0,284715000.0,385063000.0,385063000.0,0.0,0.0,47117000.0,540384000.0,0.6178352032,225210000.0,0.257488501,26966000.0,252176000.0,0.2883194362,79385000.0,172791000.0,0.1975564832,0.23,0.22,751265217,773691045,https://www.sec.gov/Archives/edgar/data/38777/000003877704000348/0000038777-04-000348-index.htm,https://www.sec.gov/Archives/edgar/data/38777/000003877704000348/form10q_2q04.txt,1.1642240053288664,0.2300000001197979,0.1531709406959007,0.1535729292256052,4.603400931844287,6.472937772121028,3.729461895212433,6.390357082111523,1.7606671652948362,13943482427.52,12716630427.52,20.173913032970464,15.941949242626402,121.17180919354838,120.8546329980758,2.904376040574456,2.904376040574456,14.539257166677526,23.53258132646414,110.51020602335927,110.22093736474422,0.0123922413857649,0.0082744035143106,0.2755193712450683,0.1684900795874901,-2.270333688636229,2.8650576517750133,0.0,0.665960611374435,0.0015149013246726,0.1222459503099119,0.0,0.0782183775972084,0.2625416535039895,0.0026244438264738,0.0003452845224497,0.0064095761614703,0.0,5.75066065049504,0.0239522079737869,0.0298460877306499,1.1298340197214267,2933372000.0,2801815000.0,1518590000.0,5481094000.0,406011500.0,180638000.0,92863000.0,45.49036690482152,0.0,0.0,1.9784408463511625,0.0,0.0,0.0359917289698309,0.0004019885297045,2004-04-22,0.24,bmo,801754250.0,2025-04-25,2004-03-31,0.0833333333333334,17.39483870967742,2907348.14516129
2003-12-31,BEN,USD,38777,2004-02-17,2004-02-17 16:32:55,2004,Q1,806169000.0,0.0,806169000.0,1.0,69648000,0.0,21232000.0,21232000.0,246550000.0,337430000.0,337430000.0,0.0,0.0,45014000.0,516602000.0,0.6408110458,222860000.0,0.2764432768,13080000.0,235940000.0,0.2926681626,68423000.0,172296000.0,0.2137219367,0.23,0.22,738411429,771474627,https://www.sec.gov/Archives/edgar/data/38777/000003877704000269/0000038777-04-000269-index.htm,https://www.sec.gov/Archives/edgar/data/38777/000003877704000269/form10q_1q04.txt,1.091761270666898,0.2333333331979074,0.1412748989290088,0.1307834578492148,4.42365715333477,6.312942645420511,3.5219024216917965,6.227732696699634,1.7614692147458622,12811438293.150002,12759351293.150002,18.589285725074877,15.89175258928339,122.81020996318983,132.6620375797333,2.785925608077973,2.785925608077973,15.82714206717202,24.69860994179272,122.31090494684577,132.12267834517252,0.0134486071007439,0.0075379514610498,0.2828427777061381,0.1753564118541775,-0.1008261679203719,3.020495772792206,0.0,0.6054638529043043,0.001442851269079,0.1072862979987927,0.0,0.0863937958418148,0.2778514633560376,0.0742625983761347,0.0096096476049066,0.1721020127071577,0.0,5.718006351753788,0.0255046764700354,0.0321659840648666,1.1301142117073055,2784916000.0,2600613000.0,1407396000.0,5349865000.0,354114500.0,155457000.0,92200000.0,41.29944217651634,0.0,0.0,2.1792061891619383,0.0,0.0,0.0374668189149418,0.010491441079794,2004-01-22,0.21,bmo,767780000.0,2025-04-25,2003-12-31,0.0476190476190476,18.885,2918900.016129032
2003-09-30,BEN,USD,38777,2003-12-22,2003-12-19 21:36:26,2003,Q4,721955000.0,0.0,721955000.0,1.0,70871000,0.0,23248000.0,23248000.0,216439000.0,310558000.0,310558000.0,0.0,0.0,44808000.0,456205000.0,0.6319022654,199540000.0,0.2763884176,14656000.0,214196000.0,0.2966888518,62117000.0,152079000.0,0.2106488632,0.21,0.2,738411429,749113043,https://www.sec.gov/Archives/edgar/data/38777/000003877703000693/0000038777-03-000693-index.htm,https://www.sec.gov/Archives/edgar/data/38777/000003877703000693/form10k_03.txt,0.9777137401268472,0.2059542878500056,0.207820456148438,0.1961426845683343,3.97341493477886,5.837000662133576,3.101671927128311,5.837000662133576,1.5021002606935543,10884184463.46,10939657463.46,17.892319885487147,15.07598737242626,70.9266078670898,75.14937420398526,2.525269543932542,2.525269543932542,15.152824571420656,23.97969654751702,71.2880967532273,75.53238509921704,0.0139724754308009,0.0133068307034148,0.2573411153502418,0.1591174779066066,0.1215966506285551,3.012192116890584,0.0,1.0090610800965287,0.0016594720588057,0.1187672196687248,0.0,0.0981653981203814,0.2897533679666274,0.0561916367451468,0.011943957725897,0.1924433136939832,0.0,5.200816722147491,0.0231567764499222,0.0307171288909948,0.775831030643487,2596746000.0,2290310000.0,1226611000.0,4973316000.0,332364000.0,179444000.0,91682000.0,42.17199132909946,0.0,0.0,2.134117862674849,0.0,0.0,0.0352842666587473,0.0116777715801037,2003-10-23,0.19,bmo,683957368.0,2025-04-25,2003-09-30,0.0526315789473684,15.939375,2964982.828125
2003-06-30,BEN,USD,38777,2003-08-14,2003-08-13 19:02:24,2003,Q3,683907000.0,0.0,683907000.0,1.0,70459000,0.0,22281000.0,22281000.0,214721000.0,307461000.0,307461000.0,0.0,0.0,44686000.0,421132000.0,0.6157737821,169375000.0,0.2476579418,15679000.0,185054000.0,0.2705835735,53666000.0,131388000.0,0.19211384,0.17,0.17,758007692,758007692,https://www.sec.gov/Archives/edgar/data/38777/000003877703000436/0000038777-03-000436-index.htm,https://www.sec.gov/Archives/edgar/data/38777/000003877703000436/form10q_3q03.txt,0.9022428231506652,0.1733333334036932,0.1901128465065761,0.1743108960429916,4.170643693151336,5.753623671671131,3.0855518020257766,5.753623671671131,1.429840371593485,9869260149.84,9539675149.84,18.7788461462234,14.43070497865938,68.48564018291964,74.69412581522603,2.262921724287602,2.262921724287602,13.94879003993233,22.652458492444172,66.19855489212877,72.1997074816278,0.0133128520279334,0.0133879336438549,0.2485112779679228,0.1553408216295859,-0.7826168517234501,3.1045766803184853,0.0,1.096804883246567,0.0020239612389104,0.1520306268456784,0.0,0.1030242416001006,0.289864858085941,0.0831187936741449,0.0175140772064037,0.2680481582598576,0.0,4.736996129260183,0.0210991581293806,0.0265178999053624,1.103261231813463,2693191000.0,2338872000.0,1357055000.0,5085515000.0,306515000.0,240719000.0,93672000.0,42.95794603652251,0.0,0.0,2.0950722346799986,0.0,0.0,0.0301259420662368,0.0158019504635844,2003-07-24,0.16,bmo,641162812.0,2025-04-25,2003-06-30,0.0625,14.516875,2307165.984375
2003-03-31,BEN,USD,38777,2003-05-12,2003-05-12 13:19:52,2003,Q2,613135000.0,0.0,613135000.0,1.0,71404000,0.0,24226000.0,24226000.0,204731000.0,300361000.0,300361000.0,0.0,0.0,44431000.0,357205000.0,0.5825878477,139706000.0,0.2278552032,12521000.0,152227000.0,0.2482764807,42624000.0,109603000.0,0.1787583485,0.14,0.14,764672093,764672093,https://www.sec.gov/Archives/edgar/data/38777/000003877703000269/0000038777-03-000269-index.htm,https://www.sec.gov/Archives/edgar/data/38777/000003877703000269/form10q_2q03.txt,0.8018273526820077,0.1433333333376925,0.2208018332898674,0.1995940500472795,3.3810649344568144,5.712889276318863,3.0737698178296147,5.712889276318863,0.8373549994324169,8388452860.21,8203868860.21,19.13372092965065,13.681249415234818,49.68255850302947,54.96155820978352,1.920219256738088,1.920219256738088,13.380199891068036,22.96683657902325,48.58931693255785,53.75215470836828,0.0130659374054414,0.0181945351000254,0.1465729439048347,0.0969228638399226,-0.5167452863201802,2.5747712374366905,0.0,1.5404779066266434,0.0023056695104937,0.1764641478791639,0.0,0.1164572239392629,0.3054749969915104,0.0960489454575606,0.0264493137726601,0.3649929103553825,0.0,4.292326632106259,0.0191893813487237,0.0238877880077868,0.7981368819222752,2155339000.0,2350426000.0,1286189000.0,4552971000.0,289006000.0,220399000.0,94364000.0,42.06815790975886,0.0,0.0,2.1393853325610444,0.0,0.0,0.0250894646132631,0.0212077832425878,2003-04-24,0.14,bmo,613135000.0,2025-04-25,2003-03-31,0.0,12.154920634920634,2419960.5555555555
2002-12-31,BEN,USD,38777,2003-02-13,2003-02-13 13:38:52,2003,Q1,605451000.0,0.0,605451000.0,1.0,72595000,0.0,22644000.0,22644000.0,201910000.0,297149000.0,297149000.0,0.0,0.0,43495000.0,351797000.0,0.5810494986,139455000.0,0.2303324299,9271000.0,148726000.0,0.245644982,38966000.0,109760000.0,0.1812863469,0.14,0.14,765767442,765767442,https://www.sec.gov/Archives/edgar/data/38777/000003877703000231/0000038777-03-000231-index.htm,https://www.sec.gov/Archives/edgar/data/38777/000003877703000231/form10q_1q2003.txt,0.7906460457742992,0.1433333333072157,0.1065858843343198,0.0859072825402258,3.5427753273427887,5.690762966650128,3.058327987780917,5.690762966650128,0.8102486028649936,8699118141.119999,8268467141.119999,19.81395349198251,14.36799698261296,106.58071723989218,132.235587764992,1.9962173906334868,1.9962173906334868,13.65670738196815,23.503518054787275,101.304424664543,125.68924741384812,0.0126173708897196,0.0075622607869917,0.1423796084309494,0.095172707244168,-1.2241463116513216,2.7035769260077727,0.0,0.7436224489795918,0.0020764173686316,0.1645681486880466,0.0,0.1199023537825521,0.3092087572843025,0.1940088213673119,0.026154057058292,0.3640648350385101,0.0,4.28400636835457,0.0197424054486315,0.0243721874615576,1.0663341834791664,2235604000.0,2341968000.0,1386378000.0,4638222000.0,291871500.0,175847500.0,95476000.0,43.31914556256411,0.0,0.0,2.0776033052179343,0.0,0.0,0.0251870151941311,0.020678601794094,2003-01-23,0.14,bmo,605451000.0,2025-04-25,2002-12-31,0.0,11.151639344262296,2219139.9672131147
2002-09-30,BEN,USD,38777,2002-12-18,2002-12-18 14:37:08,2002,Q4,608307000.0,0.0,608307000.0,1.0,70797000,0.0,25703000.0,25703000.0,195987000.0,292487000.0,292487000.0,0.0,0.0,44616000.0,360436000.0,0.5925231832,140766000.0,0.2314061814,-49221000.0,91545000.0,0.1504914459,23027000.0,68518000.0,0.1126372046,0.089,0.089,765767442,765767442,https://www.sec.gov/Archives/edgar/data/38777/000003877702000444/0000038777-02-000444-index.htm,https://www.sec.gov/Archives/edgar/data/38777/000003877702000444/form10k_2002.txt,0.7943756376103543,0.0894762511984676,0.2274842079274506,0.1909352526377061,3.3087016514865097,5.572117285184867,2.9353049982503694,5.572117285184867,0.7874166057846058,7941008373.539999,7563382373.539999,28.97416873500394,13.054277484132188,45.58558193765786,54.31160488564549,1.8610519968005217,1.8610519968005217,12.433495543434482,20.98398154884639,43.41780926257175,51.72887569789073,0.0086283752361106,0.0184122712283226,0.1413137171175824,0.0938817681804862,-1.04769223939895,2.549772770556143,0.0,2.542397618144137,0.0023332049443162,0.270410694999854,0.0,0.1163836681149485,0.3143807204964611,0.1606659012629162,0.0460096628840371,0.6273085888470504,0.0,3.349309441231402,0.0206924746534606,0.0155597082628504,0.8436494091635721,2075076000.0,2247761000.0,1258239000.0,4488433000.0,507404500.0,175216000.0,99494000.0,43.249954381586925,0.0,0.0,2.0809270503720176,0.0,0.0,0.0160578549623079,0.0365489552897444,2002-10-24,0.14,bmo,608307000.0,2025-04-25,2002-09-30,0.0,11.29484375,2018103.203125
2002-06-30,BEN,USD,38777,2002-08-12,2002-08-12 16:59:40,2002,Q3,666050000.0,0.0,666050000.0,1.0,75573000,0.0,29268000.0,29268000.0,215771000.0,320612000.0,320612000.0,0.0,0.0,47371000.0,392809000.0,0.5897590271,153852000.0,0.2309916673,14859000.0,168711000.0,0.2533008032,43021000.0,125690000.0,0.1887095563,0.16,0.16,785562500,785562500,https://www.sec.gov/Archives/edgar/data/38777/000003877702000340/0000038777-02-000340-index.htm,https://www.sec.gov/Archives/edgar/data/38777/000003877702000340/form10q_3q02.txt,0.8478637918688837,0.16,0.1845454690110589,0.1761234783992362,3.449692417853449,5.494509984883443,2.9787037950513167,5.494509984883443,0.7435678256026732,10864329375.0,10524910375.0,21.609375,16.311582276105398,74.94088082526281,78.52445412558906,2.51705794293745,2.51705794293745,15.8019823962165,26.793964433095983,72.59960802775709,76.07122477521756,0.0115690527838033,0.0127348863629238,0.1353292336620345,0.0905784426286959,-0.8640815256269586,2.654544184986733,0.0,1.1534091813191183,0.0016679354403317,0.1441721696236773,0.0,0.1134644546205239,0.3064653939886775,0.0456363987528626,0.0099331881990841,0.1396635072090519,0.0,4.44749771732155,0.0224880988176435,0.0281032214846433,1.4892914312992285,2251057000.0,2339958000.0,1479104000.0,4628460000.0,741391000.0,227010000.0,100664000.0,97.6256437204414,0.0,0.0,0.9218889276440724,0.0,0.0,0.0291199762017347,0.0084219906118227,2002-07-25,0.16,bmo,666100000.0,2025-04-25,2002-06-30,0.0,11.47828125,2883293.515625
2002-03-31,BEN,USD,38777,2002-05-15,2002-05-14 19:18:19,2002,Q2,625968000.0,0.0,625968000.0,1.0,73197000,0.0,25481000.0,25481000.0,201944000.0,300622000.0,300622000.0,0.0,0.0,45735000.0,371081000.0,0.5928114536,148019000.0,0.2364641643,11974000.0,159993000.0,0.2555929377,39997000.0,119996000.0,0.1916967002,0.15,0.15,782582609,782582609,https://www.sec.gov/Archives/edgar/data/38777/000003877702000306/0000038777-02-000306-index.htm,https://www.sec.gov/Archives/edgar/data/38777/000003877702000306/form10q_2q02.txt,0.7998746621776769,0.1533333332737017,0.2448086601934697,0.2335612852853467,3.277027844098181,5.385313897257842,2.854513982689334,5.385313897257842,0.7840015775254725,10776162525.93,10299882525.93,22.45108696525301,17.21519714415114,56.24801013623338,58.95668874735339,2.556954016554461,2.556954016554461,16.454327578933746,27.75642656436196,53.76198580213275,56.35094745039145,0.0111353183205302,0.0169616038696693,0.1455814075990407,0.0944704661425373,-1.2834933612876973,2.3416353031951997,0.0,1.5965782192739757,0.0016924392107222,0.1519883996133204,0.0,0.1169340924775707,0.3049558247030601,0.0459435336120637,0.0140614216701173,0.1924565431288947,0.0,4.310375034531684,0.0221194079932495,0.0265829570981076,1.1560479233700938,1990913000.0,2233893000.0,1194731000.0,4390034000.0,702763500.0,242962500.0,100476500.0,109.31360708534622,0.0,0.0,0.8233192774412138,0.0,0.0,0.0284724969052923,0.0112473749081229,2002-04-25,0.16,bmo,667733333.0,2025-04-25,2002-03-31,-0.0625,14.058125,2233688.578125
2001-12-31,BEN,USD,38777,2002-02-13,2002-02-13 00:00:00,2002,Q1,618207000.0,0.0,618207000.0,1.0,74594000,0.0,26425000.0,26425000.0,202056000.0,303075000.0,303075000.0,0.0,0.0,45399000.0,360531000.0,0.5831881554,142865000.0,0.2310957333,15161000.0,158026000.0,0.2556198814,39507000.0,118519000.0,0.1917141022,0.15,0.15,790126667,790126667,https://www.sec.gov/Archives/edgar/data/38777/000003877702000087/0000038777-02-000087-index.htm,https://www.sec.gov/Archives/edgar/data/38777/000003877702000087/form_10q.txt,0.7824150554837558,0.149999999936719,0.2860870407757039,0.2738662154279625,3.091771360249508,5.179064535990404,2.667511537109024,5.179064535990404,0.7493330180184894,9291889603.92,9095629603.92,19.600000008268715,15.030385621515125,41.106370872702335,42.94067445165882,2.2706803358555,2.2706803358555,14.71291914184084,25.2284258605224,40.2381366715477,42.03369674022247,0.0127551020354352,0.0232879434887723,0.144685012671925,0.0972260424858566,-0.5443637301646738,2.621746632245644,0.0,1.907246939309309,0.0018178218554032,0.1425172335237388,0.0,0.1206618495099537,0.3258742811312987,0.0427171580879913,0.015619363740624,0.2126919095134254,0.0,4.180830396176524,0.0219739814841305,0.0288707523559385,1.2399806143993872,1981343000.0,2107672000.0,1205591000.0,4401063000.0,470697000.0,300051500.0,104862500.0,93.93392504452392,0.0,0.0,0.9581202952750107,0.0,0.0,0.0289627593736933,0.0122208253477413,2002-01-24,0.13,bmo,535773333.0,2025-04-25,2001-12-31,0.1538461538461537,13.062833333333334,2139334.816666667
2001-09-30,BEN,USD,38777,2001-12-26,2001-12-26 00:00:00,2001,Q4,603883000.0,0.0,603883000.0,1.0,76191000,0.0,32388000.0,32388000.0,235383000.0,343962000.0,343962000.0,0.0,0.0,62016000.0,321937000.0,0.5331115464,93848000.0,0.1554075872,16505000.0,110353000.0,0.1827390405,26484000.0,83869000.0,0.1388828631,0.11,0.11,788718672,790126667,https://www.sec.gov/Archives/edgar/data/38777/000003877701500097/0000038777-01-500097-index.htm,https://www.sec.gov/Archives/edgar/data/38777/000003877701500097/form10k_2001.txt,0.7656506957908054,0.1063357607438511,0.1548955341582175,0.1226825272877526,2.638750766128686,5.04349160380978,2.521908090442672,5.04349160380978,0.7282368484361177,8880972246.72,8886369246.72,26.47274990377851,14.706445200013908,72.69415520074651,91.78161103243008,2.2325803004201217,2.2325803004201217,14.715382361682645,27.60282057272075,72.73833171033567,91.83738706020958,0.0094436732454574,0.010895428711168,0.1443914069146101,0.0916702975748725,0.0167641495075123,2.067621494489213,0.0,1.4566645602069894,0.0019260278632575,0.2039490157269074,0.0,0.1261684796558273,0.3174163893610399,0.2079660142916779,0.042072719384384,0.4096845975232198,0.0,3.4737341753749127,0.0150287272855489,0.0196100850396204,0.0888139871500341,1631426000.0,1989076000.0,871766000.0,4069872000.0,522178500.0,345492500.0,73923500.0,44.13909648060965,0.0,0.0,2.039008660712778,0.0,0.0,0.0210837588514129,0.0322130068704649,2001-10-25,0.13,bmo,696788076.0,2025-04-25,2001-09-30,-0.1538461538461538,11.6303125,1818175.921875
2001-06-30,BEN,USD,38777,2001-08-13,2001-08-13 00:00:00,2001,Q3,609473000.0,884000000.0,-274527000.0,-0.4504334072,70576000,158000000.0,27314000.0,27314000.0,223910000.0,321800000.0,321800000.0,0.0,0.0,58617000.0,346290000.0,0.5681793943,124696000.0,0.20459643,-320595000.0,157505000.0,0.258428183,37802000.0,119703000.0,0.1964041065,0.15,0.15,780671739,780671739,https://www.sec.gov/Archives/edgar/data/38777/000003877701500046/0000038777-01-500046-index.htm,https://www.sec.gov/Archives/edgar/data/38777/000003877701500046/form10q_jun01.txt,0.7807032963441245,0.1533333333589523,0.2572938022033355,0.2095733607695,2.640524687931607,5.0407050792445816,2.455449460045075,5.0407050792445816,0.7173693782195438,11913050737.14,11597967737.14,24.880434778451665,19.546478247830503,59.30962918391732,72.81459792394014,3.0273542609810686,3.0273542609810686,19.02950210614744,33.492066583326114,57.74097508309187,70.88875688927192,0.0100480559212943,0.0137335098800458,0.1423152846559814,0.0943627510862508,-0.9098818909006902,2.1804704354309323,0.0,1.6780030575674796,0.0013341670702743,0.1327786271020776,0.2592403601143939,0.1157984028824902,0.3400644631560998,0.1854706216208143,0.0611249390867191,0.6355494139925277,0.0,4.170183752102466,0.0204543476332688,0.0305627776145137,0.8227222376753669,1546892000.0,1916900000.0,857568000.0,4038078000.0,502760500.0,211544000.0,19476000.0,110.48443491344162,27.262466063348416,3.965701357466064,0.8145943821906676,3.30124207365803,22.694598480180737,0.0304190249079066,0.0477204414338354,2001-07-26,0.16,bmo,650133333.0,2025-04-25,2001-06-30,-0.0625,13.903898305084748,1859615.3220338984
2001-03-31,BEN,USD,38777,2001-05-15,2001-05-15 00:00:00,2001,Q2,577413000.0,0.0,577413000.0,1.0,59002000,0.0,24433000.0,24433000.0,187371000.0,270806000.0,270806000.0,0.0,0.0,52880000.0,359487000.0,0.6225821033,144473000.0,0.2502073906,28795000.0,173268000.0,0.3000763751,41584000.0,131684000.0,0.2280585993,0.18,0.18,731577778,731577778,https://www.sec.gov/Archives/edgar/data/38777/000003877701500018/0000038777-01-500018-index.htm,https://www.sec.gov/Archives/edgar/data/38777/000003877701500018/form10q_mar3101.txt,0.789270829929446,0.1799999999453236,0.1532003887630386,0.116826949328141,1.8716629197558816,4.349096016418367,2.655932230899446,4.349096016418367,0.3709188662644151,9539774225.12,8829307225.119999,18.11111111661249,16.521578532384964,85.11727747747103,111.61808191510272,2.9983242381341806,2.9983242381341806,15.291147281270076,24.56085261809189,78.7782368093649,103.30541518603452,0.0138036809774021,0.0089591218809924,0.0852864284587305,0.0685973089518077,-1.976335722849505,5.292980733049739,0.0,0.8511132711643025,0.0016613600726804,0.1203563075240727,0.0,0.1021833592246797,0.3131317650972677,0.2374239369010867,0.0460848647328688,0.5032148260211801,0.0,4.19688442313391,0.0300084168118457,0.0484648896010858,1.0773751933181328,1346253000.0,1943021000.0,885767000.0,3027666000.0,256546000.0,182579000.0,0.0,40.10926321367894,0.0,0.0,2.2438706869416194,0.0,0.0,0.0413879112500165,0.0363734394348976,2001-04-26,0.18,bmo,577400000.0,2025-04-25,2001-03-31,0.0,14.493650793650794,2075033.8095238092
2000-12-31,BEN,USD,38777,2001-02-14,2001-02-14 00:00:00,2001,Q1,564074000.0,0.0,564074000.0,1.0,57528000,0.0,22126000.0,22126000.0,189758000.0,269412000.0,269412000.0,0.0,0.0,50333000.0,344995000.0,0.6116130153,148978000.0,0.2641107372,47686000.0,196664000.0,0.3486492907,47199000.0,149465000.0,0.2649740991,0.2,0.2,735073770,735073770,https://www.sec.gov/Archives/edgar/data/38777/000003877701000267/0000038777-01-000267-index.htm,https://www.sec.gov/Archives/edgar/data/38777/000003877701000267/0000038777-01-000267-0001.txt,0.7673706000963686,0.2033333334693741,0.1606342177057957,0.1360720570943512,1.749231237022646,4.187732069394885,2.489090312663449,4.187732069394885,0.482337983574084,9335436879.0,8620773879.0,15.614754087913555,16.55002159113875,79.06161079117194,93.33290222248884,3.032667751792228,3.032667751792228,15.28305484564082,24.98811252047131,73.0091454716374,86.18791556941903,0.0160104986983759,0.0107143352042796,0.1151788069487884,0.086637668034983,-2.071516978506935,3.877936478105619,0.0,0.790004348844211,0.0015663969656197,0.0978356136888234,0.0,0.1019866187769689,0.3051104529225924,0.1529074001930927,0.0320082116885373,0.3587109848409592,0.0,4.377085129432588,0.030138497170895,0.0525591208791208,0.6306186792653478,1163826000.0,1829665000.0,554137000.0,2853173000.0,262075000.0,194664500.0,9008500.0,40.80789045408935,0.0,0.0,2.205455832157114,0.0,0.0,0.048554523092676,0.0245621606114444,2001-01-25,0.19,bmo,535895000.0,2025-04-25,2000-12-31,0.0526315789473684,13.843225806451612,2027615.7096774196
2000-09-30,BEN,USD,38777,2000-12-07,2000-12-07 00:00:00,2000,Q4,593050000.0,0.0,593050000.0,1.0,59890000,0.0,27477000.0,27477000.0,190368000.0,277735000.0,277735000.0,0.0,0.0,50746000.0,366061000.0,0.6172514965,154899000.0,0.2611904561,30423000.0,185322000.0,0.312489672,44499000.0,140823000.0,0.2374555265,0.19,0.19,735073770,735073770,https://www.sec.gov/Archives/edgar/data/38777/000003877700000380/0000038777-00-000380-index.htm,https://www.sec.gov/Archives/edgar/data/38777/000003877700000380/0000038777-00-000380-0001.txt,0.8067897729502713,0.1915766903232038,0.2369286010572789,0.1993704659057552,1.916372284648383,4.034279443816911,2.443303071472677,4.034279443816911,0.4936456921867855,10886442533.7,10503303533.7,19.32646395421913,18.356702695725488,62.50828280718879,74.28382098981932,3.671039700211736,3.671039700211736,17.71065430182953,28.69276851043952,60.30835745119431,71.66946567566461,0.0129356306767862,0.0134618815601455,0.1223627909423492,0.0897640362523355,-1.04665342661469,2.6847235395936653,0.0,1.236729795558964,0.0013423117749222,0.1037685605334355,0.0,0.1009864261023522,0.2893015436457607,0.1585209003215434,0.0465525672371638,0.544042880227013,0.0,4.170091465773987,0.0347961323326783,0.0490167277071227,0.7373732707126797,1227343000.0,1796008000.0,878906000.0,2841522000.0,258845500.0,158096500.0,9008500.0,40.72983728184808,0.0,0.0,2.209682287145056,0.0,0.0,0.047487213761759,0.0375581351515236,2000-10-25,0.19,bmo,593050000.0,2025-04-25,2000-09-30,0.0,12.886825396825396,1704927.4285714286
2000-06-30,BEN,USD,38777,2000-08-11,2000-08-11 00:00:00,2000,Q3,568897000.0,0.0,568897000.0,1.0,50708000,0.0,25279000.0,25279000.0,181394000.0,257381000.0,257381000.0,0.0,0.0,49343000.0,360859000.0,0.634313417,168832000.0,0.2967707687,15838000.0,184670000.0,0.3246106061,44300000.0,140370000.0,0.2467406226,0.19,0.19,726051724,726051724,https://www.sec.gov/Archives/edgar/data/38777/000003877700000364/0000038777-00-000364-index.htm,https://www.sec.gov/Archives/edgar/data/38777/000003877700000364/0000038777-00-000364-0001.txt,0.7835488591168196,0.1933333333700616,0.2752131747572298,0.2344447294501569,1.8011953649737495,3.8983104184461657,2.2800675837249305,3.8983104184461657,0.5556670229736965,7347643446.879999,6654935446.879999,13.086206894065684,12.915595348331946,36.77149543777118,43.16582430210493,2.595996448131431,2.595996448131431,11.69796192787095,18.44192730922604,33.30481809477577,39.09631384792531,0.0191040843251049,0.0231664752421103,0.1425404760853243,0.1047748230652484,-1.919608489742531,3.763301011703648,0.0,1.423516420887654,0.00198907310972,0.1041176889648785,0.0,0.0891338853957746,0.3051307701816769,0.1481340613254995,0.0520305081587703,0.5998824554648076,0.0,4.117966770563155,0.0366558009887698,0.0524621362184206,0.6535925531388174,1156447000.0,1655447000.0,554752000.0,2773161000.0,251180000.0,119388500.0,0.0,39.44010954531312,0.0,0.0,2.2819409235311108,0.0,0.0,0.0495941350527756,0.0407684453070729,2000-07-27,0.19,bmo,568900000.0,2025-04-25,2000-06-30,0.0,12.42,1670141.8412698412
2000-03-31,BEN,USD,38777,2000-05-15,2000-05-15 00:00:00,2000,Q2,612526000.0,0.0,612526000.0,1.0,51441000,0.0,25895000.0,25895000.0,186237000.0,263573000.0,263573000.0,0.0,0.0,50788000.0,399741000.0,0.6526106647,172077000.0,0.2809301156,16572000.0,188649000.0,0.3079852937,45275000.0,143374000.0,0.234070064,0.19,0.19,741589655,750120000,https://www.sec.gov/Archives/edgar/data/38777/000003877700000343/0000038777-00-000343-index.htm,https://www.sec.gov/Archives/edgar/data/38777/000003877700000343/0000038777-00-000343.txt,0.825963517519672,0.1933333333782818,0.2610459823633866,0.2223075779016901,1.7240653121030929,3.651845709740922,2.054989561579038,3.651845709740922,0.5937758125819594,8268724653.25,7641077653.25,14.418103444923766,13.49938558240793,42.71278147647852,50.15573515416017,3.053250571418866,3.053250571418866,12.474699283377358,19.11507114168924,39.470618956913874,46.34860672475601,0.0173393124106082,0.0199378993633802,0.1625960842206788,0.120262002698902,-1.5701341618698108,4.22768134463348,0.0,1.350237839496701,0.0018051151327349,0.1041053468550783,0.0,0.0839817411832314,0.323423612634095,0.1483968613919179,0.0469008662489429,0.565645428053871,0.0,3.985665420110708,0.0389784976876777,0.0578756432970556,0.694485146236297,1179469000.0,1523959000.0,591574000.0,2794221000.0,255021500.0,137519000.0,0.0,37.1821604307409,0.0,0.0,2.420515617096611,0.0,0.0,0.0529412655256998,0.0387384044616965,2000-04-20,0.18,bmo,580263157.0,2025-04-25,2000-03-31,0.0555555555555556,10.51015873015873,1563430.619047619
1999-12-31,BEN,USD,38777,2000-02-14,2000-02-14 00:00:00,2000,Q1,565667000.0,0.0,565667000.0,1.0,51631000,0.0,22545000.0,22545000.0,180688000.0,254864000.0,254864000.0,0.0,0.0,48762000.0,359565000.0,0.6356478281,167635000.0,0.2963492656,13315000.0,180950000.0,0.3198878492,43428000.0,137522000.0,0.2431147654,0.18,0.18,750120000,750120000,https://www.sec.gov/Archives/edgar/data/38777/000003877700000301/0000038777-00-000301-index.htm,https://www.sec.gov/Archives/edgar/data/38777/000003877700000301/0000038777-00-000301.txt,0.7541020103450115,0.1833333333333333,0.1788313869780835,0.1488415186903428,1.6076641070762012,3.631938889777635,2.040868127766224,3.631938889777635,0.5819242254572602,8018782800.0,7504126800.0,14.577272727272728,14.175800957100202,59.77697864251369,71.82135800589347,2.943331461354652,2.943331461354652,13.26597945434328,20.87001460097618,55.94041373141004,67.21176902614444,0.017149984409105,0.0139234348634558,0.1602241235652751,0.1164254477912096,-1.431329523173835,4.00229128580134,0.0,0.9754439289713646,0.00172083473816,0.1003403091868937,0.0,0.0912745484534187,0.3183251664580939,0.1676991315367699,0.0397689806900526,0.4613428489397481,0.0,3.870626295618417,0.0370442437066051,0.0538078517942341,0.4982926065162907,1108521000.0,1530896000.0,452844000.0,2722915000.0,350741000.0,151559500.0,12128500.0,40.88771308914962,0.0,0.0,2.20115025273652,0.0,0.0,0.0504780886730607,0.0299898682877406,2000-01-27,0.17,bmo,532392470.0,2025-04-25,1999-12-31,0.0588235294117645,10.573650793650794,2276180.746031746
1999-09-30,BEN,USD,38777,1999-12-21,1999-12-21 00:00:00,1999,Q4,536719000.0,0.0,536719000.0,1.0,0,-389451000.0,25925000.0,-363526000.0,2190631000.0,1827105000.0,1827105000.0,0.0,0.0,50036000.0,-1240350000.0,-2.3109858231,-1290386000.0,-2.4042115148,1464651000.0,174265000.0,0.3246857294,41824000.0,132441000.0,0.2467604091,0.18,0.18,750120000,750120000,https://www.sec.gov/Archives/edgar/data/38777/000003877799000471/0000038777-99-000471-index.htm,https://www.sec.gov/Archives/edgar/data/38777/000003877799000471/0000038777-99-000471.txt,0.7155108515970778,0.1765597504399296,0.2627286300858529,0.2019463552498266,1.6420706020370075,3.542091931957553,1.938645816669333,3.542091931957553,0.5375739881618941,7643722800.0,7227723800.0,14.428543275873784,14.241572964623948,38.78526674717624,50.45894483905891,2.8768310353730566,2.8768310353730566,13.466495130599066,-5.827164751884549,36.67443245821451,47.71278682897204,0.0173267664808566,0.0198180917811409,0.1517673732044558,0.1099722100256627,0.3353883984359253,2.570036627163235,0.0,1.4880437326809677,0.0018239803253985,0.1052695162374189,-0.7256143345027846,0.0,0.3280190575407918,0.2313500238484254,0.084949480081756,0.9112239187784796,0.0,3.751172419349524,-0.3150428905544778,0.0537501222599069,0.7564839625659895,1040771000.0,1454217000.0,693871000.0,2659943000.0,222247500.0,65073000.0,12128500.0,74.5353713954602,0.0,0.0,1.207480399104602,0.0,0.0,0.0498461795547901,0.0607822748360262,1999-10-21,0.17,bmo,536719000.0,2025-04-25,1999-09-30,0.0,10.44015625,1369885.359375
1999-06-30,BEN,USD,38777,1999-08-12,1999-08-12 00:00:00,1999,Q3,579002000.0,0.0,579002000.0,1.0,0,126821000.0,26379000.0,153200000.0,-410269000.0,-257069000.0,-257069000.0,0.0,0.0,35904000.0,343763000.0,0.5937164293,836071000.0,1.4439863766,7351000.0,163857000.0,0.2829990225,40550000.0,123307000.0,0.2129647221,0.16,0.16,754940816,754940816,https://www.sec.gov/Archives/edgar/data/38777/000003877799000437/0000038777-99-000437-index.htm,https://www.sec.gov/Archives/edgar/data/38777/000003877799000437/0000038777-99-000437.txt,0.7669501869932013,0.163333333403979,0.2416864953291914,0.1829136762424036,0.6509053287165228,3.3991578486862477,1.79365583539995,3.3991578486862477,0.6021544872995713,10221898648.64,10676489648.64,20.72448978695451,17.654340828943596,56.02298954088315,74.02398922897551,3.9833395807826704,3.9833395807826704,18.43946937772236,31.057704431948757,58.514458857277525,77.31600379928886,0.0120630231465272,0.0135091341390253,0.1771481390698876,0.1271546226347541,1.3223965348219555,3.218169657422512,0.0,1.4797132360693228,0.0013563038019208,0.1124348171636646,0.2190337857209474,0.0,0.3390276198958128,0.2431779194229936,0.0766318596481532,1.2357954545454546,0.0,3.534388928701115,0.2082624618982631,0.0521814015391158,-0.6855451302026303,1359738000.0,1354104000.0,963797000.0,2962104000.0,0.0,0.0,0.0,0.0,0.0,0.0,0.0,0.0,0.0,0.0480511175634595,0.0587728190867878,1999-07-22,0.15,bmo,531375000.0,2025-04-25,1999-06-30,0.0666666666666667,12.17671875,1297946.734375
1999-03-31,BEN,USD,38777,1999-05-12,1999-05-12 00:00:00,1999,Q2,568561000.0,0.0,568561000.0,1.0,0,128816000.0,25393000.0,154209000.0,-410636000.0,-256427000.0,-256427000.0,0.0,0.0,62521000.0,346941000.0,0.610208931,824988000.0,1.4510105336,9714000.0,140834000.0,0.2477025332,38363000.0,102471000.0,0.1802286826,0.14,0.14,749787805,749787805,https://www.sec.gov/Archives/edgar/data/38777/000003877799000398/0000038777-99-000398-index.htm,https://www.sec.gov/Archives/edgar/data/38777/0000038777-99-000398.txt,0.7582958754577237,0.1366666666444381,0.1992176973323806,0.1809165194411237,0.5290816913193194,3.262180291129168,1.6332634271105544,3.262180291129168,0.6001671366207403,7025511732.849999,7475509732.849999,17.140243905226843,12.35665431299368,47.03397401671007,51.791843160288686,2.8723121237289666,2.8723121237289666,13.14812259871852,21.546919311496765,50.046593601502295,55.10921372697181,0.0145855567390008,0.0193080597055628,0.1839773044588528,0.1301020843313894,1.2970447424778278,3.0121077170418005,0.0,1.4576904685228016,0.0019765108262607,0.1355115105737233,0.2265649596085556,0.0,0.3531107691177912,0.091865221495471,0.0241346135243184,0.2194782553062171,0.0,3.167207665056184,0.2073060480975175,0.0457978113624123,-0.821785838461323,1251531000.0,1224601000.0,860667000.0,2836807000.0,0.0,0.0,0.0,0.0,0.0,0.0,0.0,0.0,0.0,0.0418942714527689,0.0183011778912568,1999-04-22,0.14,bmo,517160000.0,2025-04-25,1999-03-31,0.0714285714285712,12.697460317460315,2190744.3492063493
1998-12-31,BEN,USD,38777,1999-02-12,1999-02-12 00:00:00,1999,Q1,578215000.0,0.0,578215000.0,1.0,0,133814000.0,28238000.0,162052000.0,-430774000.0,-268722000.0,-268722000.0,0.0,0.0,51553000.0,305364000.0,0.5281149745,846937000.0,1.4647440831,4363000.0,95128000.0,0.1645201179,26636000.0,68492000.0,0.1184542082,0.09,0.09,761022222,761022222,https://www.sec.gov/Archives/edgar/data/38777/000003877799000370/0000038777-99-000370-index.htm,https://www.sec.gov/Archives/edgar/data/38777/0000038777-99-000370.txt,0.7597872746480719,0.0900000000262804,0.0730057525179599,0.0316377095227581,0.3862397069398586,3.1100497877445688,1.4749595577512584,3.1100497877445688,0.6198886003094927,8120107108.74,8591856108.74,29.638888880234187,14.043404458099497,146.15286647959826,337.2557672774847,3.430813243584105,3.430813243584105,14.859275717060262,28.13644080094576,154.64382204035348,356.849113624621,0.0084348641074302,0.0029651086712987,0.1993179024825324,0.1388251205875662,1.544874313933535,2.894368932038835,0.0,0.811175027740466,0.0015501027057207,0.1837732873912281,0.2314260266509862,0.0,0.3661812755340916,0.5666408682661676,0.054446875297251,0.6106725117839893,0.0,2.509551916582272,0.2148165973204755,0.03180034664105,-0.9689585647868244,1170720000.0,1122477000.0,757384000.0,2780153000.0,197836500.0,48198000.0,11068500.0,0.0,0.0,0.0,0.0,0.0,0.0,0.0289384434876038,0.0413680429952017,1999-01-21,0.13,bmo,578215000.0,2025-04-25,1998-12-31,0.0,10.772131147540984,2422595.180327869
1998-09-30,BEN,USD,38777,1998-12-24,1998-12-24 00:00:00,1998,Q4,556580000.0,0.0,556580000.0,1.0,0,-418723000.0,33538000.0,-385185000.0,2447146000.0,2061961000.0,2061961000.0,0.0,0.0,51896000.0,-1453485000.0,-2.6114574724,-1505381000.0,-2.7046983363,1657075000.0,151694000.0,0.272546624,39441000.0,112253000.0,0.2016834956,0.15,0.15,755580000,756165000,https://www.sec.gov/Archives/edgar/data/38777/000003877798000595/0000038777-98-000595-index.htm,https://www.sec.gov/Archives/edgar/data/38777/0000038777-98-000595.txt,0.7366261679769184,0.1485653405331004,0.2775192567299293,0.208827655575849,1.3869543926520025,3.0185645464411444,1.3592921993700204,3.0185645464411444,0.8105230419015855,7525576800.000001,7581948800.000001,16.76030217455213,13.521105321786628,35.889401396360306,47.69483224113674,3.2995815881236448,3.2995815881236448,13.622388156239897,-5.216392876431474,36.158238907328986,48.05210094685207,0.0149161988487048,0.0209666320859286,0.2685127415470322,0.1759788439760474,-0.0387840259789402,2.2438052462797917,0.0,1.86799461929748,0.0016805356368165,0.1126651403525963,-0.7523141327392289,0.0,0.3602572837336485,0.2475201251383007,0.093251643968522,1.0001156158470788,0.0,3.176510124282839,-0.3785776199712745,0.0504205115490204,0.207120688742423,815282000.0,1027054000.0,271474000.0,2418224000.0,197836500.0,48198000.0,11068500.0,63.98104495310648,0.0,0.0,1.4066666161198769,0.0,0.0,0.0492172150859776,0.0686916011540803,1998-10-23,0.16,bmo,591366250.0,2025-04-25,1998-09-30,-0.0625,12.28515625,1786026.46875
1998-06-30,BEN,USD,38777,1998-08-14,1998-08-14 00:00:00,1998,Q3,688031000.0,0.0,688031000.0,1.0,0,152688000.0,33782000.0,186470000.0,-504377000.0,-317907000.0,-317907000.0,0.0,0.0,50588000.0,1056526000.0,1.5355790655,1005938000.0,1.4620533086,-828807000.0,177131000.0,0.2574462488,46118000.0,131013000.0,0.1904172922,0.17,0.17,758580000,759285000,https://www.sec.gov/Archives/edgar/data/38777/000003877798000525/0000038777-98-000525-index.htm,https://www.sec.gov/Archives/edgar/data/38777/0000038777-98-000525.txt,0.906998602652324,0.1727082179862374,0.31843180679691,0.2598447098526193,0.2776055261145825,2.944713807376941,1.280636188668301,2.944713807376941,0.8963589865274592,13654440000.0,14334400000.0,26.05550594215841,19.845675558223395,56.52701650962924,69.27214338983222,6.112648351397461,6.112648351397461,20.833944982130166,13.567484378046542,59.34193313351769,72.7217382922486,0.0095949009992354,0.0144358172140344,0.304395960069854,0.1901763122028495,0.6435809435830259,2.505831021437579,0.0,1.8437559631486955,0.0009262921071827,0.096540038011495,0.2219202332453043,0.0,0.3530595994483443,0.183986322012287,0.0645944732141429,0.8785285047837432,0.0,3.3827453596760204,0.2553562520037618,0.0566399908693289,-1.4909857892377865,1194124000.0,971465000.0,645506000.0,2782419000.0,0.0,0.0,0.0,0.0,0.0,0.0,0.0,0.0,0.0,0.0586502557747982,0.0585870969442906,1998-07-23,0.18,bmo,712164705.0,2025-04-25,1998-06-30,-0.0555555555555554,13.20859375,2076991.828125
1998-03-31,BEN,USD,38777,1998-05-15,1998-05-15 00:00:00,1998,Q2,685287000.0,0.0,685287000.0,1.0,0,132744000.0,31243000.0,163987000.0,-510267000.0,-346280000.0,-346280000.0,0.0,0.0,46442000.0,1078009000.0,1.5730766817,1031567000.0,1.5053065358,-860373000.0,171194000.0,0.2498135818,44525000.0,126669000.0,0.1848408039,0.17,0.17,758580000,759174000,https://www.sec.gov/Archives/edgar/data/38777/000003877798000461/0000038777-98-000461-index.htm,https://www.sec.gov/Archives/edgar/data/38777/0000038777-98-000461.txt,0.9033813177252236,0.166981729020011,0.1477668802235756,0.1183764401908829,0.2863402673416119,2.795968783780221,1.20417358749242,2.795968783780221,0.8312359935669277,13525481399.999998,14156040399.999998,26.6945373374701,19.736958967556657,120.66303337407332,150.6211875542885,6.377038292928788,6.377038292928788,20.657097537236226,13.131653260779824,126.2883534208202,157.6431590904029,0.0093652119472804,0.0066391721924219,0.2972980236363996,0.1884127301901281,0.5849292538373984,2.548281767955801,0.0,0.8849284355288192,0.0009340887489594,0.0997402679424326,0.1937057028660984,0.0,0.3608054525516256,0.1988973441695734,0.0325338142997021,0.4800611515438611,0.0,3.241096001437781,0.277389889641825,0.0592136448162992,-1.3294734899417333,1120956000.0,913462000.0,619232000.0,2622690000.0,0.0,0.0,0.0,0.0,0.0,0.0,0.0,0.0,0.0,0.0597223152092018,0.0293904400326926,1998-04-21,0.18,bmo,713329411.0,2025-04-25,1998-03-31,-0.0555555555555554,17.483809523809523,2181802.26984127
1997-12-31,BEN,USD,38777,1998-02-13,1998-02-13 00:00:00,1998,Q1,647374000.0,0.0,647374000.0,1.0,0,133291000.0,27362000.0,160653000.0,-464957000.0,-304304000.0,-304304000.0,0.0,0.0,42448000.0,994126000.0,1.5356285547,951678000.0,1.4700590385,-775413000.0,176265000.0,0.2722769218,45750000.0,130515000.0,0.2016067992,0.17,0.17,758076000,759555000,https://www.sec.gov/Archives/edgar/data/38777/000003877798000330/0000038777-98-000330-index.htm,https://www.sec.gov/Archives/edgar/data/38777/0000038777-98-000330.txt,0.8539697866704657,0.1721661152707644,0.1719167998986909,0.1144806061661363,0.3409710899698711,2.6169566112104854,1.01229164358191,2.6169566112104854,0.7817131791535413,10984521240.0,11577119240.0,21.040725663716813,16.967813412339698,84.28495649371575,126.57165685314284,5.536966084163537,5.536966084163537,17.883200808188157,11.645525054168184,88.83200006138453,133.40000276545487,0.011881719480384,0.0079006629514241,0.298710790925936,0.1870841420556215,0.5960994883948313,2.4750087719298244,0.0,0.9985518905872888,0.0010328169750983,0.086924874535494,0.2058948922879201,0.0,0.3840377478099779,0.334092966867701,0.0672578756638357,1.0257491519035056,0.0,3.1839288945649686,0.2734868990450277,0.0668933775479347,-1.2204765749080566,1008906000.0,767394000.0,509210000.0,2483548000.0,265025000.0,85939500.0,10019500.0,0.0,0.0,0.0,0.0,0.0,0.0,0.0657886777844315,0.0574361937325545,1998-01-20,0.17,bmo,647374000.0,2025-04-25,1997-12-31,0.0,16.088688524590165,1377686.245901639
1997-09-30,BEN,USD,38777,1997-12-22,1997-12-22 00:00:00,1997,Q4,623475000.0,0.0,623475000.0,1.0,0,-456348000.0,0.0,-456348000.0,716835000.0,260487000.0,-255513000.0,0.0,0.0,170008000.0,1048996000.0,1.6824988973,878988000.0,1.4098207627,-702875000.0,176113000.0,0.2824700269,50850000.0,125263000.0,0.2009110229,0.17,0.16,758076000,759555000,https://www.sec.gov/Archives/edgar/data/38777/000003877797000384/0000038777-97-000384-index.htm,https://www.sec.gov/Archives/edgar/data/38777/0000038777-97-000384.txt,0.8224439238282177,0.1652380500108168,0.1571465130145262,0.1222252122478485,0.8662020694495011,2.445956605933969,0.8313177042935009,2.445956605933969,0.8068003735773194,11765339520.0,11934214520.0,23.481274438581227,18.870587465415618,98.76133871685316,126.97871179416336,6.345165716492264,6.345165716492264,19.141448366013076,11.376796975393615,100.17891965852144,128.8013136763944,0.0106467815728619,0.0078753358407118,0.3298506488708735,0.1976014474024295,0.1609872678256161,1.7051249182988122,0.0,0.9510310307113832,0.0009678428727571,0.0909047364345417,-0.7319427402862986,0.0,0.3954571594727319,0.2222212895264797,0.0424604033842575,0.1557162015905134,0.0,3.015578675718993,0.2497109581665443,0.0669432834129889,-0.2331890206259003,500571000.0,630202000.0,-30504000.0,1941675000.0,374975000.0,85939500.0,10019500.0,76.51389390111873,0.0,0.0,1.1762569568908594,0.0,0.0,0.0675555934271049,0.0349213007666777,1997-10-23,0.16,bmo,584507812.0,2025-04-25,1997-09-30,0.0625,15.485,1438512.140625
1997-06-30,BEN,USD,38777,1997-08-14,1997-08-14 00:00:00,1997,Q3,577900000.0,202300000.0,375600000.0,0.6499394359,0,204100000.0,0.0,204100000.0,16300000.0,220400000.0,422700000.0,0.0,0.0,-16300000.0,162700000.0,0.281536598,155200000.0,0.2685585741,3100000.0,158300000.0,0.273922824,47100000.0,111200000.0,0.1924208341,0.15,0.15,758181818,758181818,https://www.sec.gov/Archives/edgar/data/38777/000003877797000319/0000038777-97-000319-index.htm,https://www.sec.gov/Archives/edgar/data/38777/0000038777-97-000319.txt,0.7622182256024504,0.1466666667018385,0.1325539568663199,0.0829616307153385,0.4397362111366273,2.2986570748917643,0.6723980816960188,2.2986570748917643,0.7532494006602517,9166418179.62,9404118179.62,20.60795454051259,15.861599203356985,91.20814109074624,145.73001875389508,5.259592712657792,5.259592712657792,16.272916040179965,57.80035758832207,93.57331522009952,149.50903306232115,0.0121312379405987,0.006862004194817,0.3276910718384209,0.1981747518911791,1.4609711124769516,2.704661325564458,0.0,0.9037769784172662,0.0011018480503601,0.0908273381294964,0.3531752898425333,0.0,0.4278575890068707,0.3741293532338308,0.0650631597162138,-2.3067484662576687,0.0,2.754191051645093,0.0410352162762169,0.0674429888403687,-0.8450149882122339,468100000.0,509800000.0,-396300000.0,1900200000.0,214500000.0,0.0,0.0,34.24640941339332,0.0,0.0,2.628012733060482,0.0,0.0,0.0638053706678907,0.0495923261509813,1997-07-24,0.14,bmo,534333333.0,2025-04-25,1997-06-30,0.0714285714285712,13.49015625,1126500.125
1997-03-31,BEN,USD,38777,1997-05-14,1997-05-14 00:00:00,1997,Q2,521900000.0,177000000.0,344900000.0,0.6608545698,0,184600000.0,0.0,184600000.0,16200000.0,200800000.0,377800000.0,0.0,0.0,-16200000.0,154200000.0,0.2954589002,144100000.0,0.2761065338,200000.0,144300000.0,0.276489749,42900000.0,101400000.0,0.1942900939,0.13,0.13,760500000,760500000,https://www.sec.gov/Archives/edgar/data/38777/000003877797000276/0000038777-97-000276-index.htm,https://www.sec.gov/Archives/edgar/data/38777/0000038777-97-000276.txt,0.6862590401051939,0.1333333333333333,0.083629191321499,0.0719263642340565,0.3963182117028271,2.163313609467456,0.5303090072320842,2.163313609467456,0.7809335963182117,6464250000.0,6756750000.0,15.9375,12.38599348534202,101.63915094339625,118.1764168190128,3.929157549234135,3.929157549234135,12.946445679248898,43.818093385214006,106.2382075471698,123.5237659963437,0.0156862745098039,0.0084619252040066,0.3609895453440311,0.2128139893216755,1.896887159533074,2.0400909866363377,0.0,0.6272189349112426,0.0015624395714893,0.0996055226824457,0.3537076068212301,0.0,0.4450137958218368,0.139937106918239,0.0170530753017819,-0.5493827160493827,0.0,2.547536227103035,0.0391053755539736,0.065470041322314,-0.9037146614069692,365800000.0,403300000.0,-428000000.0,1776300000.0,184250000.0,0.0,0.0,36.0586319218241,0.0,0.0,2.4959349593495936,0.0,0.0,0.061633843909555,0.0117028270874424,1997-04-23,0.13,bmo,519200000.0,2025-04-25,1997-03-31,0.0,10.38765625,1160615.890625
1996-12-31,BEN,USD,38777,1997-02-14,1997-02-14 00:00:00,1997,Q1,440000000.0,136700000.0,303300000.0,0.6893181818,0,164200000.0,0.0,164200000.0,13600000.0,177800000.0,314500000.0,0.0,0.0,-13600000.0,119500000.0,0.2715909091,125500000.0,0.2852272727,11500000.0,137000000.0,0.3113636364,40800000.0,96200000.0,0.2186363636,0.13,0.13,759473684,759473684,https://www.sec.gov/Archives/edgar/data/38777/000003877797000240/0000038777-97-000240-index.htm,https://www.sec.gov/Archives/edgar/data/38777/0000038777-97-000240.txt,0.579348579509175,0.1266666667017787,0.1913167013697343,0.1781496881990713,0.3692030493053924,2.038516979082056,0.3915869716955196,2.038516979082056,0.8147747750006306,5771999998.4,6110399998.4,14.999999995841996,13.118181814545451,39.72470749070887,42.6607538684405,3.728200489859191,3.728200489859191,13.887272723636364,51.13305437991632,42.05368202615279,45.16186251589061,0.0166666666712866,0.0234407484472462,0.3996899625371399,0.226932668329177,2.8317991631799164,1.8716947115384617,0.0,1.5103950103950103,0.0015246015250241,0.0914760914760914,0.3731818181818181,0.0,0.4587061757371277,0.0688231245698554,0.0227272727272727,-0.7352941176470589,0.0,2.410347151759333,0.0346334515693645,0.0651761517615176,-1.0252494805336796,290100000.0,297400000.0,-555700000.0,1706900000.0,346489500.0,104429500.0,4976000.0,32.60454545454545,0.0,0.0,2.760351317440401,0.0,0.0,0.0621366748482108,0.013167013170663,1997-01-23,0.12,bmo,403938461.0,2025-04-25,1996-12-31,0.0833333333333334,9.351311475409837,1657664.737704918
1996-09-30,BEN,USD,38777,1996-12-27,1996-12-27 00:00:00,1996,Q4,390768000.0,127000000.0,263768000.0,0.6749989764,0,-180882000.0,0.0,-180882000.0,313483000.0,132601000.0,259601000.0,0.0,0.0,70491000.0,201658000.0,0.5160555624,131167000.0,0.3356646399,-11437000.0,119730000.0,0.3063966343,35200000.0,84530000.0,0.2163176104,0.11,0.11,742580645,759473684,https://www.sec.gov/Archives/edgar/data/38777/000003877796000161/0000038777-96-000161-index.htm,https://www.sec.gov/Archives/edgar/data/38777/0000038777-96-000161.txt,0.5262297134070872,0.1138327541515709,0.115924109495205,0.0830401390275934,0.94490747196892,1.8861129891151416,1.0215833190750616,1.8861129891151416,0.5385125544175744,5472819353.65,5370519353.65,16.18602671728972,14.005290488601933,63.576076038823,88.75225988664374,3.9075071549438776,3.9075071549438776,13.743498325477008,26.631818988832578,62.38768808765958,87.09326922758821,0.0154454211874587,0.011267318728303,0.28551447210499,0.1684333915853434,-0.5072945283598964,2.2655666268486816,0.0,1.0183721755589732,0.001617082426464,0.1046965574352301,-0.4628884657904434,0.0,0.2704034720388246,0.2836680877757513,0.0624897637472873,0.3464130172646153,0.0,2.197904073047922,0.0508002181253571,0.0487996656244371,0.1794475130711224,698184000.0,758608000.0,276285000.0,1501780000.0,345939500.0,169229500.0,4976000.0,122.89161343815256,148.01031496062993,7.052598425196851,0.7323526600559617,0.6080657285537133,12.761254019292604,0.0603530938011168,0.0328839704676116,1996-10-24,0.11,bmo,,2025-04-25,1996-09-30,0.0,7.73625,1550408.859375
1996-06-30,BEN,USD,38777,1996-08-14,1996-08-14 00:00:00,1996,Q3,395400000.0,143000000.0,252400000.0,0.6383409206,0,139500000.0,0.0,139500000.0,5700000.0,145200000.0,288200000.0,0.0,0.0,-10200000.0,96300000.0,0.2435508346,107200000.0,0.2711178553,13900000.0,121100000.0,0.3062721295,40000000.0,81100000.0,0.2051087506,0.11,0.11,737272727,737272727,https://www.sec.gov/Archives/edgar/data/38777/000003877796000126/0000038777-96-000126-index.htm,https://www.sec.gov/Archives/edgar/data/38777/0000038777-96-000126.txt,0.5363008633303209,0.1100000000406905,0.1633045623292125,0.136177558620041,0.5198890260862722,1.79824907588098,0.9215043160005564,1.79824907588098,0.5154130704742589,5006081816.33,5002781816.33,15.431818176109742,12.660803784344967,41.57875262732559,49.86137267260956,3.7758951699577614,3.7758951699577614,12.652457805589275,51.94996694008307,41.55134398945183,49.82850414671314,0.0162002945568027,0.0200556050986805,0.286619399607784,0.1683352529458669,-0.0342679127725856,5.355395683453238,0.0,1.4864197530864198,0.0017578618014779,0.1085080147965474,0.3528072837632777,0.0,0.2863471250110747,0.1661129568106312,0.0505816894284269,-1.96078431372549,0.0,2.1096602722836177,0.0338829747514563,0.0503414028553693,-0.5826541309183677,605400000.0,679400000.0,-187200000.0,1394500000.0,161400000.0,125450000.0,0.0,36.03186646433991,81.56643356643356,0.0,2.497789008212256,1.103395061728395,0.0,0.0611706139689244,0.0271270037091715,1996-07-25,0.11,bmo,,2025-04-25,1996-06-30,0.0,6.64234375,890579.59375
1996-03-31,BEN,USD,38777,1996-05-14,1996-05-14 00:00:00,1996,Q2,244600000.0,5200000.0,239400000.0,0.9787408013,0,138400000.0,0.0,138400000.0,9700000.0,148100000.0,153300000.0,0.0,0.0,-9700000.0,91000000.0,0.3720359771,91300000.0,0.3732624693,17000000.0,108300000.0,0.4427636958,33100000.0,75200000.0,0.3074407195,0.1,0.1,727741935,727741935,https://www.sec.gov/Archives/edgar/data/38777/000003877796000115/0000038777-96-000115-index.htm,https://www.sec.gov/Archives/edgar/data/38777/0000038777-96-000115.txt,0.336108156251845,0.103333333402039,0.0497429078344921,0.0349024822927099,0.4639007095283027,1.7297340437032809,0.835323582115685,1.7297340437032809,0.6204122344550613,4803096771.0,4916996771.0,15.96774192486702,19.636536267375305,132.68223124309392,189.09829807086612,3.8156154837940894,3.8156154837940894,20.102194484873262,54.03293154945055,135.82864008287294,193.5825500393701,0.0156565656669756,0.0052882548928348,0.3586749285033365,0.1996462524872872,1.2516483516483516,4.487531172069826,0.0,0.4813829787234042,0.0018529712026074,0.1183510638297872,0.5658217497955846,0.0,0.2878178200309529,0.2983425414364641,0.044153720359771,-1.11340206185567,0.0,2.005400621891817,0.0297437142438035,0.0466906742828759,-0.7443916228353668,559400000.0,607900000.0,-282900000.0,1340000000.0,145250000.0,119450000.0,0.0,60.52739165985282,2099.4230769230767,0.0,1.4869300911854104,0.042868920032976,0.0,0.059739434381951,0.0148404255417821,1996-04-25,0.1,bmo,,2025-04-25,1996-03-31,0.0,6.393015873015873,665000.8253968254
1995-12-31,BEN,USD,38777,1996-02-13,1996-02-13 00:00:00,1996,Q1,226600000.0,5300000.0,221300000.0,0.9766107679,0,122600000.0,0.0,122600000.0,10100000.0,132700000.0,138000000.0,0.0,0.0,-10100000.0,88000000.0,0.3883495146,88600000.0,0.3909973522,18600000.0,107200000.0,0.4730803177,33200000.0,74000000.0,0.3265666372,0.1,0.1,740000000,740000000,https://www.sec.gov/Archives/edgar/data/38777/000003877796000104/0000038777-96-000104-index.htm,https://www.sec.gov/Archives/edgar/data/38777/0000038777-96-000104.txt,0.3062162162162162,0.1,0.1579729729729729,0.1455405405405405,0.4367567567567567,1.605,0.7191891891891892,1.605,0.6191891891891892,4143999999.999999,4278999999.999999,13.999999999999998,18.287731685789936,35.449101796407184,38.477251624883934,3.4890965732087227,3.4890965732087227,18.883495145631063,48.62499999999999,36.60393498716852,39.73073351903435,0.0178571428571428,0.0259893822393822,0.3857876568156942,0.2063034669067987,1.5340909090909092,3.247529644268775,0.0,1.5797297297297297,0.0019546332046332,0.1094594594594594,0.5410414827890556,0.0,0.295137325529041,0.078699743370402,0.0406001765225066,-0.9108910891089108,0.0,1.900328918897989,0.0292005002440649,0.0472692430533375,-0.8318918918918919,454900000.0,532200000.0,-376000000.0,1233900000.0,362696000.0,117650000.0,3583500.0,50.0441306266549,1996.981132075472,0.0,1.7984126984126985,0.0450680272108843,0.0,0.0623052959501557,0.0124324324324324,1996-01-25,0.1,bmo,,2025-04-25,1995-12-31,0.0,6.007619047619048,1063073.0
1995-09-30,BEN,USD,38777,1995-12-29,1995-12-29 00:00:00,1995,Q4,196403000.0,5900000.0,190503000.0,0.9699597257,0,119057000.0,0.0,119057000.0,-12195000.0,106862000.0,112762000.0,0.0,0.0,71440000.0,155081000.0,0.7896060651,83641000.0,0.425864167,16814000.0,100455000.0,0.5114738573,26910000.0,73545000.0,0.3744596569,0.099,0.099,740000000,740000000,https://www.sec.gov/Archives/edgar/data/38777/000003877795000111/0000038777-95-000111-index.htm,https://www.sec.gov/Archives/edgar/data/38777/0000038777-95-000111.txt,0.2654094594594595,0.0993851351351351,0.1219648648648648,0.1033162162162162,0.6673405405405406,1.5689770270270271,0.6765945945945946,1.5689770270270271,0.6345554054054054,4736000000.0,4943872000.0,16.098987014752872,24.11368461785207,52.47412857047888,61.94574515394878,4.079090955287616,4.079090955287616,25.17207985621401,31.879288887742536,54.777317348815565,64.66466110340859,0.0155289273648648,0.0161431587837837,0.4044389398153212,0.2091927538924239,1.3404092055119583,1.612225791139701,0.0,1.2271942348222178,0.0017077702702702,0.1099734856210483,0.6061872781983982,0.0,0.2941901321390434,0.1529018104460744,0.0702636925097885,0.1931690929451287,0.0,1.8730969974183351,0.0372229581838134,0.0464206049543084,-0.1847006756756756,420473000.0,500680000.0,23629000.0,1199464000.0,598246000.0,104550000.0,3583500.0,274.6662729184381,1795.4237288135591,109.32711864406778,0.3276703726442795,0.0501274426508071,0.82321752476629,0.0633439071593386,0.0186486486486486,1995-10-26,0.1,bmo,,2025-04-25,1995-09-30,0.0,5.836825396825398,861458.6666666666
1995-06-30,BEN,USD,38777,1995-08-14,1995-08-14 00:00:00,1995,Q3,224500000.0,6000000.0,218500000.0,0.9732739421,0,117200000.0,0.0,117200000.0,10600000.0,127800000.0,133800000.0,0.0,0.0,-10400000.0,92200000.0,0.4106904232,90700000.0,0.4040089087,10300000.0,101000000.0,0.4498886414,32000000.0,69000000.0,0.3073496659,0.0933,0.0933,739285714,739285714,https://www.sec.gov/Archives/edgar/data/38777/000003877795000105/0000038777-95-000105-index.htm,https://www.sec.gov/Archives/edgar/data/38777/0000038777-95-000105.txt,0.303671497701902,0.0933333333694041,0.1000966183961726,0.0844057971340698,0.303671497701902,1.4720966189264142,0.5727149760667497,1.4720966189264142,0.6483285026660207,3652071427.16,3906871427.16,13.232142852028986,16.267578740133633,49.35231658324325,58.526785691666674,3.355757996104016,3.355757996104016,17.40254533256125,42.373876650325386,52.79555982648649,62.610119025,0.0188933873217417,0.017086193751836,0.4404116511991179,0.2560636820173095,2.76355748373102,2.71958495460441,0.0,1.0709117221418234,0.0022179193812479,0.117391304347826,0.5220489977728285,0.0,0.3552195747408911,0.1567567567567567,0.0516703786191536,-1.1153846153846154,0.0,1.7582385790728787,0.0391405257637759,0.0571712652249565,-0.1503816425701958,662900000.0,423400000.0,264900000.0,1437400000.0,357900000.0,88600000.0,0.0,239.37193763919825,1371.0,0.0,0.3759839222910735,0.0656455142231947,0.0,0.063401635578425,0.0156908212621027,1995-07-27,0.09,bmo,,2025-04-25,1995-06-30,0.0,5.612380952380952,1095302.5555555555
1995-03-31,BEN,USD,38777,1995-05-15,1995-05-15 00:00:00,1995,Q2,209300000.0,6200000.0,203100000.0,0.9703774486,0,107400000.0,0.0,107400000.0,10800000.0,118200000.0,124400000.0,0.0,0.0,-10800000.0,90400000.0,0.4319159102,84900000.0,0.4056378404,7700000.0,92600000.0,0.4424271381,29600000.0,63000000.0,0.3010033445,0.0867,0.0867,726923077,726923077,https://www.sec.gov/Archives/edgar/data/38777/000003877795000098/0000038777-95-000098-index.htm,https://www.sec.gov/Archives/edgar/data/38777/0000038777-95-000098.txt,0.2879259258954575,0.0866666666574955,0.0475978835928467,0.0364550264511687,0.2754074073782637,1.4262857141347849,0.5052804232269544,1.4262857141347849,0.6771005290288783,3140307692.6400003,3432307692.6400003,12.461538462857144,15.003859018824656,90.76033793757226,118.50217708075472,3.0288461541666667,3.0288461541666667,16.398985631342573,37.96800544955752,99.19964429595376,129.52104500528304,0.0200617283929387,0.0084386635303631,0.4747299382716049,0.2682727421376792,3.230088495575221,2.5945017182130585,0.0,0.5492063492063493,0.000254752106577,0.0126984126984126,0.5131390348781654,0.0,0.3649097945168147,0.2341040462427745,0.0387004300047778,-0.75,0.0,1.667710149357051,0.0331809162987549,0.0540679711637487,-0.6997645501905011,324800000.0,367300000.0,-269400000.0,1096600000.0,107400000.0,93350000.0,0.0,51.04156712852365,1245.483870967742,0.0,1.7632687447346251,0.0722610722610722,0.0,0.0607638888888888,0.011142857141678,1995-04-27,0.09,bmo,,2025-04-25,1995-03-31,-0.111111111111111,4.692539682539683,999344.984126984
1994-12-31,BEN,USD,38777,1995-02-14,1995-02-14 00:00:00,1995,Q1,215600000.0,4700000.0,210900000.0,0.9782003711,0,115700000.0,0.0,115700000.0,9300000.0,125000000.0,129700000.0,0.0,0.0,-9300000.0,91000000.0,0.4220779221,85900000.0,0.3984230056,6500000.0,92400000.0,0.4285714286,29100000.0,63300000.0,0.2935992579,0.0867,0.0867,730384615,730384615,https://www.sec.gov/Archives/edgar/data/38777/000003877795000091/0000038777-95-000091-index.htm,https://www.sec.gov/Archives/edgar/data/38777/0000038777-95-000091.txt,0.2951869406504407,0.0866666667123047,0.1336282254521475,0.1243180622034323,0.2709531333706967,1.3536703535301056,0.4307319644185002,1.3536703535301056,0.6396629808529031,2892323075.4,3161623075.4,11.423076917061612,13.41522762244898,29.6344577397541,31.853778363436124,2.925379867907353,2.925379867907353,14.664299978664191,34.74311071868132,32.39367905122951,34.81963739427313,0.0218855218970466,0.0313934500513718,0.4725396985941135,0.2628114980030376,2.9593406593406595,2.426652892561984,0.0,1.5418641390205372,0.0050824197770392,0.2322274881516587,0.5366419294990723,0.0,0.3791978399054959,0.0696721311475409,0.0315398886827458,-0.7311827956989247,0.0,1.624702185255418,0.0352652231809659,0.0573577383109822,-0.7106187470830009,276200000.0,314600000.0,-319200000.0,1047900000.0,306442500.0,225977000.0,4115000.0,40.11595547309833,1932.127659574468,0.0,2.2434963579604577,0.0465807730426164,0.0,0.0640234651562658,0.0093101632487152,1995-01-24,0.09,bmo,,2025-04-25,1994-12-31,-0.111111111111111,4.075396825396825,1727090.6825396826
1994-09-30,BEN,USD,38777,1994-12-29,1994-12-29 00:00:00,1994,Q4,209871000.0,5000000.0,204871000.0,0.9761758414,0,113921000.0,0.0,113921000.0,467000.0,114388000.0,119388000.0,0.0,0.0,63893000.0,154376000.0,0.7355756631,90483000.0,0.4311362694,-3162000.0,87321000.0,0.4160698715,23613000.0,63708000.0,0.3035578999,0.087,0.087,730384615,730384615,https://www.sec.gov/Archives/edgar/data/38777/000003877794000129/0000038777-94-000129-index.htm,https://www.sec.gov/Archives/edgar/data/38777/0000038777-94-000129.txt,0.2873431281133982,0.0872252765072276,0.1121422854724288,0.102558293892869,0.533983043988406,1.2744175888754177,0.3452249606873223,1.2744175888754177,0.6409636654244147,3031096152.2500005,3288870152.2500005,11.894487945980098,14.44266312282307,37.00655807501191,40.4647917050476,3.2563894568200986,3.2563894568200986,15.6709128571837,21.30428403540706,40.15371277485441,43.90604552645281,0.0210181389174042,0.0247128419018961,0.5029463427211637,0.2693636596403306,1.6697802767269525,2.246376528594791,0.0,1.2856627111194827,0.002149387440304,0.1022634519997488,0.5428143955096226,0.0,0.3904912873241138,0.0854627809588924,0.0333538221097721,0.1095581675613917,0.0,1.5814967903682209,0.0467270803859017,0.0601406377883107,-0.034849104810347,510628000.0,252147000.0,113148000.0,1283514000.0,314992500.0,225327000.0,4115000.0,221.6154209014109,6318.972,148.14,0.4061089234401153,0.0142428230414694,0.6075334143377886,0.0684432459726153,0.0095839915795597,1994-10-27,0.08,bmo,,2025-04-25,1994-09-30,0.0,4.1807936507936505,1442546.761904762
1994-06-30,BEN,USD,38777,1994-08-12,1994-08-12 00:00:00,1994,Q3,204900000.0,4100000.0,200800000.0,0.9799902391,0,112300000.0,0.0,112300000.0,8700000.0,121000000.0,125100000.0,0.0,0.0,-9700000.0,82700000.0,0.4036115178,79800000.0,0.3894582723,4200000.0,84000000.0,0.4099560761,24000000.0,60000000.0,0.2928257687,0.08,0.08,750000000,750000000,https://www.sec.gov/Archives/edgar/data/38777/000003877794000109/0000038777-94-000109-index.htm,https://www.sec.gov/Archives/edgar/data/38777/0000038777-94-000109.txt,0.2732,0.08,0.1008,0.0794666666666666,0.2914666666666666,1.1596,0.2486666666666666,1.1596,0.606,3090000000.0,3325900000.0,12.875,15.080527086383604,40.87301587301587,51.84563758389262,3.552949292859607,3.552949292859607,16.231820400195218,40.21644498186215,43.99338624338624,55.803691275167786,0.0194174757281553,0.0192880258899676,0.5225939979303208,0.2751710359024036,2.852478839177751,1.8500778816199377,0.0,1.26,0.002157495145631,0.111111,0.5480722303562714,0.0,0.4136344372464733,0.2116402116402116,0.0780868716447047,-1.649484536082474,0.0,1.444742191534531,0.0368788819875776,0.0619514713474445,-0.638,218300000.0,186500000.0,-306900000.0,991400000.0,115300000.0,104000000.0,0.0,49.72181551976574,2186.3414634146343,0.0,1.810070671378092,0.0411646586345381,0.0,0.0689893066574681,0.0213333333333333,1994-07-28,0.08,bmo,,2025-04-25,1994-06-30,0.0,4.13140625,1288480.15625
1994-03-31,BEN,USD,38777,1994-05-16,1994-05-16 00:00:00,1994,Q2,213600000.0,4200000.0,209400000.0,0.9803370787,0,103300000.0,0.0,103300000.0,8800000.0,112100000.0,116300000.0,0.0,0.0,-7800000.0,100900000.0,0.4723782772,97300000.0,0.4555243446,4800000.0,102100000.0,0.4779962547,33500000.0,68600000.0,0.3211610487,0.0933,0.0933,735000000,735000000,https://www.sec.gov/Archives/edgar/data/38777/000003877794000099/0000038777-94-000099-index.htm,https://www.sec.gov/Archives/edgar/data/38777/0000038777-94-000099.txt,0.2906122448979591,0.0933333333333333,0.0527891156462585,0.0412244897959183,0.3530612244897959,1.1238095238095238,0.1853061224489796,1.1238095238095238,0.648843537414966,3314850000.0,3532250000.0,12.080357142857142,15.518960674157304,85.43427835051546,109.4009900990099,4.013135593220339,4.013135593220339,16.53675093632959,35.00743310208127,91.03737113402062,116.57590759075909,0.0206947524020694,0.0091406850988732,0.577360774818402,0.289223118442598,2.1546085232903867,2.7239488117001827,0.0,0.565597667638484,0.0019709268292682,0.095238,0.4836142322097378,0.0,0.4183394990599793,0.2190721649484536,0.0397940074906367,-1.0897435897435896,0.0,1.5362291495737217,0.0426200707625042,0.0715253883849442,-0.646734693877551,282900000.0,136200000.0,-375900000.0,973100000.0,96050000.0,113100000.0,0.0,49.466292134831455,2322.857142857143,0.0,1.819420783645656,0.0387453874538745,0.0,0.0830508474576271,0.0115646258503401,1994-04-28,0.08,bmo,,2025-04-25,1994-03-31,0.1249999999999999,4.168870967741936,1909079.7903225808
1993-12-31,BEN,USD,38777,1994-02-14,1994-02-14 00:00:00,1994,Q1,198500000.0,5200000.0,193300000.0,0.9738035264,0,100200000.0,0.0,100200000.0,9700000.0,109900000.0,115100000.0,0.0,0.0,-9700000.0,87400000.0,0.440302267,83400000.0,0.4201511335,5700000.0,89100000.0,0.4488664987,30100000.0,59000000.0,0.2972292191,0.08,0.08,737500000,737500000,https://www.sec.gov/Archives/edgar/data/38777/000003877794000089/0000038777-94-000089-index.htm,https://www.sec.gov/Archives/edgar/data/38777/0000038777-94-000089.txt,0.2691525423728813,0.08,0.1064406779661017,0.096,0.479593220338983,1.0504406779661015,0.1090169491525423,1.0504406779661015,0.9505084745762712,3761249999.999999,4108549999.999999,15.937499999999998,18.94836272040302,47.9140127388535,53.12499999999999,4.855105202013682,4.855105202013682,20.69798488664987,47.00858123569793,52.33821656050955,58.03036723163841,0.0156862745098039,0.0188235294117647,0.9048663998967342,0.4307219662058372,3.973684210526316,2.980538065254722,0.0,1.3305084745762712,0.0015154536390827,0.0966101694915254,0.5047858942065491,0.0,0.426605222734255,0.0980891719745223,0.0387909319899244,-0.7938144329896907,0.0,1.375061169671729,0.0367386836253254,0.0632233176168024,-0.6007796610169491,346000000.0,80400000.0,-332100000.0,1111800000.0,161500500.0,101880500.0,0.0,33.869017632241814,2038.8461538461536,0.0,2.6572958500669346,0.0441426146010186,0.0,0.0761585129727636,0.0104406779661016,1994-01-28,0.07,bmo,,2025-04-25,1993-12-31,0.1428571428571427,5.03952380952381,1443361.0793650793
1993-09-30,BEN,USD,38777,1994-01-06,1994-01-06 00:00:00,1993,Q4,173100000.0,-8700000.0,181800000.0,1.0502599653,0,0.0,0.0,77800000.0,8300000.0,86100000.0,77400000.0,0.0,0.0,-8300000.0,104000000.0,0.6008087811,95700000.0,0.5528596187,-10700000.0,85000000.0,0.4910456384,31300000.0,53700000.0,0.3102253033,0.073,0.073,737500000,737500000,https://www.sec.gov/Archives/edgar/data/38777/000003877794000002/0000038777-94-000002-index.htm,https://www.sec.gov/Archives/edgar/data/38777/0000038777-94-000002.txt,0.2347118644067796,0.0728135593220339,0.0980338983050847,0.9254237288135592,0.4108474576271186,0.976813559322034,0.031728813559322,0.976813559322034,0.9510508474576272,4034125000.0,4432525000.0,18.7808426443203,23.30517042172155,55.797026279391424,5.910805860805861,5.599840366463075,5.599840366463075,25.60673021374928,42.620432692307695,61.30739972337483,6.494542124542124,0.0133114368047593,0.1691816688873051,0.9736257634647418,0.443503003477711,3.830769230769231,2.697179350718468,0.0,1.3463687150837989,0.0014129458060917,0.106145251396648,0.0,0.0,0.4407208346506481,8.439834024896266,3.525129982668977,-73.51807228915662,0.0,1.2650370038405576,0.0418320641755629,0.0607122668174109,-0.5042362711864407,318900000.0,23400000.0,-354300000.0,1081900000.0,241600500.0,42980500.0,0.0,129.0993067590988,-889.251724137931,0.0,0.6971377481363346,-0.1012086876606833,0.0,0.0745419211549139,0.8273898305084746,1993-10-29,0.06,bmo,,2025-04-25,1993-09-30,0.1666666666666668,5.11,959654.90625
1993-06-30,BEN,USD,38777,1993-06-30,1993-06-29 20:00:00,1993,Q3,172000000.0,5000000.0,167000000.0,0.9709302326,0,92700000.0,0.0,92700000.0,5000000.0,97700000.0,102700000.0,0.0,0.0,-5000000.0,74300000.0,0.4319767442,69300000.0,0.4029069767,900000.0,70200000.0,0.4081395349,25400000.0,44800000.0,0.2604651163,0.06,0.06,746666667,746666667,,,0.2303571427543048,0.0599999999732142,0.0715178571109295,0.0751339285378866,0.6136607140117586,0.8787053567505779,-0.0531696428334064,0.8787053567505779,0.6749999996986608,3255466668.1200004,3741666668.12,18.16666667477679,18.92713179139535,60.96379528314607,58.0297088791444,4.9618452493827165,4.9618452493827165,21.75387597744186,50.35890535827726,70.06866419700376,66.69637554581105,0.0137614678837647,0.0172325524169464,0.7681755829903978,0.3449455889398398,6.543741588156124,2.3987455197132617,0.0,1.1919642857142858,0.0017816186099516,0.1294642857142857,0.538953488372093,0.0,0.4762165491752789,0.0505617977528089,0.0156976744186046,-0.54,0.0,1.0891520697697377,0.0327718718233723,0.0585391349797465,-0.2285156248979841,156100000.0,-39700000.0,-537300000.0,909200000.0,226050000.0,0.0,0.0,122.91279069767442,0.0,0.0,0.7322264793529162,0.0,0.0,0.0682822740435909,0.0036160714269571,1993-07-28,0.06,bmo,,2025-04-25,1993-06-30,0.0,4.83328125,1135310.125
1993-03-31,BEN,USD,38777,1993-03-31,1993-03-30 19:00:00,1993,Q2,158900000.0,6500000.0,152400000.0,0.9590937697,0,86300000.0,0.0,86300000.0,6500000.0,92800000.0,99300000.0,0.0,0.0,-6500000.0,66100000.0,0.4159848962,59600000.0,0.3750786658,3300000.0,62900000.0,0.3958464443,20700000.0,42200000.0,0.2655758339,0.0567,0.0567,744705882,744705882,,,0.213372827905232,0.0566666666935229,0.0562638230914362,0.0562638230914362,0.5728436021672244,0.8242180098692976,-0.1149447077953924,0.8242180098692976,0.6962480256064366,3172447057.32,3669747057.32,18.794117638151658,19.96505385349276,75.71472690501193,75.71472690501193,5.168535446920821,5.168535446920821,23.094695137319068,55.51810979304084,87.58346198854414,87.58346198854414,0.0133020344350992,0.0132074702092573,0.8447376995764092,0.3676262053318208,7.523449319213313,2.7505494505494505,0.0,0.9928909952606636,0.0017967202909968,0.1350710900473933,0.5431088735053493,0.0,0.4958876914350539,0.0,0.0,0.0,0.0,1.0251233891982958,0.0303062070175464,0.0593530239099859,-0.278096366640488,159300000.0,-85600000.0,-546300000.0,913900000.0,213150000.0,0.0,0.0,123.02076777847704,0.0,0.0,0.7315837937384899,0.0,0.0,0.0687520364939719,0.0,1993-04-27,0.05,bmo,,2025-04-25,1993-03-31,0.1999999999999999,4.034603174603174,767058.1904761905
1992-12-31,BEN,USD,38777,1992-12-31,1992-12-30 19:00:00,1993,Q1,136700000.0,4500000.0,132200000.0,0.9670811997,0,72700000.0,0.0,72700000.0,4500000.0,77200000.0,81700000.0,0.0,0.0,-4500000.0,59500000.0,0.4352596928,55000000.0,0.4023408925,1300000.0,56300000.0,0.4118507681,21500000.0,34800000.0,0.2545720556,0.05,0.05,696000000,696000000,,,0.1964080459770115,0.05,0.0456896551724137,0.0456896551724137,0.5813218390804598,0.8261494252873564,-0.1760057471264367,0.8261494252873564,1.7367816091954025,2707440000.0,3897740000.0,19.45,19.805705925384057,85.13962264150943,85.13962264150943,4.708591304347826,4.708591304347826,28.513094367227502,65.50823529411765,122.57044025157232,122.57044025157232,0.0128534704370179,0.0117454126407233,2.1022608695652174,0.8782330717814589,20.005042016806723,0.780980906027705,0.0,0.913793103448276,0.0018836982537009,0.146551724137931,0.5318215069495245,0.0,0.5067567567567568,0.0,0.0,0.0,0.0,0.964063329583838,0.0266869044682717,0.0512593901900132,-0.3447916666666666,-175500000.0,-122500000.0,-175600000.0,575200000.0,104550000.0,0.0,0.0,137.66642282370154,0.0,0.0,0.6537541846006696,0.0,0.0,0.0605217391304347,0.0,1992-12-30,,bmo,,2025-04-25,1992-12-31,,4.128387096774194,840441.6612903225
1992-09-30,BEN,USD,38777,1992-09-30,1992-09-29 20:00:00,1992,Q4,103200000.0,0.0,103200000.0,1.0,0,0.0,0.0,0.0,75700000.0,75700000.0,75700000.0,0.0,0.0,1000000.0,28500000.0,0.2761627907,27500000.0,0.2664728682,26300000.0,53800000.0,0.5213178295,20800000.0,33000000.0,0.3197674419,0.047,0.047,696000000,696000000,,,0.1482758620689655,0.0474137931034482,0.0528735632183908,0.0528735632183908,0.8869252873563218,0.671264367816092,0.671264367816092,0.671264367816092,0.223419540229885,2241120000.0,2396620000.0,16.97818181818182,21.71627906976744,60.900000000000006,60.9,4.796917808219178,4.796917808219178,23.22306201550387,84.0919298245614,65.12554347826087,65.12554347826087,0.0147247804669094,0.0164203612479474,0.332833904109589,0.1863837947980342,5.456140350877193,0.0,0.0,1.1151515151515152,0.0022756478903405,0.1545454545454545,0.0,0.0,0.0,0.0,0.0,0.0,0.0,0.8462338752971053,0.025867243888632,0.0395541172240201,0.3594827586206897,617300000.0,467200000.0,250200000.0,652100000.0,87400000.0,0.0,0.0,0.0,0.0,0.0,0.0,0.0,0.0,0.0706335616438356,0.0,1993-01-28,0.05,bmo,,2025-04-25,1992-09-30,0.0,3.8525,779246.6875
1992-06-30,BEN,USD,38777,1992-06-30,1992-06-29 20:00:00,1992,Q3,96600000.0,0.0,96600000.0,1.0,0,0.0,0.0,0.0,-43100000.0,-43100000.0,-43100000.0,0.0,0.0,1300000.0,141000000.0,1.4596273292,139700000.0,1.4461697723,-88800000.0,50900000.0,0.5269151139,19700000.0,31200000.0,0.3229813665,0.0467,0.0467,668571429,668571429,,,0.1444871793945595,0.0466666666367521,0.0405341880082045,0.0405341880082045,0.0,0.6570726491514491,0.6570726491514491,0.6570726491514491,0.0083760683706991,1838571429.75,1844171429.75,14.732142866586535,19.03283053571429,67.84396419741697,67.84396419741698,4.185229751308901,4.185229751308901,19.09080155020704,13.07922999822695,68.05060626383764,68.05060626383764,0.0169696969588189,0.0147397047302562,0.0127475529251081,0.0087664370695053,0.0397163120567375,0.0,0.0,0.8685897435897436,0.0027738927721146,0.1634615384615384,0.0,0.0,0.0,0.0,0.0,0.0,0.0,0.8306180115834,0.4179181756206727,0.0488415779586725,-0.1023076922421104,174800000.0,439300000.0,-24700000.0,204900000.0,87400000.0,0.0,0.0,162.85714285714286,0.0,0.0,0.5526315789473685,0.0,0.0,0.0710220805827452,0.0,1992-06-29,,bmo,,2025-04-25,1992-06-30,,3.21703125,841290.703125
1992-03-31,BEN,USD,38777,1992-03-31,1992-03-30 19:00:00,1992,Q2,95800000.0,0.0,95800000.0,1.0,0,0.0,0.0,0.0,-40900000.0,-40900000.0,-40900000.0,0.0,0.0,1200000.0,137900000.0,1.4394572025,136700000.0,1.4269311065,-84700000.0,52000000.0,0.5427974948,20900000.0,31100000.0,0.3246346555,0.0467,0.0467,666428571,666428571,,,0.1437513398566461,0.0466666666966773,0.0186066452424051,0.0186066452424051,0.006752411579905,0.6197213294446225,0.6197213294446225,0.6197213294446225,0.0081028938958861,1852671427.38,1858071427.38,14.892857133279742,19.338950181419623,149.40898607903225,149.40898607903225,4.485887233365617,4.485887233365617,19.395317613569937,13.474049509644669,149.84446995,149.84446995,0.0167865707542004,0.0066930378569802,0.0130750605326876,0.008630334025891,0.0391588107324147,0.0,0.0,0.3987138263665595,0.002698805587492,0.1607717041800643,0.0,0.0,0.0,0.0,0.0,0.0,0.0,0.8066643641163994,2.440510907003444,0.0497043311491129,-0.3124115757636087,4500000.0,413000000.0,-208200000.0,33500000.0,0.0,0.0,0.0,0.0,0.0,0.0,0.0,0.0,0.0,0.0753026634382566,0.0,1992-03-30,,bmo,,2025-04-25,1992-03-31,,2.767777777777778,620186.3968253968
1991-12-31,BEN,USD,38777,1991-12-31,1991-12-30 19:00:00,1992,Q1,89300000.0,0.0,89300000.0,1.0,0,27700000.0,0.0,27700000.0,-38500000.0,-10800000.0,-10800000.0,0.0,0.0,800000.0,100900000.0,1.1298992161,100100000.0,1.1209406495,-52000000.0,48100000.0,0.5386338186,19300000.0,28800000.0,0.3225083987,0.0433,0.0433,664615385,664615385,,,0.1343634258481693,0.0433333333082561,-0.0084259259210498,-0.0084259259210498,0.6162962959396433,0.5819907404039405,0.5819907404039405,0.5819907404039405,0.0084259259210498,2086892308.9,2092492308.9,18.115384625868057,23.369454746920493,-372.659340875,-372.659340875,5.395274842037229,5.395274842037229,23.432164713325868,20.738278581764124,-373.659340875,-373.659340875,0.0138004246204637,-0.0026834158984235,0.014477766287487,0.0089356949098452,0.0555004955401387,0.0,0.0,-0.1944444444444444,0.0021563163469474,0.15625,0.3101903695408735,0.0,0.0,0.0,0.0,0.0,0.0,0.7532867790990772,0.1387387387387387,0.0459550023934897,0.2553356480003844,409600000.0,386800000.0,169700000.0,432000000.0,59250000.0,17950000.0,0.0,0.0,0.0,0.0,0.0,0.0,0.0,0.0744570837642192,0.0,1991-12-30,,bmo,,2025-04-25,1991-12-31,,2.929206349206349,905601.8412698412
1991-09-30,BEN,USD,38777,1991-09-30,1991-09-29 20:00:00,1991,Q4,85400000.0,8200000.0,77200000.0,0.9039812646,0,0.0,0.0,26200000.0,1700000.0,27900000.0,36100000.0,0.0,0.0,-1700000.0,51000000.0,0.5971896956,49300000.0,0.5772833724,-3100000.0,46200000.0,0.5409836066,19000000.0,27200000.0,0.318501171,0.041,0.041,664615385,664615385,,,0.1284953702960096,0.0409259259022419,0.0215162036912521,0.0177546296193549,0.6521064811041051,0.5461805552394788,0.5461805552394788,0.5461805552394788,0.0082754629581739,1335876923.85,1337376923.85,12.27828055009191,15.642586930327868,93.4179667027972,113.20990880084744,3.680101718595041,3.680101718595041,15.660151333138172,26.22307693823529,93.5228618076923,113.33702744491524,0.0203611571652945,0.0088331490643557,0.0151515151515151,0.0095057034220532,0.0294117647058823,15.493036211699163,0.0,0.5257352941176471,0.0033685737957288,0.1654411764705882,0.0,0.0,0.0,0.1748251748251748,0.0292740046838407,-1.4705882352941178,0.0,0.7091835171462787,0.0534827864844448,0.0470100241963359,0.4614322913996341,520300000.0,363000000.0,340600000.0,542600000.0,109050000.0,33000000.0,0.0,124.88290398126465,394.0243902439025,0.0,0.7206751054852321,0.2284122562674094,0.0,0.074931129476584,0.0037615740718972,1991-09-29,,bmo,,2025-04-25,1991-09-30,,2.4740625,935833.328125
1991-06-30,BEN,USD,38777,1991-06-30,1991-06-29 20:00:00,1991,Q3,81200000.0,12000000.0,69200000.0,0.8522167488,0,25300000.0,0.0,25300000.0,1000000.0,26300000.0,38300000.0,0.0,0.0,-900000.0,43900000.0,0.5406403941,42900000.0,0.5283251232,-2700000.0,40200000.0,0.4950738916,15900000.0,24300000.0,0.2992610837,0.0367,0.0367,662727273,662727273,,,0.122524005436547,0.0366666666515775,0.0203703703619875,0.0203703703619875,0.0042249657047085,0.513484224754396,0.513484224754396,0.513484224754396,0.0061865569247517,1318827273.27,1320127273.27,13.568181823765434,16.241715188054187,97.69090913111113,97.69090913111113,3.875484200029386,3.875484200029386,16.257725040270937,30.071236293166287,97.7872054274074,97.7872054274074,0.0184254606289334,0.0102363670160741,0.0120481927710843,0.0075119091242213,0.0296127562642369,17.41860465116279,0.0,0.5555555555555556,0.0034121223386913,0.1851851851851851,0.3115763546798029,0.0,0.0,0.0,0.0,0.0,0.0,0.6508644138743842,0.0502852230991638,0.0445218028581898,-0.1931412893581037,494200000.0,340300000.0,318800000.0,515700000.0,93350000.0,29400000.0,0.0,110.39408866995072,225.75,0.0,0.8152610441767069,0.3986710963455149,0.0,0.0714075815456949,0.0,1991-06-29,,bmo,,2025-04-25,1991-06-30,,2.06609375,671035.71875
1991-03-31,BEN,USD,38777,1991-03-31,1991-03-30 19:00:00,1991,Q2,76800000.0,8100000.0,68700000.0,0.89453125,0,26400000.0,0.0,26400000.0,1100000.0,27500000.0,35600000.0,0.0,0.0,-1100000.0,42300000.0,0.55078125,41200000.0,0.5364583333,-2800000.0,38400000.0,0.5,14700000.0,23700000.0,0.30859375,0.0333,0.0333,711000000,711000000,,,0.1080168776371308,0.0333333333333333,0.0091420534458509,0.0091420534458509,0.0026722925457102,0.4506329113924051,0.4506329113924051,0.4506329113924051,0.0057665260196905,1379340000.0,1381540000.0,14.55,17.96015625,212.20615384615385,212.20615384615385,4.30505617977528,4.30505617977528,17.988802083333333,32.66052009456265,212.54461538461533,212.54461538461533,0.0171821305841924,0.0047123986834283,0.012796504369538,0.0078785549577248,0.0520094562647754,3.177700348432056,0.0,0.2742616033755274,0.003262429857758,0.189873417721519,0.34375,0.0,0.0,0.0,0.0,0.0,0.0,0.5813559009284277,0.0517147142566605,0.0455418908531898,-0.1867440225035161,62500000.0,320400000.0,-108800000.0,84000000.0,86350000.0,37050000.0,0.0,102.0703125,318.8888888888889,0.0,0.8817451205510907,0.2822299651567944,0.0,0.0739700374531835,0.0,1991-03-30,,bmo,,2025-04-25,1991-03-31,,2.04984375,636975.765625
1990-12-31,BEN,USD,38777,1990-12-31,1990-12-30 19:00:00,1991,Q1,73900000.0,8200000.0,65700000.0,0.8890392422,0,23800000.0,0.0,23800000.0,1000000.0,24800000.0,33000000.0,0.0,0.0,-1000000.0,41900000.0,0.5669824087,40900000.0,0.5534506089,-3100000.0,37800000.0,0.5115020298,14800000.0,23000000.0,0.3112313938,0.0333,0.0333,690000000,690000000,,,0.1071014492753623,0.0333333333333333,0.0513043478260869,0.0513043478260869,0.0026086956521739,0.436231884057971,0.436231884057971,0.436231884057971,0.0057971014492753,1159200000.0,1161400000.0,12.6,15.686062246278755,32.74576271186441,32.74576271186441,3.851162790697674,3.851162790697674,15.715832205683355,27.718377088305488,32.80790960451977,32.80790960451977,0.0198412698412698,0.0305383022774327,0.0132890365448504,0.0079192239160562,0.0525059665871121,10.73568281938326,0.0,1.5391304347826087,0.0033643892339544,0.1695652173913043,0.3220568335588633,0.0,0.0,0.0,0.0,0.0,0.0,0.5719911826623538,0.054135835079929,0.0455355375173233,-0.2001449275362319,442000000.0,301000000.0,283300000.0,459500000.0,84300000.0,38700000.0,0.0,104.24898511502028,498.2926829268293,0.0,0.8633177570093458,0.1806167400881057,0.0,0.0764119601328903,0.0,1990-12-30,,bmo,,2025-04-25,1990-12-31,,1.8342622950819671,796250.2786885246
1990-09-30,BEN,USD,38777,1990-09-30,1990-09-29 20:00:00,1990,Q4,73600000.0,8900000.0,64700000.0,0.879076087,0,0.0,0.0,23800000.0,1200000.0,25000000.0,33900000.0,0.0,0.0,-1200000.0,40900000.0,0.5557065217,39700000.0,0.5394021739,-3300000.0,36400000.0,0.4945652174,13600000.0,22800000.0,0.3097826087,0.033,0.033,690000000,690000000,,,0.1066666666666666,0.0330434782608695,0.0369565217391304,0.037391304347826,0.0072463768115942,0.4185507246376811,0.4185507246376811,0.4185507246376811,0.0060869565217391,1069500000.0,1068700000.0,11.726973684210527,14.53125,41.94117647058823,41.45348837209303,3.703254847645429,3.703254847645429,14.52038043478261,26.12958435207824,41.909803921568624,41.42248062015504,0.0213183730715287,0.0241234221598878,0.0145429362880886,0.0087774294670846,-0.0195599022004889,14.409375,0.0,1.118421052631579,0.0079476390836839,0.3728070175438596,0.0,0.0,0.0,0.0117647058823529,0.0040760869565217,-0.25,0.0,0.557838117054867,0.0556932429272854,0.0476489028213166,-0.177463768115942,429100000.0,288800000.0,271400000.0,446400000.0,84750000.0,32250000.0,0.0,101.49456521739133,323.59550561797755,0.0,0.8867469879518072,0.278125,0.0,0.0789473684210526,0.0004347826086956,1990-09-29,,bmo,,2025-04-25,1990-09-30,,1.45609375,724023.34375
1990-06-30,BEN,USD,38777,1990-06-30,1990-06-29 20:00:00,1990,Q3,72800000.0,9000000.0,63800000.0,0.8763736264,0,24100000.0,0.0,24100000.0,1100000.0,25200000.0,34200000.0,0.0,0.0,-1100000.0,39700000.0,0.5453296703,38600000.0,0.5302197802,-3000000.0,35600000.0,0.489010989,12800000.0,22800000.0,0.3131868132,0.0333,0.0333,684000000,684000000,,,0.1064327485380117,0.0333333333333333,0.0447368421052631,0.0447368421052631,0.0067251461988304,0.3973684210526316,0.3973684210526316,0.3973684210526316,0.0030701754385964,1285920000.0,1283420000.0,14.1,17.663736263736265,42.02352941176471,42.02352941176471,4.731125827814569,4.731125827814569,17.629395604395604,32.327959697733,41.94183006535947,41.94183006535947,0.0177304964539007,0.0237961926091825,0.0077262693156732,0.0045602605863192,-0.0629722921914357,13.57846153846154,0.0,1.3421052631578947,0.0030328480776409,0.1710526315789473,0.331043956043956,0.0,0.0,0.0,0.0,0.0,0.0,0.5459178654243454,0.0577601596135671,0.0495114006514657,-0.1743055555555555,408800000.0,271800000.0,252600000.0,427900000.0,87100000.0,29850000.0,0.0,106.93681318681318,325.0,0.0,0.8416184971098266,0.2769230769230769,0.0,0.0838852097130242,0.0,1990-06-29,,bmo,,2025-04-25,1990-06-30,,1.6361904761904762,645686.7619047619
1990-03-31,BEN,USD,38777,1990-03-31,1990-03-30 19:00:00,1990,Q2,69600000.0,7500000.0,62100000.0,0.8922413793,0,21900000.0,0.0,21900000.0,1100000.0,23000000.0,30500000.0,0.0,0.0,-1100000.0,40200000.0,0.5775862069,39100000.0,0.5617816092,-3000000.0,36100000.0,0.5186781609,14300000.0,21800000.0,0.3132183908,0.0333,0.0333,654000000,654000000,,,0.1064220183486238,0.0333333333333333,0.0174311926605504,0.0174311926605504,0.0070336391437308,0.3865443425076452,0.3865443425076452,0.3865443425076452,0.0067278287461773,1183740000.0,1183540000.0,13.575,17.007758620689657,103.83684210526316,103.83684210526316,4.6825158227848105,4.6825158227848105,17.004885057471263,29.441293532338307,103.81929824561404,103.81929824561404,0.0184162062615101,0.0096304931826245,0.0174050632911392,0.00974097852557,-0.0049751243781094,3.4558823529411766,0.0,0.5205479452054794,0.003294642404582,0.1788990825688073,0.3146551724137931,0.0,0.0,0.0,0.0,0.0,0.0,0.5384312926276982,0.0556222246149127,0.048262120876688,-0.1965214067278287,66800000.0,252800000.0,-104900000.0,75100000.0,87400000.0,33700000.0,0.0,113.4051724137931,326.40000000000003,0.0,0.7936145952109465,0.2757352941176471,0.0,0.0862341772151898,0.0,1990-03-30,,bmo,,2025-04-25,1990-03-31,,1.8174603174603172,790915.7619047619
1989-12-31,BEN,USD,38777,1989-12-31,1989-12-30 19:00:00,1990,Q1,69100000.0,7800000.0,61300000.0,0.8871201158,0,21100000.0,0.0,21100000.0,1000000.0,22100000.0,29900000.0,0.0,0.0,-1000000.0,40200000.0,0.5817655572,39200000.0,0.5672937771,-3000000.0,36200000.0,0.523878437,14300000.0,21900000.0,0.3169319826,0.0333,0.0333,657000000,657000000,,,0.1051750380517503,0.0333333333333333,0.0505327245053272,0.0003044140030441,0.0080669710806697,0.3570776255707762,0.3570776255707762,0.3570776255707762,0.006697108066971,1057770000.0,1056870000.0,12.075,15.307814761215631,31.8605421686747,5288.85,4.508823529411765,4.508823529411765,15.29479015918958,26.29029850746269,31.833433734939764,5284.35,0.020703933747412,0.0001890770205243,0.0187553282182438,0.010289990645463,-0.0223880597014925,2.353233830845771,0.0,1.5159817351598173,0.0027416167976025,0.1324200913242009,0.3053545586107091,0.0,0.0,0.993975903614458,0.4775687409551374,-33.0,0.0,0.5175019025840216,0.0612155837043671,0.0512160898035547,-0.1862633181126332,54400000.0,234600000.0,-98400000.0,62800000.0,43550000.0,20100000.0,0.0,113.44428364688856,463.8461538461538,0.0,0.7933409873708381,0.1940298507462686,0.0,0.0933503836317135,0.0502283105022831,1989-12-30,,bmo,,2025-04-25,1989-12-31,,1.6531746031746033,896487.1904761905
1989-09-30,BEN,USD,38777,1989-09-30,1989-09-29 20:00:00,1989,Q4,68200000.0,0.0,68200000.0,1.0,0,0.0,0.0,0.0,-197000000.0,-197000000.0,-199600000.0,0.0,0.0,0.0,267800000.0,3.926686217,267800000.0,3.926686217,-232300000.0,35500000.0,0.5205278592,13500000.0,22000000.0,0.3225806452,0.033,0.033,651617647,657000000,,,0.1046626043876924,0.0337621304476427,,,0.0,0.3322500564506657,0.3322500564506657,0.3322500564506657,0.0093613179877554,957877941.09,963977941.09,10.884976603295454,14.045131101026394,0.0,0.0,4.42437848078522,4.42437848078522,14.13457391627566,3.599618898767737,0.0,0.0,0.0229674356786685,,0.0281755196304849,0.015482233502538,0.0227781926811053,0.0,0.0,0.0,0.0027714285714285,0.1206677406308182,0.0,0.0,0.0,0.0,,0.0,,0.5023873697758441,0.0,0.0558375634517766,-0.2723990070207537,0.0,216500000.0,-177500000.0,0.0,44500000.0,11800000.0,0.0,0.0,0.0,0.0,0.0,0.0,0.0,0.1016166281755196,,1989-09-29,,bmo,,2025-04-25,1989-09-30,,,
1989-06-30,BEN,USD,38777,1989-06-30,1989-06-29 20:00:00,1989,Q3,63000000.0,900000.0,62100000.0,0.9857142857,0,27800000.0,0.0,27800000.0,900000.0,28700000.0,29600000.0,0.0,0.0,900000.0,34300000.0,0.5444444444,33400000.0,0.5301587302,-1200000.0,32200000.0,0.5111111111,12500000.0,19700000.0,0.3126984127,0.03,0.03,656666667,656666667,,,0.0959390862457162,0.0299999999847715,,,0.0071573604024581,0.2998477155838336,0.2998477155838336,0.2998477155838336,0.0088324873051611,820833333.75,821933333.75,10.416666671954316,13.029100535714283,0.0,0.0,4.168782802183849,4.168782802183849,13.046560853174602,23.963070954810497,0.0,0.0,0.0239999999878172,,0.0294565769426104,0.0155830198817839,0.032069970845481,3.9703389830508473,0.0,0.0,0.0032592,0.135800000068934,0.4412698412698412,0.0,0.0,0.0,,0.0,,0.4498857720759215,0.0586177897036237,0.052928533046749,-0.1581472080415496,70100000.0,196900000.0,-81600000.0,79000000.0,,,,127.14285714285714,2360.0,0.0,0.7078651685393258,0.0381355932203389,0.0,0.1000507872016251,,1989-06-29,,bmo,,2025-04-25,1989-06-30,,,
1989-03-31,BEN,USD,38777,1989-03-31,1989-03-30 19:00:00,1989,Q2,62800000.0,0.0,62800000.0,1.0,0,0.0,0.0,0.0,0.0,0.0,0.0,0.0,0.0,0.0,62800000.0,1.0,62800000.0,1.0,-62800000.0,0.0,0.0,-18800000.0,18800000.0,0.2993630573,0.0267,0.0267,705000000,705000000,,,0.0890780141843971,0.0266666666666666,,,,,,,,803699999.9999999,,10.687499999999998,12.79777070063694,0.0,0.0,0.0,0.0,,,0.0,0.0,0.023391812865497,,0.0,0.0,,0.0,0.0,0.0,0.0035736842105263,0.152775,0.0,0.0,0.0,0.0,,0.0,,,0.0,0.0,,,,,,,,,,0.0,0.0,0.0,0.0,0.0,0.0,,1989-03-30,,bmo,,2025-04-25,1989-03-31,,,
1988-12-31,BEN,USD,38777,1988-12-31,1988-12-30 19:00:00,1989,Q1,59300000.0,0.0,59300000.0,1.0,0,0.0,0.0,0.0,0.0,0.0,0.0,0.0,0.0,0.0,59300000.0,1.0,59300000.0,1.0,-59300000.0,0.0,0.0,-18200000.0,18200000.0,0.3069139966,0.0267,0.0267,682500000,682500000,,,0.0868864468864468,0.0266666666666666,,,,,,,,568747725.0,,7.81246875,9.59102403035413,0.0,0.0,0.0,0.0,,,0.0,0.0,0.032000128000512,,0.0,0.0,,0.0,0.0,0.0,0.0044448177792711,0.1389,0.0,0.0,0.0,0.0,,0.0,,,0.0,0.0,,,,,,,,,,0.0,0.0,0.0,0.0,0.0,0.0,,1988-12-30,,bmo,,2025-04-25,1988-12-31,,,
1988-09-30,BEN,USD,38777,1988-09-30,1988-09-29 20:00:00,1988,Q4,52900000.0,0.0,52900000.0,1.0,0,0.0,0.0,0.0,92900000.0,92900000.0,92900000.0,0.0,0.0,0.0,145800000.0,2.7561436673,145800000.0,2.7561436673,-145800000.0,0.0,0.0,-17600000.0,17600000.0,0.3327032136,0.026,0.026,682500000,682500000,,,0.0775091575091575,0.0257875457875457,,,0.0,0.2205128205128205,0.2205128205128205,0.2205128205128205,0.0038095238095238,549794700.0,552394700.0,7.809583806818182,10.393094517958412,0.0,0.0,3.6531209302325593,3.6531209302325593,10.442243856332704,3.78871536351166,0.0,0.0,0.0320119491875785,,0.0172757475083056,0.0146726862302483,0.017832647462277,0.0,0.0,0.0,0.0048276975023586,0.1508092329545454,0.0,0.0,0.0,0.0,,0.0,,0.3576952617153218,0.0,0.0993227990970654,-0.0391208791208791,0.0,150500000.0,-26700000.0,0.0,,,,0.0,0.0,0.0,0.0,0.0,0.0,0.1169435215946843,,1988-09-29,,bmo,,2025-04-25,1988-09-30,,,
1988-06-30,BEN,USD,38777,1988-06-30,1988-06-29 20:00:00,1988,Q3,50000000.0,0.0,50000000.0,1.0,0,0.0,0.0,0.0,0.0,0.0,0.0,0.0,0.0,0.0,50000000.0,1.0,50000000.0,1.0,-50000000.0,0.0,0.0,-16400000.0,16400000.0,0.328,0.0233,0.0233,702857143,702857143,,,0.0711382113676548,0.0233333333285907,,,,,,,,540159771.53836,,8.234142858816464,10.8031954307672,0.0,0.0,0.0,0.0,,,0.0,0.0,0.030361387248986,,0.0,0.0,,0.0,0.0,0.0,0.0048196533597043,0.1587428571751219,0.0,0.0,0.0,0.0,,0.0,,,0.0,0.0,,,,,,,,,,0.0,0.0,0.0,0.0,0.0,0.0,,1988-06-29,,bmo,,2025-04-25,1988-06-30,,,
1988-03-31,BEN,USD,38777,1988-03-31,1988-03-30 19:00:00,1988,Q2,50300000.0,0.0,50300000.0,1.0,0,0.0,0.0,0.0,0.0,0.0,0.0,0.0,0.0,0.0,50300000.0,1.0,50300000.0,1.0,-50300000.0,0.0,0.0,-16300000.0,16300000.0,0.324055666,0.0233,0.0233,698571429,698571429,,,0.0720040899353758,0.0233333333190184,,,,,,,,456013457.42262,,6.99407143286227,9.065873905022269,0.0,0.0,0.0,0.0,,,0.0,0.0,0.0357445591455289,,0.0,0.0,,0.0,0.0,0.0,0.0056741934495542,0.1587428572402454,0.0,0.0,0.0,0.0,,0.0,,,0.0,0.0,,,,,,,,,,0.0,0.0,0.0,0.0,0.0,0.0,,1988-03-30,,bmo,,2025-04-25,1988-03-31,,,
1987-12-31,BEN,USD,38777,1987-12-31,1987-12-30 19:00:00,1988,Q1,49200000.0,0.0,49200000.0,1.0,0,0.0,0.0,0.0,0.0,0.0,0.0,0.0,0.0,0.0,49200000.0,1.0,49200000.0,1.0,-49200000.0,0.0,0.0,-16000000.0,16000000.0,0.325203252,0.0233,0.0233,685714286,685714286,,,0.0717499999701041,0.0233333333236111,,,,,,,,450795428.75926006,,7.043678574363438,9.162508714619108,0.0,0.0,0.0,0.0,,,0.0,0.0,0.0354928177600144,,0.0,0.0,,0.0,0.0,0.0,0.0679089152887847,1.9133142865115,0.0,0.0,0.0,0.0,,0.0,,,0.0,0.0,,,,,,,,,,0.0,0.0,0.0,0.0,0.0,0.0,,1987-12-30,,bmo,,2025-04-25,1987-12-31,,,
1987-09-30,BEN,USD,38777,1987-09-30,1987-09-29 20:00:00,1987,Q4,51300000.0,0.0,51300000.0,1.0,0,0.0,0.0,0.0,92600000.0,92600000.0,92600000.0,0.0,0.0,0.0,143900000.0,2.8050682261,143900000.0,2.8050682261,-143900000.0,0.0,0.0,-14500000.0,14500000.0,0.2826510721,0.021,0.021,685714286,685714286,,,0.0748124999688281,0.0211458333245225,,,0.0,0.1525416666031076,0.1525416666031076,0.1525416666031076,0.0052499999978125,552384000.23016,555984000.23016,9.523862072933795,10.767719302732164,0.0,0.0,5.280917784227151,5.280917784227151,10.837894741328656,3.863683114872551,0.0,0.0,0.0262498551622753,,0.034416826003824,0.0261058738216098,0.0250173731758165,0.0,0.0,0.0,,,0.0,0.0,0.0,0.0,,0.0,,0.2694001944751889,0.0,0.1051486584481508,-0.0485624999797656,0.0,104600000.0,-33300000.0,0.0,,,,0.0,0.0,0.0,0.0,0.0,0.0,0.138623326959847,,1987-09-29,,bmo,,2025-04-25,1987-09-30,,,
1987-06-30,BEN,USD,38777,1987-06-30,1987-06-29 20:00:00,1987,Q3,52600000.0,0.0,52600000.0,1.0,0,0.0,0.0,0.0,0.0,0.0,0.0,0.0,0.0,0.0,52600000.0,1.0,52600000.0,1.0,-52600000.0,0.0,0.0,-15300000.0,15300000.0,0.2908745247,0.0233,0.0233,655714286,655714286,,,0.0802178648887939,0.0233333333231663,,,,,,,,544000243.09418,,8.888892861016013,10.342209944756274,0.0,0.0,0.0,0.0,,,0.0,0.0,0.0281249874319471,,0.0,0.0,,0.0,0.0,0.0,0.0484553355110109,1.722857143607843,0.0,0.0,0.0,0.0,,0.0,,,0.0,0.0,,,,,,,,,,0.0,0.0,0.0,0.0,0.0,0.0,,1987-06-29,,bmo,,2025-04-25,1987-06-30,,,
1987-03-31,BEN,USD,38777,1987-03-31,1987-03-30 19:00:00,1987,Q2,53500000.0,0.0,53500000.0,1.0,0,0.0,0.0,0.0,0.0,0.0,0.0,0.0,0.0,0.0,53500000.0,1.0,53500000.0,1.0,-53500000.0,0.0,0.0,-15800000.0,15800000.0,0.2953271028,0.0233,0.0233,677142857,677142857,,,0.0790084388352338,0.0233333333382559,,,,,,,,1002171428.36,,15.85714285379747,18.73217623102804,0.0,0.0,0.0,0.0,,,0.0,0.0,0.0157657657690918,,0.0,0.0,,0.0,0.0,0.0,0.0218918918918918,1.388571428278481,0.0,0.0,0.0,0.0,,0.0,,,0.0,0.0,,,,,,,,,,0.0,0.0,0.0,0.0,0.0,0.0,,1987-03-30,,bmo,,2025-04-25,1987-03-31,,,
1986-12-31,BEN,USD,38777,1986-12-31,1986-12-30 19:00:00,1987,Q1,49300000.0,0.0,49300000.0,1.0,0,0.0,0.0,0.0,0.0,0.0,0.0,0.0,0.0,0.0,49300000.0,1.0,49300000.0,1.0,-49300000.0,0.0,0.0,-13300000.0,13300000.0,0.2697768763,0.02,0.02,665000000,665000000,,,0.0741353383458646,0.02,,,,,,,,652684200.0,,12.2685,13.239030425963488,0.0,0.0,0.0,0.0,,,0.0,0.0,0.0203773892488894,,0.0,0.0,,0.0,0.0,0.0,0.0342187308961975,1.6792499999999997,0.0,0.0,0.0,0.0,,0.0,,,0.0,0.0,,,,,,,,,,0.0,0.0,0.0,0.0,0.0,0.0,,1986-12-30,,bmo,,2025-04-25,1986-12-31,,,
1986-09-30,BEN,USD,38777,1986-09-30,1986-09-29 20:00:00,1986,Q4,35800000.0,0.0,35800000.0,1.0,0,0.0,0.0,0.0,76400000.0,76400000.0,76400000.0,0.0,0.0,0.0,112200000.0,3.1340782123,112200000.0,3.1340782123,-112200000.0,0.0,0.0,-8100000.0,8100000.0,0.2262569832,0.012,0.012,665000000,665000000,,,0.0538345864661654,0.0121804511278195,,,0.0,0.0784962406015037,0.0784962406015037,0.0784962406015037,0.0100751879699248,532000000.0,538700000.0,16.419753086419753,14.860335195530729,0.0,0.0,10.191570881226054,10.191570881226054,15.047486033519553,4.801247771836007,0.0,0.0,0.0152255639097744,,0.1283524904214559,0.0759637188208616,0.0597147950089126,0.0,0.0,0.0,,,0.0,0.0,0.0,0.0,,0.0,,0.1466720542679963,0.0,0.0918367346938775,-0.0541353383458646,0.0,52200000.0,-36000000.0,0.0,,,,0.0,0.0,0.0,0.0,0.0,0.0,0.1551724137931034,,1986-09-29,,bmo,,2025-04-25,1986-09-30,,,
1986-06-30,BEN,USD,38777,1986-06-30,1986-06-29 20:00:00,1986,Q3,35800000.0,0.0,35800000.0,1.0,0,0.0,0.0,0.0,0.0,0.0,0.0,0.0,0.0,0.0,35800000.0,1.0,35800000.0,1.0,-35800000.0,0.0,0.0,-8000000.0,8000000.0,0.2234636872,0.0133,0.0133,600000000,600000000,,,0.0596666666666666,0.0133333333333333,,,,,,,,580746000.0,,18.1483125,16.22195530726257,0.0,0.0,0.0,0.0,,,0.0,0.0,0.0137753854525041,,0.0,0.0,,0.0,0.0,0.0,0.0012242873820913,0.088875,0.0,0.0,0.0,0.0,,0.0,,,0.0,0.0,,,,,,,,,,0.0,0.0,0.0,0.0,0.0,0.0,,1986-06-29,,bmo,,2025-04-25,1986-06-30,,,
1986-03-31,BEN,USD,38777,1986-03-31,1986-03-30 19:00:00,1986,Q2,35800000.0,0.0,35800000.0,1.0,0,0.0,0.0,0.0,0.0,0.0,0.0,0.0,0.0,0.0,35800000.0,1.0,35800000.0,1.0,-35800000.0,0.0,0.0,-8000000.0,8000000.0,0.2234636872,0.01,0.01,800000000,800000000,,,0.04475,0.01,,,,,,,,715064000.0,,22.34575,19.97385474860335,0.0,0.0,0.0,0.0,,,0.0,0.0,0.0111878097624827,,0.0,0.0,,0.0,0.0,0.0,0.0006634371189152,0.0593,0.0,0.0,0.0,0.0,,0.0,,,0.0,0.0,,,,,,,,,,0.0,0.0,0.0,0.0,0.0,0.0,,1986-03-30,,bmo,,2025-04-25,1986-03-31,,,
1985-12-31,BEN,USD,38777,1985-12-31,1985-12-30 19:00:00,1986,Q1,35700000.0,0.0,35700000.0,1.0,0,0.0,0.0,0.0,0.0,0.0,0.0,0.0,0.0,0.0,35700000.0,1.0,35700000.0,1.0,-35700000.0,0.0,0.0,-8000000.0,8000000.0,0.2240896359,0.01,0.01,800000000,800000000,,,0.044625,0.01,,,,,,,,493832000.0,,15.43225,13.83282913165266,0.0,0.0,0.0,0.0,,,0.0,0.0,0.0161998412415558,,0.0,0.0,,0.0,0.0,0.0,0.0359523076673848,2.2193,0.0,0.0,0.0,0.0,,0.0,,,0.0,0.0,,,,,,,,,,0.0,0.0,0.0,0.0,0.0,0.0,,1985-12-30,,bmo,,2025-04-25,1985-12-31,,,
1985-09-30,BEN,USD,38777,1985-09-30,1985-09-29 20:00:00,1985,Q4,16400000.0,0.0,16400000.0,1.0,0,0.0,0.0,0.0,37200000.0,37200000.0,37200000.0,0.0,0.0,0.0,53600000.0,3.2682926829,53600000.0,3.2682926829,-53600000.0,0.0,0.0,-4200000.0,4200000.0,0.256097561,0.0053,0.0053,800000000,800000000,,,0.0205,0.00525,,,0.0,0.028,0.028,0.028,0.0005,268640000.0,269040000.0,15.990476190476189,16.380487804878047,0.0,0.0,11.992857142857142,11.992857142857142,16.40487804878049,5.019402985074627,0.0,0.0,0.0156343061346039,,0.0178571428571428,0.0123076923076923,0.0074626865671641,0.0,0.0,0.0,,,0.0,0.0,0.0,0.0,,0.0,,0.0575108685380424,0.0,0.1292307692307692,-0.012625,0.0,22400000.0,-10100000.0,0.0,,,,0.0,0.0,0.0,0.0,0.0,0.0,0.1875,,1985-09-29,,bmo,,2025-04-25,1985-09-30,,,
