date,symbol,reportedCurrency,cik,fillingDate,acceptedDate,calendarYear,period,revenue,costOfRevenue,grossProfit,grossProfitRatio,researchAndDevelopmentExpenses,generalAndAdministrativeExpenses,sellingAndMarketingExpenses,sellingGeneralAndAdministrativeExpenses,otherExpenses,operatingExpenses,costAndExpenses,interestIncome,interestExpense,depreciationAndAmortization,ebitda,ebitdaratio,operatingIncome,operatingIncomeRatio,totalOtherIncomeExpensesNet,incomeBeforeTax,incomeBeforeTaxRatio,incomeTaxExpense,netIncome,netIncomeRatio,eps,epsdiluted,weightedAverageShsOut,weightedAverageShsOutDil,link,finalLink,revenuePerShare,netIncomePerShare,operatingCashFlowPerShare,freeCashFlowPerShare,cashPerShare,bookValuePerShare,tangibleBookValuePerShare,shareholdersEquityPerShare,interestDebtPerShare,marketCap,enterpriseValue,peRatio,priceToSalesRatio,pocfratio,pfcfRatio,pbRatio,ptbRatio,evToSales,enterpriseValueOverEBITDA,evToOperatingCashFlow,evToFreeCashFlow,earningsYield,freeCashFlowYield,debtToEquity,debtToAssets,netDebtToEBITDA,currentRatio,interestCoverage,incomeQuality,dividendYield,payoutRatio,salesGeneralAndAdministrativeToRevenue,researchAndDdevelopementToRevenue,intangiblesToTotalAssets,capexToOperatingCashFlow,capexToRevenue,capexToDepreciation,stockBasedCompensationToRevenue,grahamNumber,roic,returnOnTangibleAssets,grahamNetNet,workingCapital,tangibleAssetValue,netCurrentAssetValue,investedCapital,averageReceivables,averagePayables,averageInventory,daysSalesOutstanding,daysPayablesOutstanding,daysOfInventoryOnHand,receivablesTurnover,payablesTurnover,inventoryTurnover,roe,capexPerShare,report_date,epsEstimated,time,revenueEstimated,updatedFromDate,fiscalDateEnding,surprise(%),QuarterAvgPrice,QuarterAvgVolume
2024-12-31,BG,USD,1144519,2025-02-20,2025-02-20 14:39:04,2024,Q4,13542000000.0,12461000000.0,1081000000.0,0.0798257274,0,0.0,0.0,451000000.0,-162000000.0,289000000.0,12750000000.0,51000000.0,113000000.0,123000000.0,966000000.0,0.0713336287,792000000.0,0.0584847142,-62000000.0,730000000.0,0.0539063654,100000000.0,602000000.0,0.0444542904,4.49,4.36,138000000,139627104,https://www.sec.gov/Archives/edgar/data/1996862/000199686225000008/0001996862-25-000008-index.htm,https://www.sec.gov/Archives/edgar/data/1996862/000199686225000008/bg-20241231.htm,98.1304347826087,4.36231884057971,7.630434782608695,4.086956521739131,27.5,79.34057971014492,73.73188405797102,71.83333333333333,52.40579710144928,10730880000.0,14538880000.0,4.456345514950167,0.792414709791759,10.190769230769233,19.026382978723404,1.082505800464037,1.082505800464037,1.0736139418106632,15.050600414078676,13.80710351377018,25.77815602836879,0.0560997793284427,0.0525585972445875,0.7181478866135378,0.2859150969918471,3.942028985507247,2.1463349024882312,7.008849557522124,1.6714285714285717,0.0084801992008111,0.1511627906976744,0.0,0.0,0.0310855857664966,0.4643874643874643,0.0361098803721754,0.0,0.0011815093782306,83.96783804580748,0.0354258758844754,0.0249533678756476,-35.19384057971015,8523000000.0,10175000000.0,2008000000.0,15483000000.0,2612500000.0,2994000000.0,6978000000.0,18.190075321222864,20.05697777064441,46.88147018698339,4.947753014249178,4.487216420597767,1.9197350177168384,0.0607283365277917,3.5434782608695654,2025-02-05,2.3,bmo,13183000000.0,2025-05-05,2024-12-31,-0.0739130434782608,87.77828125,1849004.578125
2024-09-30,BG,USD,1144519,2024-10-30,2024-10-30 14:51:36,2024,Q3,12908000000.0,12136000000.0,772000000.0,0.0598078711,0,0.0,0.0,437000000.0,-81000000.0,356000000.0,12492000000.0,33000000.0,127000000.0,119000000.0,568000000.0,0.0440037186,416000000.0,0.0322280756,-94000000.0,322000000.0,0.0249457701,89000000.0,221000000.0,0.0171211652,1.57,1.56,140519185,142145601,https://www.sec.gov/Archives/edgar/data/1996862/000199686224000259/0001996862-24-000259-index.htm,https://www.sec.gov/Archives/edgar/data/1996862/000199686224000259/bg-20240930.htm,91.85934290751828,1.572738982225096,9.443550359333496,6.924321401380174,21.449028472517828,79.40552743741006,73.42769601175812,72.12538273688394,51.2741374069313,13579774038.4,17821774038.4,15.361735337556562,1.0520432319801674,10.23343936578749,13.956602300513874,1.3398889036408486,1.3398889036408486,1.3806766376200807,31.37636274366197,13.430123615975887,18.316314530729706,0.0162742030445477,0.0716506767526922,0.6983719782930439,0.2801282304982784,7.46830985915493,2.069821869717852,3.2755905511811023,6.004524886877828,0.0070693370691248,0.4343891402714932,0.0,0.0,0.0332449439981002,0.266767143933685,0.0274248528044623,2.974789915966386,0.0011620700340873,50.5200358606321,0.0156113802271741,0.0090473656200106,-39.11565527511421,8228000000.0,10318000000.0,1810000000.0,15120000000.0,2588500000.0,3320000000.0,7761000000.0,17.347381468856526,23.812623599208965,55.360085695451545,5.188102893890675,3.779507941451261,1.6257200267916945,0.0218056240749876,2.5192289579533216,2024-10-30,2.14,bmo,13197652446.0,2025-04-25,2024-09-30,0.0700934579439251,102.298125,1275506.953125
2024-06-30,BG,USD,1144519,2024-08-01,2024-08-01 10:55:14,2024,Q2,13241000000.0,12577000000.0,664000000.0,0.0501472698,0,0.0,0.0,449000000.0,26000000.0,475000000.0,13052000000.0,37000000.0,123000000.0,114000000.0,340000000.0,0.0256778189,189000000.0,0.0142738464,-86000000.0,103000000.0,0.0077788687,30000000.0,70000000.0,0.0052866098,0.49,0.48,141620591,143185150,https://www.sec.gov/Archives/edgar/data/1996862/000199686224000194/0001996862-24-000194-index.htm,https://www.sec.gov/Archives/edgar/data/1996862/000199686224000194/bg-20240630.htm,93.4962910866542,0.4942784061676455,-10.302174208551357,-12.399326874719792,9.370106356920935,77.5664041678798,71.76922457554213,70.62532312126844,42.6491653321797,15198721826.12,19954721826.12,54.28114937899999,1.147853019116381,-10.41721852372858,-8.655308557015944,1.5195682689582082,1.5195682689582082,1.5070403916713238,58.690358312117645,-13.67698548740233,-11.363736803029612,0.0046056504488226,-0.1155360312590364,0.5915816836632674,0.242222040281644,13.988235294117649,2.0315540362871416,1.5365853658536586,-20.84285714285714,0.0063163206155281,1.3714285714285714,0.0,0.0,0.0336089733093171,-0.2035640849897189,0.0224303300354958,2.6052631578947367,0.0012838909447926,28.02575375110809,0.0074104589682827,0.0029652221798619,-42.866294774889056,7846000000.0,10164000000.0,2009000000.0,14345000000.0,2701500000.0,3966000000.0,7781000000.0,18.277320444075222,24.53764808777928,57.6552436988153,4.924135366307177,3.667833187518227,1.5610028546605437,0.006998600279944,2.0971526661684385,2024-07-31,1.83,bmo,14304173886.0,2025-04-25,2024-06-30,-0.0546448087431694,104.90666666666668,1401448.4603174604
2024-03-31,BG,USD,1144519,2024-04-24,2024-04-24 16:35:48,2024,Q1,13417000000.0,12541000000.0,876000000.0,0.0652903033,0,0.0,0.0,439000000.0,2000000.0,441000000.0,12982000000.0,42000000.0,108000000.0,112000000.0,589000000.0,0.0438995304,435000000.0,0.0324215547,-66000000.0,369000000.0,0.0275024223,117000000.0,244000000.0,0.0181858836,1.7,1.68,143501016,145000000,https://www.sec.gov/Archives/edgar/data/1996862/000199686224000094/0001996862-24-000094-index.htm,https://www.sec.gov/Archives/edgar/data/1996862/000199686224000094/bg-20240331.htm,93.49759586371152,1.700336393437103,6.96859177638157,5.324004117155519,21.867440994285364,80.34089458990312,74.34790566221497,73.52561183260194,42.33419504151803,14678718926.64,17706718926.64,15.039671031393445,1.0940388258656928,14.67871892664,19.212982888272258,1.3912158967529145,1.3912158967529145,1.3197226598077063,30.06234113181664,17.70671892664,23.176333673612564,0.0166227040124851,0.0520481387931911,0.5655388114870629,0.2310909724642732,5.140916808149406,1.986000711828212,4.027777777777778,4.098360655737705,0.0064719544310905,0.3893442622950819,0.0,0.0,0.0333062236164362,0.236,0.0175896251024819,2.107142857142857,0.0012670492658567,53.036884873602936,0.0158667505598305,0.0097752493890469,-37.3934634720635,8311000000.0,10669000000.0,2448000000.0,14713000000.0,2869000000.0,4083500000.0,7305000000.0,18.20526198106879,32.31560481620286,53.85934136033809,4.943625644804716,2.7850322007550523,1.6710193204530313,0.0231257700691877,1.6445876592260504,2024-04-24,2.53,bmo,13955846825.0,2025-04-25,2024-03-31,0.2015810276679843,93.57754098360655,1825994.7704918035
2023-12-31,BG,USD,1144519,2024-02-22,2024-02-22 16:24:17,2023,Q4,14936000000.0,13682000000.0,1254000000.0,0.0839582217,0,0.0,0.0,495000000.0,-235000000.0,260000000.0,13942000000.0,27000000.0,142000000.0,134000000.0,1155000000.0,0.0773299411,994000000.0,0.066550616,-115000000.0,879000000.0,0.058851098,219000000.0,616000000.0,0.0412426352,4.24,4.19,145319668,147000000,https://www.sec.gov/Archives/edgar/data/1996862/000199686224000007/0001996862-24-000007-index.htm,https://www.sec.gov/Archives/edgar/data/1996862/000199686224000007/bg-20231231.htm,102.78030637945032,4.238930686244067,9.688984425700724,7.507586653721229,18.62789832412774,81.30351632787931,75.19973139492721,74.6698650591467,40.58638504459011,14670020484.6,17824020484.6,5.953742079788961,0.98219205172737,10.419048639630685,13.44639824436297,1.3519510169200997,1.3519510169200997,1.1933597003615424,15.432052367619049,12.6591054578125,16.337324000549952,0.0419903980806742,0.0743693576396357,0.5304580223020919,0.2268642598139681,2.7307359307359307,2.126967607649278,7.0,2.2857142857142856,0.0065439581424427,0.1558441558441558,0.0,0.0,0.0349597982027431,0.2251420454545454,0.0212238885913229,2.3656716417910446,0.0012051419389394,84.39021627286373,0.039709929389034,0.0251582601592811,-34.609905659845026,8663000000.0,10928000000.0,2793000000.0,15017000000.0,2967000000.0,3819500000.0,7326500000.0,18.221746116764866,24.10173951176729,46.73658821809677,4.939153439153439,3.734170305676856,1.925686136523575,0.0567689613860473,2.1813977719794955,2024-02-07,2.81,bmo,14093800000.0,2025-04-25,2023-12-31,0.3167259786476868,104.82301587301588,1123429.5714285714
2023-09-30,BG,USD,1144519,2023-10-26,2023-10-26 16:14:31,2023,Q3,14227000000.0,13182000000.0,1045000000.0,0.0734518873,0,0.0,0.0,447000000.0,0.0,447000000.0,13629000000.0,38000000.0,133000000.0,109000000.0,745000000.0,0.0523652211,598000000.0,0.0420327546,-95000000.0,503000000.0,0.0353553103,114000000.0,373000000.0,0.026217755,2.55,2.47,149195908,151216856,https://www.sec.gov/Archives/edgar/data/1144519/000114451923000227/0001144519-23-000227-index.htm,https://www.sec.gov/Archives/edgar/data/1144519/000114451923000227/bg-20230930.htm,95.35784319232134,2.500068567564199,9.303204213885008,7.533718686172009,15.3824594170505,74.70714277230714,68.74853430966753,68.70831872949223,41.06680995567251,16150457041.0,19971457041.0,10.824703110589812,1.1351976552330076,11.635775966138327,14.368734022241991,1.5755006380840892,1.5755006380840892,1.4037714937091446,26.80732488724832,14.388657810518731,17.76820021441281,0.0230953216403159,0.0695955536828823,0.5847234416154522,0.2384912266740938,5.128859060402685,2.0162522741055184,4.496240601503759,3.5681233933161955,0.0061298574863036,0.2654155495978552,0.0,0.0,0.0353718219074523,0.1902017291066282,0.0185562662543051,-15.529411764705882,0.0011949110845575,62.168713431115705,0.0251069047171908,0.0153852499587526,-38.44274334923448,8379000000.0,10257000000.0,2637000000.0,14415000000.0,2974500000.0,4111500000.0,8177000000.0,18.40865959091867,27.13928083750569,51.533909877105145,4.889003436426117,3.31622641509434,1.746422893481717,0.036386693981075,1.7694855277129986,2023-10-26,2.5,bmo,15322700000.0,2025-04-25,2023-09-30,0.1960000000000001,109.5911111111111,1133357.5873015872
2023-06-30,BG,USD,1144519,2023-08-09,2023-08-09 15:15:26,2023,Q2,15049000000.0,13684000000.0,1365000000.0,0.0907037012,0,0.0,0.0,420000000.0,29000000.0,449000000.0,14133000000.0,40000000.0,129000000.0,106000000.0,1062000000.0,0.0705694731,916000000.0,0.0608678317,-89000000.0,827000000.0,0.0549538175,198000000.0,622000000.0,0.0413316499,4.13,4.09,150609139,152179404,https://www.sec.gov/Archives/edgar/data/1144519/000114451923000170/0001144519-23-000170-index.htm,https://www.sec.gov/Archives/edgar/data/1144519/000114451923000170/bg-20230630.htm,99.92089523863488,4.129895464046176,-3.0476238231466155,-5.4910346443186295,9.315503755718304,75.44030910368593,69.92935534941209,70.21486259210339,39.68550673409002,14209972264.65,18727972264.65,5.71140364334807,0.9442469442919796,-30.958545238888885,-17.182554128960096,1.343732601858156,1.343732601858156,1.2444662279653134,17.63462548460452,-40.80168249379085,-22.645673838754536,0.0437720769904205,-0.0581985653875848,0.5530023640661939,0.2274424393279402,4.254237288135593,2.074538656374382,7.10077519379845,-0.7297297297297297,0.0066150727284558,0.1511254019292604,0.0,0.0,0.0322806471686372,-0.8017429193899782,0.024453452056615,-21.647058823529413,0.0011296431656588,80.77469255202678,0.0377365213189299,0.0249979905152318,-41.59608136396026,8909000000.0,10532000000.0,2850000000.0,14842000000.0,3108500000.0,4862000000.0,8879000000.0,18.174629543491264,27.93919906460099,57.91727565039462,4.951957880881869,3.221280602636535,1.5539404951169655,0.0588179669030732,2.443410821172014,2023-08-02,2.69,bmo,16394400000.0,2025-04-25,2023-06-30,0.3828996282527882,92.815,1272069.8064516129
2023-03-31,BG,USD,1144519,2023-05-03,2023-05-03 15:34:43,2023,Q1,15328000000.0,14147000000.0,1181000000.0,0.0770485386,0,0.0,0.0,353000000.0,-83000000.0,270000000.0,14417000000.0,43000000.0,112000000.0,102000000.0,1056000000.0,0.0688935282,911000000.0,0.0594337161,-69000000.0,842000000.0,0.0549321503,183000000.0,632000000.0,0.0412317328,4.2,4.15,150079448,152263992,https://www.sec.gov/Archives/edgar/data/1144519/000114451923000096/0001144519-23-000096-index.htm,https://www.sec.gov/Archives/edgar/data/1144519/000114451923000096/bg-20230331.htm,102.13257180956582,4.211102908640762,6.203381025228717,5.0506582353634455,20.982220030553417,71.44882355910585,65.89176687270331,66.33153394860568,44.84291546701318,14335588872.96,17901588872.96,5.6707234465822784,0.9352550151983298,15.398054643351236,18.912386375936677,1.4400390630798592,1.4400390630798592,1.1679011529853862,16.952262190303028,19.22834465409237,23.616871864063324,0.0440860857269761,0.0528754002864682,0.6647915620291311,0.2441165621541866,3.376893939393939,1.8293620292083013,8.133928571428571,1.4127465857359636,0.0065571076872401,0.1487341772151898,0.0,0.0,0.0307635558834378,0.1858216970998926,0.011286534446764,1.696078431372549,0.0011090814196242,79.27736499011228,0.0385032704906236,0.0240523671791749,-42.50082263095744,8632000000.0,9889000000.0,2653000000.0,14150000000.0,3237000000.0,4931000000.0,8680000000.0,18.65996868475992,34.83706792959638,56.95059023114441,4.823159219634991,2.58345507669832,1.5803172475424483,0.0634856855851331,1.152722789865272,2023-05-03,3.24,bmo,14780100000.0,2025-04-25,2023-03-31,0.0061728395061727,97.18870967741935,1902383.8709677416
2022-12-31,BG,USD,1144519,2023-02-24,2023-02-24 16:15:25,2022,Q4,16660000000.0,15842000000.0,818000000.0,0.0490996399,0,0.0,0.0,390000000.0,-153000000.0,237000000.0,16079000000.0,21000000.0,97000000.0,103000000.0,705000000.0,0.0423169268,581000000.0,0.0348739496,-76000000.0,505000000.0,0.0303121248,131000000.0,336000000.0,0.0201680672,2.24,2.21,149907932,152000000,https://www.sec.gov/Archives/edgar/data/1144519/000114451923000010/0001144519-23-000010-index.htm,https://www.sec.gov/Archives/edgar/data/1144519/000114451923000010/bg-20221231.htm,111.1348797740736,2.241375726535938,-3.455454245076238,-4.802947985434153,8.158340814147179,66.44078046517245,60.90404875974141,61.5311003022842,38.15675343983799,14956314375.64,19475314375.64,11.12821010092262,0.8977379577214886,-28.873193775366797,-20.772658855055557,1.6214564587640936,1.6214564587640936,1.1689864571212485,27.62455939807092,-37.59713199930502,-27.04904774394444,0.0224654277491825,-0.0481402023196767,0.6096053772766695,0.2287632221318145,6.409929078014184,1.745625,5.989690721649485,-1.3850267379679144,0.0062181094662915,0.2767857142857143,0.0,0.0,0.033767290480065,-0.3899613899613899,0.0121248499399759,1.961165048543689,0.0010804321728691,55.70522488513289,0.0256167856471305,0.0141473684210526,-44.83418529180964,7158000000.0,9130000000.0,2138000000.0,12629000000.0,3074000000.0,4420500000.0,8260000000.0,17.805522208883556,24.91730842065396,47.76669612422674,5.054611650485437,3.6119471044231646,1.8841579448144623,0.03642671292281,1.3474937403579152,2023-02-08,3.19,bmo,18134222093.0,2025-04-25,2022-12-31,0.0156739811912226,96.03301587301588,1238098.857142857
2022-09-30,BG,USD,1144519,2022-10-26,2022-10-26 16:27:09,2022,Q3,16759000000.0,15871000000.0,888000000.0,0.052986455,0,0.0,0.0,337000000.0,-18000000.0,319000000.0,16190000000.0,30000000.0,103000000.0,101000000.0,700000000.0,0.0417686019,569000000.0,0.0339519064,-73000000.0,496000000.0,0.0295960379,113000000.0,380000000.0,0.0226743839,2.52,2.49,150560803,152420293,https://www.sec.gov/Archives/edgar/data/1144519/000114451922000233/0001144519-22-000233-index.htm,https://www.sec.gov/Archives/edgar/data/1144519/000114451922000233/bg-20220930.htm,111.31051154130732,2.5238972722535227,-3.812413248088216,-4.748911972792812,6.947359333624171,62.25391877061123,56.97366000365978,57.81717303938662,41.43176627451967,12431805503.71,17610805503.71,8.178819410335526,0.7417987650641445,-21.65819774165505,-17.38714056462937,1.428122401345204,1.428122401345204,1.050826750027448,25.15829357672857,-30.680845825278745,-24.63049720798601,0.0305667587774436,-0.0575137698049268,0.7047673750717978,0.247458857696031,7.398571428571429,1.6272357338885208,5.524271844660194,-1.498694516971279,0.0075612508554729,0.2473684210526315,0.0,0.0,0.0320667957405614,-0.2456445993031359,0.008413389820395,1.396039603960396,0.0008950414702547,57.30011884611716,0.0262137671745661,0.0158353127474267,-54.31692603286661,6628000000.0,8578000000.0,1776000000.0,11922000000.0,2884000000.0,4901000000.0,9296500000.0,15.31594963899994,25.26305840841787,46.00088211202823,5.876227208976157,3.562514029180696,1.956484220907298,0.0436530729465824,0.9364987247045966,2022-10-26,2.44,bmo,15947721944.0,2025-04-25,2022-09-30,0.4139344262295083,93.1478125,1293406.125
2022-06-30,BG,USD,1144519,2022-07-27,2022-07-27 15:45:28,2022,Q2,17933000000.0,17161000000.0,772000000.0,0.0430491273,0,0.0,0.0,334000000.0,96000000.0,430000000.0,17591000000.0,11000000.0,92000000.0,102000000.0,455000000.0,0.0253722188,342000000.0,0.0190709864,-81000000.0,261000000.0,0.0145541739,36000000.0,206000000.0,0.0114872024,1.36,1.34,151799677,154072714,https://www.sec.gov/Archives/edgar/data/1144519/000114451922000190/0001144519-22-000190-index.htm,https://www.sec.gov/Archives/edgar/data/1144519/000114451922000190/bg-20220630.htm,118.13595624449188,1.3570516358872091,-11.864320370062448,-12.56260907590732,6.521753007419114,62.84598352603873,57.23991099137846,57.523179051296665,50.01328164881405,13766712707.13,20448712707.13,16.707175615449028,0.7676748289260023,-7.643927100016657,-7.21904179713162,1.5765818491903345,1.5765818491903345,1.1402839852300226,44.94222572995603,-11.354088121671293,-10.72297467599895,0.014963630343888,-0.1385225391543425,0.858909757214842,0.2735329516029031,14.685714285714283,1.5061445691168611,3.717391304347826,-8.004444444444445,0.0058111185801507,0.3883495145631068,0.0,0.0,0.031036872241876,-0.0588561910049972,0.0059108905369988,0.5196078431372549,0.0008922098923771,41.90934615622615,0.0162251712182541,0.0077536886479975,-62.32885462595549,6631000000.0,8689000000.0,1853000000.0,11983000000.0,2946000000.0,5591500000.0,10734500000.0,14.634472759716724,28.04207214031816,54.96707651069285,6.149862825788752,3.2094632504207965,1.6373437649079283,0.0235913879981676,0.6982887058448748,2022-07-27,3.4,bmo,18541945858.0,2025-04-25,2022-06-30,-0.126470588235294,110.95596774193548,1703722.5161290322
2022-03-31,BG,USD,1144519,2022-04-27,2022-04-27 16:10:29,2022,Q1,15880000000.0,14676000000.0,1204000000.0,0.0758186398,0,0.0,0.0,308000000.0,-10000000.0,298000000.0,14974000000.0,9000000.0,111000000.0,102000000.0,1017000000.0,0.0640428212,906000000.0,0.0570528967,-102000000.0,804000000.0,0.0506297229,108000000.0,688000000.0,0.043324937,4.83,4.48,153571462,153620928,https://www.sec.gov/Archives/edgar/data/1144519/000114451922000105/0001144519-22-000105-index.htm,https://www.sec.gov/Archives/edgar/data/1144519/000114451922000105/bg-20220331.htm,103.40462865424828,4.479999024818817,-17.294879956277292,-17.98511236417089,4.232557218215452,59.32742894640151,53.3823139614312,55.87626690693353,49.01301258693493,17017253704.22,24047253704.22,6.183595096010175,1.0716154725579343,-6.407098533215362,-6.161206989217958,1.983131768351008,1.983131768351008,1.514310686663728,23.645283878289085,-9.053935882612953,-8.706464049319335,0.0404295553182818,-0.1623058601585677,0.8642349376529542,0.2581813117950146,6.912487708947886,1.5072150072150072,8.162162162162161,-3.816091954022988,0.0048186388606091,0.1191860465116279,0.0,0.0,0.0317852666759504,-0.0399096385542168,0.0066750629722921,1.03921568627451,0.0010075566750629,75.04882729400579,0.0443582663572584,0.0247384128582215,-73.17114686321082,7030000000.0,8198000000.0,1277000000.0,12498000000.0,2741000000.0,5043000000.0,9709500000.0,16.866498740554157,35.789043336058874,67.3834832379395,5.336021505376344,2.5147361206305687,1.3356388787768474,0.0801771355319892,0.6902324078935967,2022-04-27,2.94,bmo,14632168583.0,2025-04-25,2022-03-31,0.4489795918367346,102.42354838709676,1544910.1451612904
2021-12-31,BG,USD,1144519,2022-02-24,2022-02-24 17:28:50,2021,Q4,16683000000.0,15994000000.0,689000000.0,0.0412995265,0,0.0,0.0,338000000.0,10000000.0,348000000.0,16342000000.0,14000000.0,59000000.0,107000000.0,462000000.0,0.027692861,341000000.0,0.0204399688,-45000000.0,296000000.0,0.0177426122,64000000.0,231000000.0,0.0138464305,1.57,1.52,141057414,152000000,https://www.sec.gov/Archives/edgar/data/1144519/000114451922000017/0001144519-22-000017-index.htm,https://www.sec.gov/Archives/edgar/data/1144519/000114451922000017/bg-20211231.htm,118.27098999560562,1.637631042917035,-8.875818466372849,-10.010108366228804,10.081001484969802,58.174893238862296,51.68817287406105,54.36793276247075,48.76737638193197,13169120171.04,19087120171.04,14.252294557402598,0.7893736241107714,-10.51846659028754,-9.326572359093484,1.7171887040083451,1.7171887040083451,1.144105986395732,41.31411292432901,-15.245303650990415,-13.5177904894051,0.0175410351640642,-0.107220526630557,0.889294562524449,0.2863260422351903,12.80952380952381,1.765336765336765,5.779661016949152,-5.396551724137931,0.0063026230243174,0.3593073593073593,0.0,0.0,0.0384147109450438,-0.1277955271565495,0.0095906012108134,0.5031446540880503,0.0008991188635137,44.75800291231262,0.0166814548914161,0.0100855745721271,-57.395068932711325,7136000000.0,7291000000.0,847000000.0,12462000000.0,2655500000.0,4097000000.0,8222500000.0,13.519151231792844,23.91521820682756,47.44216581217957,6.6572226656025535,3.763294117647059,1.8970466136875817,0.0301212674403442,1.1342898998559552,2022-02-09,3.05,bmo,15315882857.0,2025-04-25,2021-12-31,0.1442622950819673,89.24546875,920106.421875
2021-09-30,BG,USD,1144519,2021-10-27,2021-10-27 16:20:13,2021,Q3,14117000000.0,13255000000.0,862000000.0,0.061061132,0,0.0,0.0,327000000.0,-244000000.0,83000000.0,13338000000.0,19000000.0,57000000.0,105000000.0,903000000.0,0.0639654317,779000000.0,0.0551816958,-38000000.0,741000000.0,0.0524899058,92000000.0,653000000.0,0.0462562867,4.59,4.28,141433651,152538592,https://www.sec.gov/Archives/edgar/data/1144519/000114451921000208/0001144519-21-000208-index.htm,https://www.sec.gov/Archives/edgar/data/1144519/000114451921000208/bg-20210930.htm,99.81358679625686,4.617005892041916,-1.4565133441969902,-2.205981375676995,10.492552440720068,56.80402042368262,49.422467358917295,52.99304618813807,52.22236679727656,11501384499.32,17797384499.32,4.403286561761102,0.8147187433109018,-55.83196358893204,-36.86341185679487,1.5345409605496998,1.5345409605496998,1.26070585105334,19.709174417851607,-86.39507038504854,-57.04289903628205,0.0567757733895956,-0.0271271689089645,0.9778519012675116,0.3039943589530881,6.972314507198228,1.6942309662875294,13.666666666666666,-0.3174114021571648,0.0071295764440227,0.1255742725880551,0.0,0.0,0.0433033307063752,-0.5145631067961165,0.0075086774810512,-3.7857142857142856,0.0012042218601685,74.19607230829246,0.0417476626862908,0.0283112941686538,-59.95921013168217,6775000000.0,6990000000.0,459000000.0,12387000000.0,2855000000.0,3789000000.0,8237000000.0,17.88269462350358,26.77932855526216,54.4141833270464,5.032798573975045,3.3608012170385395,1.6539805340653857,0.0871247498332221,0.7494680314800047,2021-10-27,1.42,bmo,13289100000.0,2025-04-25,2021-09-30,1.6197183098591552,77.19375,1064430.875
2021-06-30,BG,USD,1144519,2021-07-28,2021-07-28 17:10:05,2021,Q2,15391000000.0,14726000000.0,665000000.0,0.0432070691,0,0.0,0.0,297000000.0,-99000000.0,198000000.0,14924000000.0,6000000.0,54000000.0,106000000.0,579000000.0,0.037619388,467000000.0,0.0303424079,-48000000.0,419000000.0,0.0272237022,50000000.0,362000000.0,0.0235202391,2.49,2.37,141536775,152679954,https://www.sec.gov/Archives/edgar/data/1144519/000114451921000156/0001144519-21-000156-index.htm,https://www.sec.gov/Archives/edgar/data/1144519/000114451921000156/bg-20210630.htm,108.74205661390828,2.5576391718689364,-3.172320409307051,-3.737544535686927,6.365836723353348,55.208266544154334,47.57067553644627,50.757126548912815,56.88274301855472,11061098966.25,18594098966.25,7.638880501553868,0.7186731834351244,-24.63496429008909,-20.90944984168242,1.5396852681305682,1.5396852681305682,1.2081150650542525,32.1141605634715,-41.412247140868594,-35.14952545604915,0.0327273086611508,-0.0478252659716817,1.1131681514476617,0.3187960932828383,13.010362694300518,1.7009010754771825,8.648148148148149,-1.2168021680216805,0.0071421474702511,0.218232044198895,0.0,0.0,0.0430934821606537,-0.1781737193763919,0.0051978428951984,-2.4242424242424243,0.0010395685790396,54.04548399304686,0.0243529178335098,0.0150808198633561,-70.37923536126918,7234000000.0,6733000000.0,284000000.0,12892000000.0,2761000000.0,3738000000.0,8538000000.0,16.987200311870573,22.20969713432025,51.70446828738287,5.298106712564544,4.052283984589984,1.740661938534279,0.0503897550111358,0.5652241263798755,2021-07-28,1.6,bmo,12965100000.0,2025-04-25,2021-06-30,0.6312499999999999,84.41825396825398,1247205.0634920634
2021-03-31,BG,USD,1144519,2021-05-04,2021-05-04 17:13:14,2021,Q1,12961000000.0,11814000000.0,1147000000.0,0.088496258,0,0.0,0.0,271000000.0,-297000000.0,-26000000.0,11788000000.0,9000000.0,73000000.0,106000000.0,1288000000.0,0.0993750482,1173000000.0,0.0905022761,-64000000.0,1109000000.0,0.0855643855,192000000.0,831000000.0,0.0641154232,5.86,5.52,140342396,150612122,https://www.sec.gov/Archives/edgar/data/1144519/000114451921000076/0001144519-21-000076-index.htm,https://www.sec.gov/Archives/edgar/data/1144519/000114451921000076/bg-20210331.htm,92.35270573547854,5.921232811216933,-7.032799981553685,-7.4104478022450175,4.111373444130169,51.687873420659,44.191920451465,47.29148275336557,56.47616276980194,11124941730.92,18751941730.92,3.3468537096630566,0.8583397678358151,-11.271470851995948,-10.697059356653844,1.6762003512008437,1.6762003512008437,1.4467974485703263,14.558960971211178,-18.998927792218844,-18.03071320280769,0.0746970204518346,-0.0934836357038604,1.1832153081211392,0.3200994578730689,5.921583850931677,1.5242504409171076,16.068493150684933,-1.076335877862595,0.0071011607890432,0.0950661853188929,0.0,0.0,0.0428810174051277,-0.0536980749746707,0.0040891906488696,0.5,0.0010030090270812,79.37592384238673,0.0600606692377415,0.0353903155742941,-74.32714772804648,5945000000.0,6202000000.0,6000000.0,11494000000.0,2373000000.0,3239000000.0,7894000000.0,18.1722089344958,29.26866429659725,65.63737938039614,4.952617500955292,3.074960957834461,1.3711699164345403,0.1252071719150218,0.3776478206913326,2021-05-04,1.55,bmo,10608209361.0,2025-04-25,2021-03-31,1.0193548387096774,74.32295081967213,1521287.6393442622
2020-12-31,BG,USD,1144519,2021-02-19,2021-02-19 14:45:09,2020,Q4,12610000000.0,11706000000.0,904000000.0,0.0716891356,0,0.0,0.0,365000000.0,-193000000.0,172000000.0,11878000000.0,4000000.0,70000000.0,112000000.0,848000000.0,0.0672482157,732000000.0,0.0580491673,-66000000.0,666000000.0,0.052815226,97000000.0,551000000.0,0.0436954798,3.93,3.74,139790238,149000000,https://www.sec.gov/Archives/edgar/data/1144519/000114451921000006/0001144519-21-000006-index.htm,https://www.sec.gov/Archives/edgar/data/1144519/000114451921000006/bg-20201231.htm,90.20658509788072,3.9416200149827354,-10.072234085473122,-11.037966757020616,4.993195590667783,47.35666878255118,39.38043227310336,43.41504876756845,58.47332486836456,9167443808.04,16919443808.04,4.159457263176043,0.7269979229214908,-6.510968613664772,-5.941311605988334,1.5105361357785465,1.5105361357785465,1.3417481211768436,19.95217430193396,-12.01665043184659,-10.965290867167854,0.0601039953489285,-0.16831300330925,1.3353105948261657,0.3425914183047981,9.141509433962264,1.4730086481565772,10.457142857142856,-2.4745166959578206,0.0086174512387756,0.1433756805807622,0.0,0.0,0.0471359120693299,-0.0958806818181818,0.0107057890563045,0.3103448275862069,0.0019032513877874,62.05099972126343,0.0397298384719768,0.0244454303460514,-79.79276778969358,5196000000.0,5505000000.0,-854000000.0,10954000000.0,2050500000.0,2672000000.0,6817500000.0,15.195083267248217,20.26652998462327,55.14095335725269,5.92296852982621,4.44081942336874,1.63218070273285,0.0907892568792222,0.965732671547494,2021-02-10,1.82,bmo,10117446428.0,2025-04-25,2020-12-31,0.6758241758241756,58.34484375,1285457.96875
2020-09-30,BG,USD,1144519,2020-10-28,2020-10-28 15:51:37,2020,Q3,10159000000.0,9557000000.0,602000000.0,0.059257801,0,0.0,0.0,352000000.0,-106000000.0,246000000.0,9803000000.0,5000000.0,56000000.0,106000000.0,467000000.0,0.0459690914,356000000.0,0.0350428192,-51000000.0,305000000.0,0.03002264,38000000.0,262000000.0,0.02578994,1.9,1.84,139642937,148549984,https://www.sec.gov/Archives/edgar/data/1144519/000114451920000061/0001144519-20-000061-index.htm,https://www.sec.gov/Archives/edgar/data/1144519/000114451920000061/bg-20200930.htm,72.74983051953426,1.8762137608148417,-4.482861886527064,-5.220457372648929,4.189255916323215,41.92120364813009,34.16570936201378,38.14729276282695,53.07106939465188,6381682220.900001,13445682220.900002,6.089391432156488,0.6281801575844079,-10.194380544568691,-8.754022250891634,1.1979880272010517,1.1979880272010517,1.3235241875086132,28.791610751391865,-21.47872559249201,-18.44400853347051,0.0410550057071081,-0.1142332029026023,1.3807020837244228,0.3542700255286354,15.126338329764454,1.5115315718763995,6.357142857142857,-2.344569288389513,0.0122224826150932,0.2977099236641221,0.0,0.0,0.0521651172872212,-0.1645367412140575,0.0101387931883059,0.6776315789473685,0.0019686977064671,40.1295489812381,0.0219762993892775,0.0133143612155706,-68.8291166491292,4569000000.0,4771000000.0,-1406000000.0,10243000000.0,1912500000.0,2655000000.0,6235000000.0,17.470223447189685,25.501726483206024,60.86324160301349,5.151622718052739,3.5291728212703104,1.4787250502862448,0.0491834052937863,0.7375954861218652,2020-10-28,0.2,bmo,822591093.0,2025-04-25,2020-09-30,11.35,44.70625,1038362.40625
2020-06-30,BG,USD,1144519,2020-07-29,2020-07-29 15:09:36,2020,Q2,9462000000.0,8357000000.0,1105000000.0,0.1167829212,0,0.0,0.0,346000000.0,13000000.0,359000000.0,8716000000.0,6000000.0,62000000.0,104000000.0,856000000.0,0.0904671317,746000000.0,0.0788416825,-56000000.0,690000000.0,0.072923272,168000000.0,516000000.0,0.0545339252,3.62,3.47,141565298,150203077,https://www.sec.gov/Archives/edgar/data/1144519/000114451920000057/0001144519-20-000057-index.htm,https://www.sec.gov/Archives/edgar/data/1144519/000114451920000057/bg-20200630.htm,66.83841402996941,3.6449610694846974,-7.508902358260143,-8.017501577258008,4.224199068898933,39.600100301417086,32.01349528469894,35.9763308660573,48.189776000047694,5822580706.740001,12305580706.740002,2.821017784273256,0.6153646910526317,-5.477498313019756,-5.130027054396477,1.1432516604633811,1.1432516604633811,1.300526390481928,14.3756783957243,-11.576275359115712,-10.841921327524233,0.0886204976777218,-0.1949307458608803,1.327311996858433,0.3642437631337895,7.5735981308411215,1.5298826040554965,12.03225806451613,-2.0363984674329503,0.0137396120430576,0.1550387596899224,0.0,0.0,0.0578694972789482,-0.0677328316086547,0.0076093849080532,-0.1596452328159645,0.0012682308180088,54.3182963849916,0.0423062381852552,0.0295110094366599,-56.24083099800348,3972000000.0,4532000000.0,-1485000000.0,9536000000.0,1916000000.0,2985000000.0,5729000000.0,17.625237793278377,28.02201747038411,64.6918750747876,5.106314085267134,3.2117601844734818,1.3912102547028466,0.1013155311211466,0.5085992189978649,2020-07-29,1.32,bmo,3219030927.0,2025-04-25,2020-06-30,1.939393939393939,38.78174603174603,1622149.4444444445
2020-03-31,BG,USD,1144519,2020-05-07,2020-05-06 18:50:43,2020,Q1,9173000000.0,8999000000.0,174000000.0,0.0189687125,0,0.0,0.0,295000000.0,57000000.0,352000000.0,9351000000.0,7000000.0,77000000.0,113000000.0,-58000000.0,-0.0063229042,-178000000.0,-0.0194047749,-70000000.0,-248000000.0,-0.0270358661,-55000000.0,-184000000.0,-0.0200588684,-1.46,-1.46,141780821,141899104,https://www.sec.gov/Archives/edgar/data/1144519/000114451920000020/0001144519-20-000020-index.htm,https://www.sec.gov/Archives/edgar/data/1144519/000114451920000020/bg-03312020x10q.htm,64.69845452510111,-1.297777786178851,-3.096328522459325,-3.4842512302845248,3.364347847865827,37.84715000345498,30.187439808942848,34.292367371747694,40.80946886321105,5817267085.63,11333267085.63,-7.903895496779892,0.6341727990439333,-13.251177871594534,-11.775844302894738,1.196476159117647,1.196476159117647,1.2355027892325303,-195.40115664879312,-25.81609814494305,-22.941836205728748,-0.0316299728534938,-0.0849196010305757,1.17420814479638,0.3070015057001505,-95.10344827586206,1.3836948391922217,-2.311688311688312,2.2746113989637307,0.013580260083837,-0.4293478260869565,0.0,0.0,0.0583996558399655,-0.1252847380410023,0.0059958574076092,0.4867256637168141,0.0016352338384388,,-0.0115091553297097,-0.0105082809822958,-60.25673952050256,3078000000.0,4280000000.0,-2130000000.0,8750000000.0,2098500000.0,3105000000.0,5244500000.0,19.41676659762346,33.683742638070896,54.51605733970441,4.635169277412834,2.671912114014252,1.6508897450009172,-0.0378445084327437,0.3879227078252001,2020-05-06,0.64,bmo,4586500000.0,2025-04-25,2020-03-31,-3.09375,48.90532258064516,1379622.1451612904
2019-12-31,BG,USD,1144519,2020-02-21,2020-02-21 14:58:14,2019,Q4,10783000000.0,10212000000.0,571000000.0,0.0529537235,0,0.0,0.0,382000000.0,163000000.0,545000000.0,10757000000.0,9000000.0,90000000.0,120000000.0,155000000.0,0.0143744783,26000000.0,0.0024112028,-81000000.0,-55000000.0,-0.0051006213,16000000.0,-51000000.0,-0.0047296671,-0.48,-0.48,141813142,142000000,https://www.sec.gov/Archives/edgar/data/1144519/000114451920000004/0001144519-20-000004-index.htm,https://www.sec.gov/Archives/edgar/data/1144519/000114451920000004/bg-12312019x10k.htm,76.03667648799433,-0.3596281647860253,3.518714788788757,2.489191022930724,5.02774277436149,45.32020029568205,36.90067032010334,41.69571251725034,41.17389910167846,8161346322.099999,13590346322.099998,-40.00659961813725,0.7568715869516831,16.3554034511022,23.11996125240793,1.38023783563335,1.38023783563335,1.260349283325605,87.67965369096773,27.23516297014028,38.49956465184136,-0.0062489689797745,0.0432526676443218,0.9722645019448672,0.3138614401921712,35.0258064516129,1.553904473085671,0.2888888888888888,-7.028169014084507,0.0098023042819992,-1.568627450980392,0.0,0.0,0.0651853469454605,0.2925851703406814,0.0135398312158026,0.2664233576642336,0.0008346471297412,,0.0025396213955535,-0.0029784500379606,-49.321945070506935,3653000000.0,5233000000.0,-1642000000.0,9775000000.0,2257000000.0,2944000000.0,5252000000.0,18.51247333766113,25.04700352526439,44.40070505287896,4.861587015329126,3.593244194229416,2.026994839221913,-0.0086250634195839,1.0295237658580332,2020-02-12,0.22,bmo,2716976377.0,2025-04-25,2019-12-31,4.7727272727272725,55.3134375,834378.125
2019-09-30,BG,USD,1144519,2019-10-30,2019-10-30 16:10:19,2019,Q3,10323000000.0,11301000000.0,-978000000.0,-0.0947399012,0,0.0,0.0,329000000.0,125000000.0,454000000.0,11755000000.0,8000000.0,86000000.0,134000000.0,-1290000000.0,-0.1249636734,-1432000000.0,-0.1387193645,-78000000.0,-1510000000.0,-0.1462753076,-28000000.0,-1488000000.0,-0.1441441441,-10.57,-10.57,141532639,141562431,https://www.sec.gov/Archives/edgar/data/1144519/000114451919000052/0001144519-19-000052-index.htm,https://www.sec.gov/Archives/edgar/data/1144519/000114451919000052/bg-09302019x10q.htm,72.93723958612826,-10.513475976378848,-1.6250668511875908,-2.4234692606841026,5.299131036481274,35.76560174222428,26.53098272264958,31.512165896941976,51.35211249752787,8013578020.179999,14904578020.18,-1.3463672748958333,0.7762838341741741,-34.841643565999995,-23.363201225014578,1.796766372237668,1.796766372237668,1.4438223404223578,-11.55393644975194,-64.8025131312174,-43.45358023376093,-0.1856848459268606,-0.0428023535973879,1.6103139013452914,0.3854244928625094,-5.341860465116279,1.4691274257022662,-16.651162790697676,0.1551956815114709,0.009858268029719,-0.0530913978494623,0.0,0.0,0.0701406031984544,-0.4913043478260869,0.010946430301269,0.0633053221288515,0.001259323839969,,-0.1053084338090734,-0.0858775321752178,-59.1171058429851,3457000000.0,3755000000.0,-2746000000.0,9636000000.0,2247000000.0,3049500000.0,5670500000.0,20.01743679163034,24.2580302628086,43.53066100345102,4.496080139372823,3.7101116217990806,2.0675082327113063,-0.3336322869955156,0.798402409496512,2019-10-30,0.54,bmo,3514212765.0,2025-04-25,2019-09-30,1.6111111111111107,55.85125,961502.84375
2019-06-30,BG,USD,1144519,2019-07-31,2019-07-31 15:30:28,2019,Q2,10096000000.0,9584000000.0,512000000.0,0.0507131537,0,0.0,0.0,335000000.0,-176000000.0,159000000.0,9743000000.0,7000000.0,88000000.0,155000000.0,515000000.0,0.0510103011,353000000.0,0.0349643423,-81000000.0,272000000.0,0.0269413629,60000000.0,214000000.0,0.0211965135,1.46,1.43,141497071,150136640,https://www.sec.gov/Archives/edgar/data/1144519/000114451919000046/0001144519-19-000046-index.htm,https://www.sec.gov/Archives/edgar/data/1144519/000114451919000046/bg-06302019x10q.htm,71.35130026825784,1.512398797286765,-4.812820471739659,-5.844643950262405,5.31459764280209,49.11762449132251,39.42131070684848,44.74297563375004,52.4180461657754,7964870126.59,15055870126.59,9.30475482078271,0.7889134436004358,-11.69584453243759,-9.631040056336156,1.2580745737782342,1.2580745737782342,1.4912708128555865,29.23469927493204,-22.108473019955948,-18.20540523166868,0.0268679836078657,-0.1038309459986215,1.1576370241667984,0.3588425381903642,13.76893203883495,1.4894729784095482,4.011363636363637,-3.212264150943396,0.0099185546963616,0.3691588785046729,0.0,0.0,0.0671758715236976,-0.2143906020558003,0.0144611727416798,0.453416149068323,0.0012876386687797,39.019962929878325,0.0177424616586816,0.0112324165441948,-57.49942343329496,3650000000.0,5578000000.0,-2367000000.0,11287000000.0,2218000000.0,3447000000.0,5906500000.0,19.593898573692552,28.66965776293823,55.17007512520867,4.59326660600546,3.139207337045529,1.6313191489361702,0.0338019270257463,1.0318234785227465,2019-07-31,0.32,bmo,2258315789.0,2025-04-25,2019-06-30,3.75,53.32079365079365,1515315.4603174604
2019-03-31,BG,USD,1144519,2019-05-08,2019-05-08 17:05:38,2019,Q1,9938000000.0,9501000000.0,437000000.0,0.0439726303,0,0.0,0.0,305000000.0,-24000000.0,281000000.0,9782000000.0,7000000.0,75000000.0,139000000.0,302000000.0,0.0303884081,156000000.0,0.0156973234,-68000000.0,88000000.0,0.0088549004,38000000.0,45000000.0,0.0045280741,0.26,0.26,141205004,141558770,https://www.sec.gov/Archives/edgar/data/1144519/000114451919000027/0001144519-19-000027-index.htm,https://www.sec.gov/Archives/edgar/data/1144519/000114451919000027/bg-03312019x10q.htm,70.37994205927717,0.3186855899242777,-2.846924603323548,-3.6896709411233046,5.715094912642048,47.62579093868373,37.85276618100588,43.19960218973543,49.62288730220921,7457036261.240001,13925036261.240002,41.42797922911111,0.7503558322841619,-18.549841445870648,-14.312929484145874,1.2224649608590163,1.2224649608590163,1.4011910103884082,46.10939159350994,-34.63939368467662,-26.727516816199618,0.0060345690195848,-0.0698668990934161,1.1363934426229507,0.3375700024348673,21.41721854304636,1.3956289581522414,2.08,-8.04,0.0105940211677156,1.7555555555555555,0.0,0.0,0.0672023374726077,-0.2960199004975124,0.0119742402897967,0.8561151079136691,0.0004024954719259,17.599986958444713,0.0059671713771619,0.0023492560689115,-59.17283214694006,3186000000.0,5345000000.0,-2571000000.0,10773000000.0,2238500000.0,3671000000.0,5904500000.0,20.267659488830752,36.38459109567414,56.2488159141143,4.440571939231456,2.473574589950534,1.6000336813742,0.0073770491803278,0.8427463377997567,2019-05-08,0.02612,bmo,828166666.0,2025-04-25,2019-03-31,12.782542113323125,53.05540983606558,1812757.606557377
2018-12-31,BG,USD,1144519,2019-02-22,2019-02-22 15:19:27,2018,Q4,11543000000.0,11121000000.0,422000000.0,0.0365589535,0,0.0,0.0,369000000.0,-28000000.0,341000000.0,11462000000.0,10000000.0,74000000.0,159000000.0,250000000.0,0.0216581478,81000000.0,0.0070172399,-64000000.0,17000000.0,0.0014727541,73000000.0,-65000000.0,-0.0056311184,-0.52,-0.52,141100851,141111081,https://www.sec.gov/Archives/edgar/data/1144519/000114451919000006/0001144519-19-000006-index.htm,https://www.sec.gov/Archives/edgar/data/1144519/000114451919000006/bg-12312018x10k.htm,81.80673552422444,-0.4606634158428995,14.32308866797692,13.082841009938344,3.9050083404528864,48.206654685590806,38.11458231389405,43.74885024612644,38.59650711816048,7540429477.44,12523429477.44,-29.00165183630769,0.6532469442467296,3.731038830994557,4.084739695254604,1.221517815882067,1.221517815882067,1.084937146100667,50.09371790976,6.1966499146165255,6.784089641083423,-0.0086201986497548,0.2448136416530379,0.8702413737242831,0.2765508365508365,19.932,1.543223647518126,1.0945945945945943,-34.8448275862069,0.0106094752612367,-1.2307692307692308,0.0,0.0,0.0733075933075933,0.086590796635329,0.0151607034566403,0.2813504823151125,0.001299488867712,,-0.0198795655946777,-0.0036109105049719,-52.85049627376096,3896000000.0,5378000000.0,-1555000000.0,9858000000.0,2251000000.0,3387500000.0,6527000000.0,17.457333448843457,28.332883733477203,47.51281359589965,5.155426529700759,3.176520994001714,1.8942258559018907,-0.010529726227118,1.2402476580385755,2019-02-21,0.19,bmo,28857500000.0,2025-04-25,2018-12-31,-0.5789473684210527,61.73619047619048,1548101.825396825
2018-09-30,BG,USD,1144519,2018-10-31,2018-10-31 12:25:23,2018,Q3,11412000000.0,10494000000.0,918000000.0,0.0804416404,0,0.0,0.0,333000000.0,39000000.0,372000000.0,10866000000.0,7000000.0,101000000.0,159000000.0,712000000.0,0.0623904662,546000000.0,0.0478443743,-94000000.0,452000000.0,0.0396074308,85000000.0,365000000.0,0.0319838766,2.53,2.44,141075026,149905174,https://www.sec.gov/Archives/edgar/data/1144519/000114451918000059/0001144519-18-000059-index.htm,https://www.sec.gov/Archives/edgar/data/1144519/000114451918000059/bg-9302018x10q.htm,80.89312703724045,2.5872757946541154,0.3756866222374469,-0.3189792075600964,2.7361327581821606,49.08735583008151,38.92255174916643,44.51532052172012,52.46144700338386,9538082507.86,16571082507.86,6.532933224561644,0.835794120913074,179.96382090301887,-211.9573890635556,1.518802947111465,1.518802947111465,1.4520752285191028,23.273992286320222,312.66193411056605,-368.2462779524445,0.0382676496768838,-0.0047179294122185,1.1624203821656052,0.3403898162827567,9.877808988764045,1.579448259245874,5.405940594059406,0.141711229946524,0.0081777443145121,0.2136986301369863,0.0,0.0,0.0668656159656812,1.849056603773585,0.0085874518051174,-0.8828828828828829,0.0008762705923589,50.90581257317392,0.0285407203276609,0.0182390565660603,-62.70599588618896,4810000000.0,5491000000.0,-1410000000.0,11408000000.0,2352500000.0,3206000000.0,7122500000.0,17.847003154574132,28.078902229845625,61.60377358490566,5.0428634555899245,3.205253512522908,1.4609494640122511,0.0581210191082802,0.6946658297975433,2018-10-31,2.39,bmo,10823285714.0,2025-04-25,2018-09-30,0.0543933054393305,65.99650793650794,1382939.174603175
2018-06-30,BG,USD,1144519,2018-08-01,2018-08-01 13:07:04,2018,Q2,12147000000.0,11605000000.0,542000000.0,0.0446200708,0,0.0,0.0,377000000.0,92000000.0,469000000.0,12074000000.0,6000000.0,94000000.0,162000000.0,241000000.0,0.0198402898,73000000.0,0.0060097143,-88000000.0,-15000000.0,-0.0012348728,2000000.0,-12000000.0,-0.0009878982,-0.15,-0.15,140000700,140959421,https://www.sec.gov/Archives/edgar/data/1144519/000114451918000044/0001144519-18-000044-index.htm,https://www.sec.gov/Archives/edgar/data/1144519/000114451918000044/bg-6302018x10q.htm,86.76385189502624,-0.0857138571449999,-12.828507286034998,-13.64993175034125,3.9856943572425,48.45690057264,37.9855243580925,43.899780501097496,57.67114021572749,9759448797.0,17518448797.0,-203.3218499375,0.803445196097802,-5.433991535077951,-5.106985241758242,1.5879350466970386,1.5879350466970386,1.4422037373013914,72.69065890871369,-9.754147437082406,-9.167163159079015,-0.0012295776380002,-0.1958102388515456,1.2984054669703873,0.3606942686675104,32.19502074688797,1.4948579011390026,0.776595744680851,179.6,0.0075823954343351,-6.166666666666667,0.0,0.0,0.0662628819381666,-0.0640311804008908,0.0094673581954392,0.8098591549295775,0.0011525479542273,,0.0051486298670317,-0.0005808887598024,-67.28180644811061,4475000000.0,5318000000.0,-1822000000.0,11215000000.0,2400500000.0,3523500000.0,7007000000.0,18.09335638429242,24.33606204222318,54.76777251184834,4.974201474201474,3.6982154238368383,1.6433021806853585,-0.0019524894240156,0.8214244643062499,2018-08-01,1.05,bmo,126328800000.0,2025-04-25,2018-06-30,-0.9047619047619048,71.59796874999999,1444033.84375
2018-03-31,BG,USD,1144519,2018-05-02,2018-05-02 16:13:47,2018,Q1,10641000000.0,10257000000.0,384000000.0,0.0360868339,0,0.0,0.0,344000000.0,-24000000.0,320000000.0,10577000000.0,8000000.0,70000000.0,142000000.0,214000000.0,0.0201108918,64000000.0,0.0060144723,-62000000.0,2000000.0,0.0001879523,19000000.0,-21000000.0,-0.0019734987,-0.21,-0.21,135000675,140736907,https://www.sec.gov/Archives/edgar/data/1144519/000114451918000020/0001144519-18-000020-index.htm,https://www.sec.gov/Archives/edgar/data/1144519/000114451918000020/bg-3312018x10q.htm,78.82182811308165,-0.1555547777816666,-11.422165111396666,-12.199939000305,6.807373370540555,57.38489826069388,45.52569829743444,52.33307166797499,52.89603181613722,9981949909.5,16765949909.5,-118.83273701785714,0.9380650229771638,-6.473378670233463,-6.060686040983606,1.4128733063694268,1.4128733063694268,1.5755990893243117,78.34556032476635,-10.872859863488976,-10.179690291135396,-0.0021037973732981,-0.1649978225629564,1.0008492569002123,0.3063160630739906,31.70093457943925,1.5644444444444443,0.9142857142857144,81.15789473684211,0.0073132003928936,-3.4761904761904763,0.0,0.0,0.0693553976780454,-0.0680933852140077,0.0098674936566112,0.7394366197183099,0.0006578329104407,,-0.0336654495946531,-0.0009775171065493,-67.94595656651346,4826000000.0,6146000000.0,-1961000000.0,12162000000.0,2270000000.0,3652000000.0,6013000000.0,19.95207217366789,34.29950277859023,61.00029248318221,4.510809665112336,2.623944742900998,1.4754027617951668,-0.0029723991507431,0.7777738889083332,2018-05-02,-0.16,bmo,31923000000.0,2025-04-25,2018-03-31,-0.625,75.54639344262294,1908302.7049180327
2017-12-31,BG,USD,1144519,2018-02-23,2018-02-23 16:34:06,2017,Q4,11605000000.0,11146000000.0,459000000.0,0.0395519173,0,0.0,0.0,399000000.0,-4000000.0,395000000.0,11541000000.0,9000000.0,72000000.0,161000000.0,234000000.0,0.0201637225,64000000.0,0.0055148643,-63000000.0,1000000.0,8.61698e-05,54000000.0,-60000000.0,-0.0051701853,-0.43,-0.43,140646829,141000000,https://www.sec.gov/Archives/edgar/data/1144519/000114451918000008/0001144519-18-000008-index.htm,https://www.sec.gov/Archives/edgar/data/1144519/000114451918000008/bg-12312017x10k.htm,82.51163629149436,-0.4266004461430125,9.299889725917676,8.041418409795787,5.787546052673537,52.30832470456906,46.35013847343832,50.82233315050424,34.59729618219832,9434589289.32,13627589289.32,-39.3107887055,0.8129762420784145,7.212988753302752,8.341811926896552,1.3198921781365416,1.3198921781365416,1.1742860223455407,58.23756106547008,10.418646245657492,12.049150565269672,-0.0063595773128057,0.1198780323463892,0.6706771124790151,0.2540405913836044,17.918803418803417,1.6738535800482703,0.8888888888888888,-24.67924528301887,0.0078434786857938,-1.2333333333333334,0.0,0.0,0.0444067616978432,0.1353211009174312,0.0152520465316673,0.2906403940886699,0.0001723395088323,,-0.25522949586155,-0.0033272334054233,-46.40879603478298,4188000000.0,6519000000.0,-1111000000.0,9627000000.0,2371000000.0,3522500000.0,5461000000.0,16.91426109435588,27.413421855374125,40.97075183922483,5.320953690967446,3.283063328424153,2.196689002759165,-0.0083939563514269,1.258471316121887,2018-02-14,1.48,bmo,23729626865.0,2025-04-25,2017-12-31,-0.5472972972972973,67.97492063492064,1259581.4444444445
2017-09-30,BG,USD,1144519,2017-11-01,2017-11-01 16:26:03,2017,Q3,11423000000.0,10934000000.0,489000000.0,0.0428083691,0,0.0,0.0,339000000.0,-26000000.0,313000000.0,11247000000.0,9000000.0,64000000.0,166000000.0,351000000.0,0.0307274796,176000000.0,0.0154075112,-55000000.0,121000000.0,0.0105926639,29000000.0,92000000.0,0.0080539263,0.59,0.59,140601605,141556299,https://www.sec.gov/Archives/edgar/data/1144519/000162828017010515/0001628280-17-010515-index.htm,https://www.sec.gov/Archives/edgar/data/1144519/000162828017010515/bg-9302017x10q.htm,81.2437382916077,0.6543310796487707,1.244651510201466,0.227593419008268,6.635770622959816,55.12028116606493,49.053494090625776,53.66937311988722,42.18301775431369,9766187483.3,15244187483.3,26.53855294375,0.8549581969097434,55.806785618857134,305.19335885312495,1.2942204457063342,1.2942204457063342,1.334516981817386,43.43073357065527,87.10964276171428,476.38085885312495,0.0094202574092826,0.0032766112727939,0.7774980121918897,0.2854710003892565,15.606837606837606,1.6048473486877344,2.75,1.9021739130434785,0.0073723753637863,0.782608695652174,0.0,0.0,0.0415044764499805,0.8171428571428572,0.0125186028188742,0.3235294117647059,0.0008754267705506,28.109511278145547,0.0091001823745788,0.0046702878318696,-49.95853354590084,4517000000.0,6897000000.0,-817000000.0,10790000000.0,2400500000.0,3581500000.0,5651000000.0,20.17771163442178,30.04389976220962,48.13608926284982,4.460367044123389,2.9956164383561643,1.8696990424076607,0.0121918897429101,1.017058091193198,2017-11-01,0.73,bmo,11118386666.0,2025-04-25,2017-09-30,0.0273972602739726,75.70936507936507,937740.3174603176
2017-06-30,BG,USD,1144519,2017-08-02,2017-08-02 16:09:06,2017,Q2,11645000000.0,11290000000.0,355000000.0,0.0304851868,0,0.0,0.0,326000000.0,-51000000.0,275000000.0,11565000000.0,8000000.0,62000000.0,152000000.0,240000000.0,0.0206097037,80000000.0,0.0068699012,-54000000.0,26000000.0,0.0022327179,-55000000.0,81000000.0,0.006955775,0.52,0.51,140466021,141398804,https://www.sec.gov/Archives/edgar/data/1144519/000110465917048844/0001104659-17-048844-index.htm,https://www.sec.gov/Archives/edgar/data/1144519/000110465917048844/a17-13282_110q.htm,82.90261172842648,0.5766519149851906,-3.0612385610324933,-4.200304072114351,6.158072919286295,52.930950468085086,46.76575838935453,51.45016530367867,41.79658509725993,10478765166.599998,15712765166.599998,32.341867798148144,0.8998510233233146,-24.36922131767442,-17.760618926440674,1.4499467506019097,1.4499467506019097,1.3493143122885358,65.46985486083332,-36.54131434093023,-26.63180536711864,0.0077299184314368,-0.0563043441302191,0.8037913380379134,0.2842950129692164,21.808333333333337,1.5018278078910878,1.2903225806451613,-4.942528735632184,0.0064893142387371,0.8395061728395061,0.0,0.0,0.0423824205941369,-0.3720930232558139,0.0137398024903392,0.4923076923076923,0.0006011163589523,25.836966111467028,0.01731851638043,0.0041396228343639,-55.00262586636522,3981000000.0,6569000000.0,-1084000000.0,10178000000.0,2179500000.0,3705500000.0,5321000000.0,17.312151137827392,28.0044286979628,43.47741364038973,5.198660714285714,3.2137773982351265,2.07004033736707,0.0112079701120797,1.139065511081858,2017-08-02,0.1,bmo,11645000000.0,2025-04-25,2017-06-30,0.7000000000000001,76.07539682539682,1649169.9365079366
2017-03-31,BG,USD,1144519,2017-05-03,2017-05-03 16:07:46,2017,Q1,11121000000.0,10661000000.0,460000000.0,0.0413631868,0,0.0,0.0,378000000.0,-53000000.0,325000000.0,10986000000.0,12000000.0,65000000.0,130000000.0,277000000.0,0.024907832,135000000.0,0.0121391961,-53000000.0,82000000.0,0.0073734376,28000000.0,47000000.0,0.0042262386,0.27,0.27,139752305,140897156,https://www.sec.gov/Archives/edgar/data/1144519/000110465917029418/0001104659-17-029418-index.htm,https://www.sec.gov/Archives/edgar/data/1144519/000110465917029418/a17-8814_110q.htm,79.576505017216,0.3363093009449826,-0.3363093009449826,-1.6386134024766177,6.103656036299365,54.61806157687346,48.45000588720165,53.15118058339002,37.65233067175529,11076767694.3,15597767694.3,58.91897709734043,0.9960226323442136,-235.67590838936167,-48.370164603930135,1.4912180525444263,1.4912180525444263,1.402550822255193,56.309630665342965,-331.86739775106383,-68.11252268253276,0.0042431150762677,-0.0206739011162833,0.6996499730748519,0.2520368574199806,16.32129963898917,1.393686165273909,2.076923076923077,-0.9791666666666666,0.0060486959597859,1.425531914893617,0.0,0.0,0.0418040737148399,-3.872340425531915,0.0163654347630608,1.4,0.000899199712256,20.05474554049514,0.0063797946913807,0.0023787832776596,-56.89172711677278,3392000000.0,6771000000.0,-979000000.0,9605000000.0,2221500000.0,3691500000.0,4980500000.0,17.14863771243593,32.90685676765782,43.79701716536911,5.248230297310052,2.7349923037455106,2.054934464148034,0.0063274098007539,1.3023041015316348,2017-05-03,0.65,bmo,22242000000.0,2025-04-25,2017-03-31,-0.4615384615384615,74.92854838709677,1222101.1129032257
2016-12-31,BG,USD,1144519,2017-02-28,2017-02-28 16:19:47,2016,Q4,11799000000.0,11095000000.0,704000000.0,0.0596660734,0,0.0,0.0,345000000.0,-60000000.0,285000000.0,11380000000.0,14000000.0,45000000.0,145000000.0,578000000.0,0.0489872023,419000000.0,0.035511484,-31000000.0,388000000.0,0.0328841427,102000000.0,271000000.0,0.0229680481,1.88,1.82,139500862,148000000,https://www.sec.gov/Archives/edgar/data/1144519/000104746917001059/0001047469-17-001059-index.htm,https://www.sec.gov/Archives/edgar/data/1144519/000104746917001059/a2230755z10-k.htm,84.58012252282714,1.9426403257637217,9.096717983004291,6.974867295085245,7.827908618944592,52.637667572262025,47.55526170153701,51.21115308950564,34.67362086981226,10077542270.88,13935542270.88,9.29662571114391,0.8541013874802948,7.941325666572103,10.357186301007191,1.4106302170884657,1.4106302170884657,1.1810782499262649,24.10993472470588,10.981514791867612,14.3222428272148,0.0268914773776816,0.0965513191456983,0.6707726763717805,0.2497394204711278,6.674740484429066,1.4435190005205625,9.311111111111112,4.4526315789473685,0.0065492158927195,0.2435424354243542,0.0,0.0,0.0369501771940796,0.2332545311268715,0.0250868717687939,0.5411334552102377,0.0011017882871429,47.31182886141682,0.0233500049492642,0.0146652957411115,-47.47999334943177,3408000000.0,6634000000.0,-753000000.0,8603000000.0,2227500000.0,3345000000.0,4973000000.0,17.72692601067887,28.269490761604327,38.71744028841821,5.077022375215146,3.1836441893830703,2.324533836161743,0.0379339305711086,2.121850687919047,2017-02-15,1.57,bmo,10896723529.0,2025-04-25,2016-12-31,0.0828025477707005,66.62460317460318,1068198.380952381
2016-09-30,BG,USD,1144519,2016-11-02,2016-11-02 16:17:16,2016,Q3,11423000000.0,10867000000.0,556000000.0,0.0486737284,0,0.0,0.0,324000000.0,2000000.0,326000000.0,11193000000.0,13000000.0,73000000.0,148000000.0,391000000.0,0.0342291867,230000000.0,0.0201348157,-60000000.0,170000000.0,0.0148822551,45000000.0,118000000.0,0.0103300359,0.83,0.83,139444320,139927845,https://www.sec.gov/Archives/edgar/data/1144519/000110465916154166/0001104659-16-154166-index.htm,https://www.sec.gov/Archives/edgar/data/1144519/000110465916154166/a16-17104_110q.htm,81.91800139295742,0.846215894630918,9.458972584899836,7.93148118187962,4.568131566778769,52.18570394262025,47.2446636765126,50.7944676412779,39.26298324664641,8259287073.599999,13364287073.599998,17.498489562711864,0.7230401009892322,6.261779434116755,7.467709831464737,1.1660718725963573,1.1660718725963573,1.1699454673553356,34.179762336572885,10.132135764670204,12.083442200361665,0.0142869474021765,0.1339098629390447,0.7626711845263306,0.269493639311549,13.05626598465473,1.4398019562854727,3.150684931506849,10.146153846153846,0.0081120803046256,0.5677966101694916,0.0,0.0,0.0343726615115989,0.1614859742228961,0.0186465902127287,-5.605263157894737,0.0004377133852753,31.098543892612028,0.0123272576032381,0.0060963008886133,-56.98511061619433,3642000000.0,6588000000.0,-845000000.0,9500000000.0,2068500000.0,3005000000.0,5569500000.0,16.78981003239079,26.543664304775927,42.84255084199871,5.360394181135617,3.3906396255850235,2.100715252271409,0.0166596075109416,1.5274914030202162,2016-11-02,0.81,bmo,12674835616.0,2025-04-25,2016-09-30,-0.0987654320987655,62.1728125,1017935.125
2016-06-30,BG,USD,1144519,2016-07-28,2016-07-28 16:17:11,2016,Q2,10541000000.0,10011000000.0,530000000.0,0.0502798596,0,0.0,0.0,303000000.0,19000000.0,322000000.0,10333000000.0,14000000.0,59000000.0,141000000.0,363000000.0,0.0344369604,208000000.0,0.0197324732,-45000000.0,163000000.0,0.0154634285,39000000.0,121000000.0,0.0114789868,0.78,0.78,139406634,139764877,https://www.sec.gov/Archives/edgar/data/1144519/000110465916135011/0001104659-16-135011-index.htm,https://www.sec.gov/Archives/edgar/data/1144519/000110465916135011/a16-11229_110q.htm,75.6133312852242,0.8679644327399799,-5.45885068855475,-6.642438551381996,7.460190165699001,52.65172674637565,47.13548997962321,51.11664915458758,47.91020203529195,8245902401.099999,14317902401.099998,17.036988432024792,0.7822694622047244,-10.83561419329829,-8.904862204211662,1.1571572272102162,1.1571572272102162,1.3583058913860164,39.44325730330578,-18.8145892261498,-15.462097625377968,0.0146739549068466,-0.1122982003614876,0.9289924221161944,0.2996152975786377,16.727272727272727,1.344449830344159,3.5254237288135597,-6.341666666666667,0.0075188859853263,0.512396694214876,0.0,0.0,0.0348042543561891,-0.216819973718791,0.0156531638364481,0.2582159624413145,0.0012332795749928,31.59536755931444,0.0105404429013026,0.0056738253774735,-66.19125457114185,3553000000.0,6571000000.0,-887000000.0,9405000000.0,2126500000.0,3044500000.0,5386500000.0,17.127407266862726,25.217261012885828,53.63500149835181,5.254735792622133,3.568983957219251,1.67800871605766,0.0169800729722144,1.1835878628272454,2016-07-28,0.38,bmo,10427008093.0,2025-04-25,2016-06-30,1.0789473684210529,61.18765625,1336292.390625
2016-03-31,BG,USD,1144519,2016-04-28,2016-04-28 16:29:48,2016,Q1,8916000000.0,8296000000.0,620000000.0,0.0695379094,0,0.0,0.0,314000000.0,-16000000.0,298000000.0,8594000000.0,10000000.0,57000000.0,113000000.0,445000000.0,0.0499102737,322000000.0,0.0361148497,-47000000.0,275000000.0,0.0308434275,34000000.0,235000000.0,0.0263571108,1.57,1.54,141062415,149213091,https://www.sec.gov/Archives/edgar/data/1144519/000110465916115315/0001104659-16-115315-index.htm,https://www.sec.gov/Archives/edgar/data/1144519/000110465916115315/a16-6538_110q.htm,63.20606378389311,1.6659292271438852,0.5458576616599113,-0.2339389978542477,7.861768140010931,49.651780029428814,44.20738153391178,48.007117983908046,36.62917581554236,7994007058.05,12581007058.05,8.504262827712767,0.8965911908983849,103.81827348116884,-242.24263812272727,1.180449949505316,1.180449949505316,1.4110595623654103,28.271925973146065,163.3897020525974,-381.24263812272727,0.0293970218306667,-0.0041280924272851,0.7545776727702304,0.2698136121231321,10.307865168539326,1.6106880992667794,5.649122807017544,0.3318965517241379,0.0077558100148993,0.2638297872340425,0.0,0.0,0.040551243465864,1.4285714285714286,0.0123373710183938,0.9734513274336284,0.0014580529385374,42.42016468152367,0.0215214376837317,0.0129326949534973,-47.76077313010698,4331000000.0,6236000000.0,-512000000.0,9983000000.0,2109000000.0,2979500000.0,4636500000.0,22.68169582772544,35.626808100289296,52.14922854387657,3.9679572763684914,2.526187576126675,1.7258165175785314,0.0347017129356172,0.779796659514159,2016-04-28,0.73,bmo,7651691345.0,2025-04-25,2016-03-31,0.9315068493150684,57.04327868852459,1619858.4426229508
2015-12-31,BG,USD,1144519,2016-02-25,2016-02-25 17:05:27,2015,Q4,11105000000.0,10402000000.0,703000000.0,0.0633048176,0,0.0,0.0,385000000.0,18000000.0,403000000.0,10805000000.0,1000000.0,71000000.0,142000000.0,443000000.0,0.0398919406,300000000.0,0.0270148582,-70000000.0,230000000.0,0.0207113913,26000000.0,203000000.0,0.018280054,1.32,1.3,142483467,151000000,https://www.sec.gov/Archives/edgar/data/1144519/000104746916010442/0001047469-16-010442-index.htm,https://www.sec.gov/Archives/edgar/data/1144519/000104746916010442/a2227431z10-k.htm,77.93886711080661,1.424726701800427,-0.161422237149802,-2.1546359480430106,6.80780739283948,46.68611832697754,41.464459873088295,45.205244760081534,33.96183502469097,9728771126.76,14085771126.76,11.98124523,0.8760712405907249,-422.99004898956525,-31.6898082304886,1.5104442053656264,1.5104442053656264,1.2684170307753264,31.79632308523702,-612.4248315982609,-45.88199064091205,0.020865944666087,-0.0315558867610282,0.7402577239559075,0.2661605448252763,9.835214446952596,1.4871934604904633,4.225352112676056,-0.1133004926108374,0.0072979412378925,0.3497536945812808,0.0,0.0,0.0415317628670313,-12.347826086956522,0.0255740657361548,0.5211009174311927,0.0007203962179198,38.06724554784625,0.0214309726580008,0.0118229470005824,-46.186060309720006,3576000000.0,5908000000.0,-346000000.0,8602000000.0,2057500000.0,3070000000.0,4739500000.0,15.973885637100404,23.144587579311672,38.64064602960969,5.634195839675292,3.8885981308411215,2.329153605015674,0.031516845210371,1.9932137108932084,2016-02-11,1.56,bmo,11626711409.0,2025-04-25,2015-12-31,-0.0448717948717949,70.465,1117535.8125
2015-09-30,BG,USD,1144519,2015-11-06,2015-11-06 16:11:53,2015,Q3,10762000000.0,10017000000.0,745000000.0,0.0692250511,0,0.0,0.0,358000000.0,-25000000.0,333000000.0,10350000000.0,18000000.0,77000000.0,136000000.0,566000000.0,0.0525924549,412000000.0,0.0382828471,-59000000.0,353000000.0,0.0328005947,140000000.0,239000000.0,0.0222077681,1.61,1.56,142453910,152000000,https://www.sec.gov/Archives/edgar/data/1144519/000110465915076699/0001104659-15-076699-index.htm,https://www.sec.gov/Archives/edgar/data/1144519/000110465915076699/a15-17887_110q.htm,75.54724191143647,1.6777356269125925,6.549486777863802,5.545653327451665,5.131484281477427,47.02573625392241,43.34735354052409,45.24972322627017,30.234340356119397,10441871603.0,14368871603.0,10.922459835774058,0.9702538192715108,11.191716616291531,13.21755899113924,1.6198994109525284,1.6198994109525284,1.3351488202007062,25.38669894522968,15.400719831725617,18.188445067088608,0.0228886170110858,0.0756569348902,0.6562209121936085,0.2294050653506155,6.938162544169611,1.4083231334149326,5.35064935064935,3.9871794871794872,0.0059376328648005,0.2594142259414226,0.0,0.0,0.0284180270079722,0.1532690246516613,0.0132874930310351,0.4583333333333333,0.0012079539119122,41.32957944625825,0.0208627531530914,0.0133407758861289,-48.39810995710823,3336000000.0,6175000000.0,-234000000.0,8476000000.0,2199500000.0,3424500000.0,5228000000.0,17.92975283404572,31.132075471698112,45.04043126684636,5.019589552238806,2.890909090909091,1.9982046678635548,0.0370772572137759,1.003833450412137,2015-10-29,1.56,bmo,13539290322.0,2025-04-25,2015-09-30,-0.2051282051282051,77.3909375,1033252.09375
2015-06-30,BG,USD,1144519,2015-07-31,2015-07-31 16:03:12,2015,Q2,10782000000.0,10247000000.0,535000000.0,0.0496197366,0,0.0,0.0,361000000.0,-7000000.0,354000000.0,10601000000.0,13000000.0,57000000.0,147000000.0,341000000.0,0.0316267854,181000000.0,0.016787238,-44000000.0,137000000.0,0.0127063625,45000000.0,86000000.0,0.0079762567,0.5,0.5,143843805,145000000,https://www.sec.gov/Archives/edgar/data/1144519/000110465915055238/0001104659-15-055238-index.htm,https://www.sec.gov/Archives/edgar/data/1144519/000110465915055238/a15-11965_110q.htm,74.95630416617524,0.5978707251243806,-4.226806986925854,-4.956765430391667,5.505972259284993,53.29391835818025,49.282622911706206,51.47249824210365,34.08558331726556,12629486079.0,17049486079.0,36.71362232267442,1.1713491076794658,-20.77218105098684,-17.713164206171108,1.7057652726904375,1.7057652726904375,1.5812916044333147,49.99849290029326,-28.041917893092105,-23.9123226914446,0.0068094615617811,-0.0564551871343014,0.6545110750945435,0.2494209686551032,12.961876832844574,1.4375380124072497,3.175438596491228,-6.537634408602151,0.0045924275649221,0.6744186046511628,0.0,0.0,0.029697874311596,-0.1726973684210526,0.0097384529771841,0.3633217993079585,0.0011129660545353,26.313736841796587,0.0089649981749132,0.0045618502015701,-45.59285677961592,3597000000.0,7089000000.0,55000000.0,9308000000.0,2024500000.0,3269500000.0,5110500000.0,18.823038397328883,29.721869815555777,47.80618717673465,4.781374722838137,3.0280732860520096,1.8826015065221384,0.0116153430578065,0.7299584434658135,2015-07-30,1.36,bmo,28752000000.0,2025-04-25,2015-06-30,-0.625,88.9011111111111,920184.2857142856
2015-03-31,BG,USD,1144519,2015-04-30,2015-04-30 16:27:04,2015,Q1,10806000000.0,10096000000.0,710000000.0,0.0657042384,0,0.0,0.0,331000000.0,6000000.0,337000000.0,10433000000.0,11000000.0,53000000.0,120000000.0,504000000.0,0.0466407551,373000000.0,0.0345178604,-42000000.0,331000000.0,0.0306311309,85000000.0,263000000.0,0.0243383306,1.71,1.67,145164587,153817713,https://www.sec.gov/Archives/edgar/data/1144519/000110465915032559/0001104659-15-032559-index.htm,https://www.sec.gov/Archives/edgar/data/1144519/000110465915032559/a15-7182_110q.htm,74.4396427759616,1.811736632433639,2.1217295923557447,1.31574789655827,5.993197225160706,51.41061021997052,47.38759047342587,49.56442992532332,29.4355537277146,11955755385.32,15795755385.32,11.364786487946768,1.106399721017953,38.81738761467532,62.59557793361257,1.6616755226296038,1.6616755226296038,1.4617578553877475,31.34078449468253,51.28492008220779,82.70028997549738,0.0219977735846726,0.015975569409401,0.5865184155663655,0.2283426221524809,7.619047619047619,1.4483479169387488,7.037735849056604,1.1846153846153846,0.0048512200300798,0.2205323193916349,0.0,0.0,0.0316000216438504,0.3798701298701298,0.0108273181565796,0.975,0.001203035350731,44.94939488615461,0.0218158889990221,0.0146952003129016,-44.18088552134275,3433000000.0,6879000000.0,72000000.0,9096000000.0,1991500000.0,3201500000.0,5166000000.0,14.941699056079957,28.125,42.59310618066561,6.023411371237458,3.2,2.113017999162829,0.0365531619179986,0.8059816957974744,2015-04-30,1.14,bmo,7796734177.0,2025-04-25,2015-03-31,0.3859649122807019,85.38180327868852,1058434.0327868853
2014-12-31,BG,USD,1144519,2015-03-02,2015-03-02 06:18:57,2014,Q4,13231000000.0,12536000000.0,695000000.0,0.0525281536,0,0.0,0.0,530000000.0,0.0,530000000.0,13066000000.0,16000000.0,122000000.0,159000000.0,340000000.0,0.0256972262,165000000.0,0.0124707127,-106000000.0,59000000.0,0.0044592245,99000000.0,-54000000.0,-0.0040813242,0.56,0.56,145703198,146000000,https://www.sec.gov/Archives/edgar/data/1144519/000104746915001442/0001047469-15-001442-index.htm,https://www.sec.gov/Archives/edgar/data/1144519/000104746915001442/a2223279z10-k.htm,90.80789016037932,-0.3706164362981243,1.9423046568957256,-0.2813939608930203,13.280422300682789,59.89573406618021,55.74345732617344,57.96715594396219,36.52630877738181,13245877730.18,18083877730.18,-61.32350801009259,1.0011244599939535,46.80522166141343,-323.0701885409756,1.5683018861212408,1.5683018861212408,1.366780872963495,53.187875677,63.900628021837456,-441.0701885409756,-0.004076740031879,-0.003095302616797,0.6156760596732181,0.2426278462112728,14.229411764705882,1.5028722426470589,1.352459016393443,2.8585858585858586,0.0044542159607567,-1.0925925925925926,0.0,0.0,0.0282288167226577,1.1448763250883391,0.0244879449777038,0.5704225352112676,0.0009825410021918,,-0.0074215091076534,-0.0025927882076151,-43.59032668589745,4377000000.0,8122000000.0,376000000.0,10039000000.0,2541500000.0,3539500000.0,5270500000.0,14.890030987831608,23.31844288449266,39.87396298659859,6.0443124714481495,3.85960591133005,2.25711199135758,-0.0063935590812218,2.223698617788746,2015-02-12,2.51,bmo,27674841666.0,2025-04-25,2014-12-31,-0.5219123505976095,87.97984375,1084927.546875
2014-09-30,BG,USD,1144519,2014-11-07,2014-11-07 16:17:02,2014,Q3,13676000000.0,12957000000.0,719000000.0,0.052573852,0,0.0,0.0,403000000.0,-21000000.0,382000000.0,13339000000.0,19000000.0,70000000.0,162000000.0,518000000.0,0.0378765721,337000000.0,0.0246417081,-51000000.0,286000000.0,0.0209125475,9000000.0,294000000.0,0.0214975139,1.96,1.9,145053724,154000000,https://www.sec.gov/Archives/edgar/data/1144519/000110465914078401/0001104659-14-078401-index.htm,https://www.sec.gov/Archives/edgar/data/1144519/000110465914078401/a14-18938_110q.htm,94.28230880856256,2.0268352434715844,13.1468530928582,12.01623751486725,23.301711302496447,66.18237529703133,61.65991298506752,64.2451620201078,47.94775210321384,12217875172.52,18745875172.52,10.3893496364966,0.8933807525972507,6.406856409292082,7.009681682455537,1.311071485408306,1.311071485408306,1.3707133059754315,36.18894820949807,9.830034175416886,10.754948463866896,0.0240631039234427,0.1426598304032678,0.7388131773795472,0.2851522054255539,12.602316602316602,1.4289504986732546,4.814285714285714,6.2730263157894735,0.0046652956586266,0.1938775510204081,0.0,0.0,0.0271691861669082,0.085998951232302,0.0119918104708979,-0.7008547008547008,0.000584966364434,54.12784005121738,0.0187788449971293,0.0125164970837413,-44.8178772714584,4688000000.0,8944000000.0,1072000000.0,11263000000.0,3160000000.0,3629000000.0,5566000000.0,19.045042410061424,26.61032646445937,34.63996295438759,4.725639253628196,3.3821456538762726,2.598155203529176,0.0315484494044425,1.130615577990952,2014-10-30,1.88,bmo,19835419847.0,2025-04-25,2014-09-30,-0.303191489361702,80.67328125,901386.734375
2014-06-30,BG,USD,1144519,2014-07-31,2014-07-31 16:13:39,2014,Q2,16793000000.0,16000000000.0,793000000.0,0.0472220568,0,0.0,0.0,392000000.0,-15000000.0,377000000.0,16377000000.0,33000000.0,76000000.0,162000000.0,611000000.0,0.0363842077,416000000.0,0.0247722265,-43000000.0,373000000.0,0.0222116358,111000000.0,288000000.0,0.017150003,1.85,1.81,146477301,155039427,https://www.sec.gov/Archives/edgar/data/1144519/000110465914055483/0001104659-14-055483-index.htm,https://www.sec.gov/Archives/edgar/data/1144519/000110465914055483/a14-13892_110q.htm,114.64574978753876,1.9661749502061072,1.8159810303986963,0.5461597083905854,24.62497585206052,71.21239897777745,66.4061935439403,69.42372593279828,60.12535689744857,11079543047.64,19287543047.64,9.617658895520831,0.6597715147763948,41.65241747233083,138.4942880955,1.0895410608358738,1.0895410608358738,1.1485465996331805,31.56717356405892,72.50956032947369,241.0942880955,0.0259938518007153,0.0072205143890875,0.8585898318418723,0.3356656799046557,13.433715220949264,1.606630047219813,5.473684210526316,0.96028880866426,0.0047835907827705,0.1840277777777778,0.0,0.0,0.0270654723001806,0.6992481203007519,0.0110760435895909,0.8157894736842105,0.0005954862144941,55.41869535435174,0.0145129508965534,0.0113802505235705,-43.22171392275995,6295000000.0,9727000000.0,1092000000.0,13289000000.0,3214000000.0,3627500000.0,6298500000.0,18.36122193771214,19.276875,34.565625,4.901634559252773,4.668806536329151,2.6037428803905613,0.0283213688661618,1.269821322008111,2014-07-31,1.36,bmo,12976409090.0,2025-04-25,2014-06-30,0.2941176470588234,77.36857142857143,905960.4444444444
2014-03-31,BG,USD,1144519,2014-05-06,2014-05-06 17:20:54,2014,Q1,13461000000.0,13047000000.0,414000000.0,0.0307555159,0,0.0,0.0,366000000.0,-28000000.0,338000000.0,13385000000.0,19000000.0,79000000.0,124000000.0,219000000.0,0.0162692222,76000000.0,0.0056459401,-60000000.0,16000000.0,0.001188619,30000000.0,-13000000.0,-0.0009657529,-0.0886,-0.0884,146666666,147135656,https://www.sec.gov/Archives/edgar/data/1144519/000110465914035293/0001104659-14-035293-index.htm,https://www.sec.gov/Archives/edgar/data/1144519/000110465914035293/a14-8495_110q.htm,91.7795458717252,-0.0886363640392562,-7.206818214576447,-8.331818219690083,27.39545466997934,68.85681849480372,64.02272756373966,67.02272757737603,63.19772755998967,11661466613.66,20219466613.66,-224.25897333961532,0.8663150296159274,-11.032607959943237,-9.542935035728314,1.1863139993550358,1.1863139993550358,1.5020776029760048,92.32633156922374,-19.12910748690634,-16.546208358150572,-0.0011147825938782,-0.1047895638245514,0.9348931841302136,0.3349857840635707,39.077625570776256,1.4566626650660264,0.9620253164556962,55.63157894736842,0.0044591303755128,-4.0,0.0,0.0,0.0258438434059925,-0.1561021759697256,0.0122576331624693,1.3306451612903225,0.0013371963449966,,-0.0032833020637898,-0.0004864359214218,-53.45113660659607,5706000000.0,9390000000.0,866000000.0,12581000000.0,2794000000.0,3675000000.0,6124000000.0,20.071317138399824,26.40607036100253,44.506783168544494,4.484010659560293,3.408307210031348,2.02216367017979,-0.001322482197355,1.1250000051136364,2014-05-01,1.46,bmo,157045000000.0,2025-04-25,2014-03-31,-1.082191780821918,78.73081967213115,964037.1475409836
2013-12-31,BG,USD,1144519,2014-02-28,2014-02-28 17:15:37,2013,Q4,16375000000.0,15565000000.0,810000000.0,0.0494656489,0,0.0,0.0,443000000.0,-32000000.0,411000000.0,15976000000.0,29000000.0,99000000.0,145000000.0,573000000.0,0.0349923664,399000000.0,0.0243664122,-70000000.0,329000000.0,0.0200916031,202000000.0,138000000.0,0.0084274809,0.78,0.78,147796784,149000000,https://www.sec.gov/Archives/edgar/data/1144519/000104746914001600/0001047469-14-001600-index.htm,https://www.sec.gov/Archives/edgar/data/1144519/000104746914001600/a2218521z10-k.htm,110.79402106611468,0.9337144981449664,8.944714250345259,6.766047088007003,36.36073705094963,68.50622676607091,63.64820495688188,66.69292614648502,62.33559182180852,12135593934.24,20507593934.24,21.98477162,0.7411049730833588,9.179723097004535,12.13559393424,1.2311650536917926,1.2311650536917926,1.2523721486558776,35.78986724998254,15.512552143903177,20.50759393424,0.0113715077109361,0.0824022297893923,0.9246220959724054,0.3403158955976252,14.610820244328098,1.4177901874750698,4.03030303030303,12.24074074074074,0.0042849159490484,0.3768115942028985,0.0,0.0,0.0268100519024681,0.2435703479576399,0.0196641221374045,0.5669014084507042,0.0011603053435114,37.43158320857405,0.0076319942815393,0.005294862448682,-43.60379045866113,5237000000.0,9407000000.0,1116000000.0,11529000000.0,2703000000.0,3468500000.0,5841000000.0,14.213129770992364,20.36492129778349,33.513652425313204,6.332173240525909,4.419363997728564,2.685472739820566,0.0140002029014913,2.1786671623382547,2014-02-13,2.1,bmo,26078703703.0,2025-04-25,2013-12-31,-0.3571428571428571,80.730625,828064.328125
2013-09-30,BG,USD,1144519,2013-11-08,2013-11-08 17:16:16,2013,Q3,14701000000.0,14013000000.0,688000000.0,0.0467995374,0,0.0,0.0,382000000.0,-65000000.0,317000000.0,14330000000.0,27000000.0,103000000.0,153000000.0,551000000.0,0.0374804435,371000000.0,0.0252363785,-76000000.0,295000000.0,0.0200666621,591000000.0,-148000000.0,-0.0100673424,-0.81,-0.81,147252747,147349175,https://www.sec.gov/Archives/edgar/data/1144519/000110465913082906/0001104659-13-082906-index.htm,https://www.sec.gov/Archives/edgar/data/1144519/000110465913082906/a13-19609_110q.htm,99.83514942509018,-1.0050746285907997,9.616119419490357,7.918358222546436,42.281044848691344,69.93417922451388,65.67619414257854,68.13455235575334,73.23462699137286,11177956024.77,20376956024.77,-18.88168247427365,0.7603534470287735,7.894036740656779,9.586583211638075,1.114119009744842,1.114119009744842,1.386093192624311,36.9817713698185,14.39050566721045,17.47594856326758,-0.0132403455222078,0.1043124518844215,1.064586863350942,0.3747719298245614,16.695099818511796,1.377373193539246,3.601941747572816,-8.280701754385966,0.0047414750856555,-0.3581081081081081,0.0,0.0,0.022,0.1765536723163842,0.0170056458744303,4.901960784313726,0.0008842935854703,,-0.0170011704018379,-0.0053097980124134,-46.98044784183211,5327000000.0,9671000000.0,1241000000.0,11813000000.0,3154000000.0,3448500000.0,6138500000.0,17.26413169172165,21.93320488118176,37.80346820809248,5.213120567375887,4.103367496339678,2.3807339449541285,-0.0147513206418817,1.6977611969439186,2013-10-24,2.21,bmo,15848395121.0,2025-04-25,2013-09-30,-0.0723981900452489,75.74296875,687359.703125
2013-06-30,BG,USD,1144519,2013-08-05,2013-08-05 17:08:46,2013,Q2,15491000000.0,14875000000.0,616000000.0,0.0397650249,0,0.0,0.0,379000000.0,4000000.0,383000000.0,15258000000.0,12000000.0,86000000.0,149000000.0,394000000.0,0.025434123,233000000.0,0.0150409915,-74000000.0,159000000.0,0.0102640243,38000000.0,136000000.0,0.0087792912,0.76,0.75,147128500,147873841,https://www.sec.gov/Archives/edgar/data/1144519/000110465913059916/0001104659-13-059916-index.htm,https://www.sec.gov/Archives/edgar/data/1144519/000110465913059916/a13-13725_110q.htm,105.2889141124935,0.924362037266743,-4.186816286443484,-5.858824089146562,37.96681132479432,72.77312009569866,68.40958753742477,70.42823110410288,80.81371046398216,10560883730.0,21638883730.0,19.413389209558822,0.6817431883028855,-17.144291769480517,-12.251605255220417,1.0191935659139162,1.0191935659139162,1.3968680995416694,54.92102469543147,-35.12805800324675,-25.10311337587007,0.0128777101876113,-0.0816219572185366,1.1391623238756996,0.3890188840918828,28.11675126903553,1.3644039844316906,2.7093023255813957,-5.049180327868853,0.0046397632293599,0.3602941176470588,0.0,0.0,0.0211580924760241,-0.3993506493506493,0.0158801884965463,18.923076923076923,0.0010974114001678,38.27240025985873,0.0075533318598,0.0045789704050368,-55.99526944133869,5524000000.0,10065000000.0,1047000000.0,11928000000.0,3430500000.0,3562500000.0,6232500000.0,20.264669808275773,21.06756302521008,38.66823529411764,4.441227064220183,4.271970132107984,2.3274917853231107,0.0131248793669175,1.6720078027030794,2013-07-25,1.3,bmo,27213918918.0,2025-04-25,2013-06-30,-0.4307692307692308,70.391875,1072249.140625
2013-03-31,BG,USD,1144519,2013-05-03,2013-05-03 16:53:14,2013,Q1,14785000000.0,14138000000.0,647000000.0,0.0437605681,0,0.0,0.0,349000000.0,1000000.0,350000000.0,14488000000.0,9000000.0,76000000.0,121000000.0,427000000.0,0.0288806223,297000000.0,0.020087927,-67000000.0,230000000.0,0.0155563071,73000000.0,180000000.0,0.0121745012,1.16,1.15,146648822,147867817,https://www.sec.gov/Archives/edgar/data/1144519/000110465913037183/0001104659-13-037183-index.htm,https://www.sec.gov/Archives/edgar/data/1144519/000110465913037183/a13-8390_110q.htm,100.81908465654092,1.2274220654837582,0.7023581819157061,-0.8251003884640818,36.43397831044289,78.10495743361648,73.75442811262405,75.61601824527442,72.99751783890906,10780154905.22,20608154905.22,14.972437368361112,0.729127825851877,104.66169810893204,-89.09218929933886,0.9721485170186672,0.9721485170186672,1.3938555904781875,48.26265785765808,200.07917383708732,-170.31532979520662,0.0166973481905014,-0.011224328505837,0.9585174497249528,0.3554968393591758,23.016393442622952,1.459015185021377,3.9078947368421058,0.6959459459459459,0.0043598631386309,0.2611111111111111,0.0,0.0,0.0213385063045586,2.174757281553398,0.0151504903618532,1.851239669421488,0.0002705444707473,45.697782322680894,0.0087897152659308,0.0061515327569119,-51.38295621631383,6227000000.0,10816000000.0,1348000000.0,12882000000.0,3154500000.0,3481000000.0,6332000000.0,20.532296246195468,23.19069175272316,38.66600650728533,4.383338274533057,3.880867416964041,2.327625946657886,0.0162323022815402,1.527458570379788,2013-04-25,0.92,bmo,11828000000.0,2025-04-25,2013-03-31,0.2499999999999998,75.3425,1065796.5333333334
2012-12-31,BG,USD,1144519,2013-03-01,2013-03-01 16:14:11,2012,Q4,15162000000.0,14629000000.0,533000000.0,0.0351536737,0,0.0,0.0,332000000.0,576000000.0,908000000.0,15537000000.0,0.0,64000000.0,156000000.0,-226000000.0,-0.0149056853,-375000000.0,-0.0247328848,-71000000.0,-446000000.0,-0.0294156444,-168000000.0,-599000000.0,-0.0395066614,-4.09,-4.09,146348499,146348499,https://www.sec.gov/Archives/edgar/data/1144519/000104746913002069/0001047469-13-002069-index.htm,https://www.sec.gov/Archives/edgar/data/1144519/000104746913002069/a2213025z10-k.htm,103.602019177525,-4.092969890999702,16.51537266535272,13.59084659966345,25.432443963774443,76.90546932087086,72.49134820303145,74.22009842410478,61.23055624916249,10638072392.31,18966072392.31,-4.439930046873957,0.7016272518341907,4.401353906623914,5.348452685927602,0.9793843115733752,0.9793843115733752,1.2508951584428174,-83.92067430225663,7.846947617836159,9.535481343544491,-0.0563071934378828,0.1869699628513337,0.8190940894862825,0.3261363636363636,-36.849557522123895,1.4932964276446674,-5.859375,-3.8983870967741936,0.0050761075887239,-0.0901502504173622,0.0,0.0,0.0236803519061583,0.177079023582954,0.028228465901596,0.7508771929824561,0.0,,-0.0110863400976491,-0.0224900503116317,-46.505430848320486,5703000000.0,10609000000.0,1239000000.0,11757000000.0,3354000000.0,3510000000.0,7352500000.0,17.42777997625643,20.419030692460183,40.5427575364003,5.1641689373297,4.40765290750226,2.219878603945372,-0.0551463818817897,2.9245260656892698,2013-02-07,2.39,bmo,70551578947.0,2025-04-25,2012-12-31,-0.7615062761506277,71.21403225806452,883108.8064516129
2012-09-30,BG,USD,1144519,2012-11-06,2012-11-06 16:52:59,2012,Q3,16543000000.0,15700000000.0,843000000.0,0.0509581092,0,0.0,0.0,396000000.0,-6000000.0,390000000.0,16090000000.0,5000000.0,77000000.0,150000000.0,608000000.0,0.0367527051,453000000.0,0.0273831832,-72000000.0,381000000.0,0.0230308892,82000000.0,297000000.0,0.0179532128,2.0,1.92,144175316,155000000,https://www.sec.gov/Archives/edgar/data/1144519/000110465912074763/0001104659-12-074763-index.htm,https://www.sec.gov/Archives/edgar/data/1144519/000110465912074763/a12-19842_110q.htm,114.74224894364023,2.0599920169413743,-1.199928009868208,-2.5455120209342907,4.785840039358749,83.6204166876943,75.4290006203281,80.46453666174035,55.55042445684669,9766435905.84,17008435905.84,8.220905644646464,0.5903666750794898,-56.45338673895954,-26.61154197776567,0.8418615555417636,0.8418615555417636,1.0281349154228374,27.97440116092105,-98.31465841526013,-46.34451200501363,0.0304102748293677,-0.0375776796713063,0.6837341608482027,0.2770036668412781,11.911184210526317,1.5574350565288686,5.883116883116883,-0.574750830564784,0.0050171833893569,0.1649831649831649,0.0,0.0,0.0412432338047843,-1.1213872832369942,0.0117270144471982,0.425438596491228,0.0007858308650184,61.069770110314096,0.0170603674540682,0.0108180957237561,-62.44134051351759,6459000000.0,10875000000.0,1467000000.0,13481000000.0,3288500000.0,3374500000.0,8022500000.0,20.521066312035305,21.21592356687898,46.51910828025478,4.385737009544009,4.242096730613348,1.9346888478126925,0.0256012412723041,1.3455840110660828,2012-10-25,2.17,bmo,17258802884.0,2025-04-25,2012-09-30,-0.0414746543778801,64.50222222222222,1083997.6984126985
2012-06-30,BG,USD,1144519,2012-08-01,2012-08-01 17:16:03,2012,Q2,14499000000.0,13856000000.0,643000000.0,0.0443478861,0,0.0,0.0,374000000.0,-127000000.0,247000000.0,14103000000.0,16000000.0,78000000.0,144000000.0,556000000.0,0.0383474722,396000000.0,0.0273122284,-62000000.0,334000000.0,0.0230360715,75000000.0,274000000.0,0.018897855,1.81,1.78,146035349,154000000,https://www.sec.gov/Archives/edgar/data/1144519/000110465912053289/0001104659-12-053289-index.htm,https://www.sec.gov/Archives/edgar/data/1144519/000110465912053289/a12-12379_110q.htm,99.28418084583068,1.876258055849204,-16.413834160111467,-18.118900787507275,3.1978558835094097,81.29538554394799,73.17406417811895,77.13201000396144,47.74186556708266,9162257796.26,15589257796.26,8.359724266660585,0.6319234289440652,-3.8223853968544015,-3.462682462683296,0.8134106708327414,0.8134106708327414,1.075195378733706,28.03823344651079,-6.503653648836045,-5.891631820204082,0.029905292570118,-0.2887934457683659,0.6120383522727273,0.2580765919215363,11.559352517985612,1.691130866239405,5.076923076923077,-9.01127819548872,0.0045840229487042,0.1532846715328467,0.0,0.0,0.0443978587204731,-0.1038798498122653,0.0171735981791847,-0.819078947368421,0.0008276432857438,57.06303523744523,0.0155987932699063,0.0107337329102518,-56.87150444650219,6686000000.0,10686000000.0,1519000000.0,13468000000.0,2856500000.0,3441000000.0,7149000000.0,17.411545623836126,19.797921478060047,51.50837182448037,5.168983957219251,4.545931758530184,1.7472887767969736,0.024325284090909,1.7050666273958095,2012-07-26,1.34,bmo,16190550000.0,2025-04-25,2012-06-30,-0.1044776119402986,62.84444444444444,1213517.5714285714
2012-03-31,BG,USD,1144519,2012-05-07,2012-05-07 06:44:28,2012,Q1,12909000000.0,12372000000.0,537000000.0,0.0415988845,0,0.0,0.0,393000000.0,-57000000.0,336000000.0,12708000000.0,25000000.0,62000000.0,120000000.0,346000000.0,0.0268030057,201000000.0,0.0155705322,-37000000.0,164000000.0,0.0127043148,40000000.0,92000000.0,0.0071268108,0.58,0.57,145907590,147000000,https://www.sec.gov/Archives/edgar/data/1144519/000110465912033452/0001104659-12-033452-index.htm,https://www.sec.gov/Archives/edgar/data/1144519/000110465912033452/a12-7279_110q.htm,88.47380729131363,0.6305360810907781,-2.069803222711033,-3.6050215071059695,8.56706631916818,87.52114951662213,79.39957064605069,83.10054329593135,36.35862945854976,9985915459.6,13978915459.6,27.135639835869565,0.7735622789991479,-33.06594523046357,-18.9846301513308,0.8235806564618556,0.8235806564618556,1.082881358710977,40.40148976763006,-46.28779953509934,-26.57588490418251,0.0092129760533427,-0.0526741891745466,0.4324123711340206,0.203248565669096,11.540462427745664,1.9452723196624029,3.2419354838709675,-3.393258426966292,0.0047066290707294,0.5108695652173914,0.0,0.0,0.0459373546286245,-0.7417218543046358,0.0173522348748934,1.8666666666666667,0.0014718413509954,34.33587839843987,0.0080050360682695,0.0037381658607939,-43.938769737749766,7168000000.0,11585000000.0,1725000000.0,14144000000.0,2947500000.0,3503500000.0,6050500000.0,20.274227283290728,27.89039767216295,46.3239573229874,4.439133425034388,3.2269170579029733,1.9428391959798992,0.0075876288659793,1.535218284394938,2012-04-26,1.18,bmo,22076260869.0,2025-04-25,2012-03-31,-0.4152542372881356,63.27532258064517,1229123.0
2011-12-31,BG,USD,1144519,2012-02-27,2012-02-27 17:14:20,2011,Q4,16445000000.0,15709000000.0,736000000.0,0.0447552448,0,0.0,0.0,432000000.0,14000000.0,446000000.0,16155000000.0,30000000.0,80000000.0,128000000.0,448000000.0,0.0272423229,290000000.0,0.0176345394,-50000000.0,240000000.0,0.0145941016,-18000000.0,254000000.0,0.0154454241,1.74,1.73,145907590,147000000,https://www.sec.gov/Archives/edgar/data/1144519/000104746912001630/0001047469-12-001630-index.htm,https://www.sec.gov/Archives/edgar/data/1144519/000104746912001630/a2207393z10-k.htm,112.70832449497658,1.7408278760549742,8.573919972223514,5.695385688983007,19.402691799652096,82.75786064316462,75.12974479257727,80.23571631880151,41.85525920892806,8345914148.0,13537914148.0,8.21448242913386,0.5075046608695652,6.671394203037571,10.043217987966306,0.7128994745024345,0.7128994745024345,0.8232237244147157,30.218558366071427,10.821673979216628,16.29111209145608,0.0304340537771848,0.0995696798773252,0.514820193046895,0.2389675270607826,11.589285714285714,1.6950410435173733,3.625,4.811538461538461,0.0053918599211547,0.1771653543307086,0.0,0.0,0.0441298917568692,0.3357314148681055,0.0255396777135907,0.7984790874524715,0.0005472788081483,56.0599934134646,0.0164018519492818,0.0105359216857474,-35.69553852544614,6181000000.0,10962000000.0,1928000000.0,12428000000.0,2751000000.0,3188000000.0,5990000000.0,16.347217999391912,18.178751034438857,32.84550257813992,5.505523937060596,4.95083517176174,2.7401011686725973,0.0216964209447339,2.8785342832405085,2012-02-09,1.57,bmo,15647666666.0,2025-04-25,2011-12-31,0.0509554140127387,59.483809523809526,1327812.5873015872
2011-09-30,BG,USD,1144519,2011-11-09,2011-11-09 08:02:45,2011,Q3,15616000000.0,14910000000.0,706000000.0,0.045210041,0,0.0,0.0,394000000.0,128000000.0,522000000.0,15432000000.0,28000000.0,80000000.0,151000000.0,363000000.0,0.0232453893,184000000.0,0.0117827869,-52000000.0,132000000.0,0.0084528689,-1000000.0,140000000.0,0.0089651639,0.91,0.89,145515581,147631723,https://www.sec.gov/Archives/edgar/data/1144519/000110465911062400/0001104659-11-062400-index.htm,https://www.sec.gov/Archives/edgar/data/1144519/000110465911062400/a11-25387_110q.htm,107.31496855996473,0.9620962857578804,7.552455843199362,5.827554645162019,7.250082724818314,82.66468729558245,75.40086033811046,80.25257446486091,35.15774712812369,8482103216.49,12463103216.49,15.146612886589288,0.5431674703182633,7.718019305268426,10.002480208125,0.7263318390554889,0.7263318390554889,0.7980983104821977,34.333617676280994,11.340403290709736,14.697055679823112,0.0165053402943537,0.099975204068657,0.4312382257235828,0.2022408738604875,10.96694214876033,1.7608216316583498,2.3,8.263157894736842,0.0064842408299246,0.3928571428571428,0.0,0.0,0.0424480944540379,0.2283894449499545,0.0160732581967213,1.5987261146496816,0.0008965163934426,41.68022115873288,0.0103850515008928,0.0058714980707934,-46.78021386589523,6556000000.0,10972000000.0,2301000000.0,12882000000.0,3094500000.0,3303500000.0,6610500000.0,14.494748975409836,19.33400402414487,37.70824949698189,6.209145129224652,4.655010927255698,2.386745637906195,0.0119883541702346,1.7249011980373428,2011-10-27,1.58,bmo,28689860465.0,2025-04-25,2011-09-30,-0.4556962025316456,64.71640625,1036544.609375
2011-06-30,BG,USD,1144519,2011-08-09,2011-08-09 08:08:01,2011,Q2,14488000000.0,13841000000.0,647000000.0,0.0446576477,0,0.0,0.0,383000000.0,-115000000.0,268000000.0,14109000000.0,23000000.0,70000000.0,143000000.0,545000000.0,0.0376173385,379000000.0,0.0261595803,-47000000.0,332000000.0,0.0229155163,20000000.0,316000000.0,0.0218111541,2.08,2.02,147344609,156176828,https://www.sec.gov/Archives/edgar/data/1144519/000110465911045140/0001104659-11-045140-index.htm,https://www.sec.gov/Archives/edgar/data/1144519/000110465911045140/a11-13908_110q.htm,98.32731647480908,2.1446322477940134,-3.1898011280480576,-4.866143423000973,3.6309438372461935,93.32543683359329,84.92336492609648,90.665006956583,34.572014779312354,10159410790.55,14713410790.55,8.03750853682753,0.7012293477740199,-21.61576763946809,-14.169331646513251,0.7604918624560222,0.7604918624560222,1.0155584477188018,26.9970840193578,-31.305129341595748,-20.520796081659693,0.03110416603037,-0.0705749589992889,0.3760760535968261,0.1895276897540365,8.355963302752293,1.872799137621272,5.414285714285715,-1.5064102564102564,0.0041340980166947,0.1329113924050632,0.0,0.0,0.0467028821487852,-0.5255319148936171,0.0170485919381557,0.5404814004376368,0.000759249033683,66.14355371066041,0.0180989214237916,0.0125049465769687,-40.58173584077311,7287000000.0,12513000000.0,2879000000.0,14365000000.0,3406000000.0,3718500000.0,6846500000.0,22.823025952512424,22.13423885557402,45.347879488476266,3.943385955362003,4.066098707403056,1.984657298537425,0.0236544651545774,1.6763422949529154,2011-07-28,1.41,bmo,11476449438.0,2025-04-25,2011-06-30,0.2624113475177306,71.39920634920634,1014607.5873015872
2011-03-31,BG,USD,1144519,2011-05-10,2011-05-10 16:31:48,2011,Q1,12194000000.0,11555000000.0,639000000.0,0.0524028211,0,0.0,0.0,344000000.0,-34000000.0,310000000.0,11865000000.0,21000000.0,72000000.0,104000000.0,454000000.0,0.0372314253,329000000.0,0.0269804822,-51000000.0,278000000.0,0.0227980974,43000000.0,232000000.0,0.0190257504,1.52,1.49,147206447,155647491,https://www.sec.gov/Archives/edgar/data/1144519/000110465911027833/0001104659-11-027833-index.htm,https://www.sec.gov/Archives/edgar/data/1144519/000110465911027833/a11-9271_110q.htm,82.83604589682135,1.5760179307907622,4.986194660346635,3.5800062479600503,5.516062757767668,89.02463354746956,80.99509391732008,86.4364316869899,32.335540304155295,10647442311.51,14523442311.51,11.473536973609914,0.873170601239134,14.50605219551771,20.20387535390892,0.8367999301721156,0.8367999301721156,1.1910318444735115,31.98996103856828,19.78670614647139,27.55871406358634,0.0217892704381413,0.0494954548314675,0.3684375982395473,0.1770860877120084,8.537444933920705,1.6997648567764,4.569444444444445,3.123404255319149,0.0045081249182361,0.2068965517241379,0.0,0.0,0.0446492652891625,0.2820163487738419,0.0169755617516811,1.9903846153846152,0.0012301131704116,55.36308101773243,0.0148215471536648,0.0091732236764066,-46.48573577759131,6547000000.0,11923000000.0,2535000000.0,13293000000.0,3269500000.0,3835000000.0,6677000000.0,23.16057077251107,31.412375594980528,52.33318909562959,3.88591459528362,2.86511281924126,1.7197499627920825,0.018233259981138,1.406188412386585,2011-04-28,1.31,bmo,10720899328.0,2025-04-25,2011-03-31,0.1374045801526717,69.77370967741936,1270511.338709677
2010-12-31,BG,USD,1144519,2011-03-01,2011-03-01 17:20:41,2010,Q4,12726000000.0,11897000000.0,829000000.0,0.0651422285,0,0.0,0.0,439000000.0,0.0,439000000.0,12336000000.0,7000000.0,57000000.0,117000000.0,520000000.0,0.040861229,390000000.0,0.0306459217,-44000000.0,346000000.0,0.0271884331,41000000.0,301000000.0,0.0236523652,2.04,1.93,147206447,155647491,https://www.sec.gov/Archives/edgar/data/1144519/000104746911001636/0001047469-11-001636-index.htm,https://www.sec.gov/Archives/edgar/data/1144519/000104746911001636/a2202154z10-k.htm,86.45001804846224,2.0447474015862905,-5.536442299976168,-7.6966737740773,10.481877875905802,85.2815909618415,77.67322853733437,83.0126685959617,33.54472647519303,9644966407.44,13021966407.44,8.010769441395349,0.7578945786138612,-11.834314610355827,-8.512768232515445,0.7892771200851063,0.7892771200851063,1.023256829124627,25.04224309123077,-15.977872892564417,-11.493350756787288,0.0312079884246991,-0.1174706009474557,0.3994271685761047,0.1877235490942656,6.494230769230769,1.5808676529388244,6.842105263157895,-2.587301587301587,0.0046656461100048,0.1495016611295681,0.0,0.0,0.0430752663359101,-0.3901840490797546,0.0249882131070249,0.7178329571106095,0.001021530724501,61.79926062852672,0.0187584507648622,0.0120975845022306,-41.00194062832044,5811000000.0,11434000000.0,2368000000.0,12243000000.0,3202000000.0,3746500000.0,6101500000.0,24.05233380480905,27.51365890560645,50.19332604858367,3.7418406351073217,3.271102557052516,1.7930670685757348,0.0246317512274959,2.160231474101131,2011-02-10,1.59,bmo,10168010050.0,2025-04-25,2010-12-31,0.2515723270440251,61.46390625,1170600.15625
2010-09-30,BG,USD,1144519,2010-11-09,2010-11-09 16:35:08,2010,Q3,11662000000.0,10950000000.0,712000000.0,0.0610529926,0,0.0,0.0,357000000.0,0.0,357000000.0,11307000000.0,20000000.0,62000000.0,111000000.0,468000000.0,0.0401303378,355000000.0,0.0304407477,-60000000.0,295000000.0,0.0252958326,97000000.0,212000000.0,0.0181787001,1.38,1.36,139600641,147993316,https://www.sec.gov/Archives/edgar/data/1144519/000110465910057302/0001104659-10-057302-index.htm,https://www.sec.gov/Archives/edgar/data/1144519/000110465910057302/a10-17279_110q.htm,83.53829836640936,1.5186176688114204,-10.465567991195686,-11.948369205554004,2.507151811716968,86.92653495767259,78.71740359702217,84.7417312360335,24.441148518795124,8258773921.559999,11258773921.56,9.739120190518868,0.7081781788338192,-5.652822670472279,-4.951303310287769,0.698121210613694,0.698121210613694,0.9654239342788544,24.05720923410256,-7.706210760821355,-6.749864461366906,0.0256696698582052,-0.2019670251107844,0.283178360101437,0.1450153673001168,6.410256410256411,1.7385518590998044,5.725806451612903,-7.092233009708738,0.0070228342064901,0.2735849056603773,0.0,0.0,0.0496082420674429,-0.1416837782340862,0.0177499571257074,-7.961538461538462,0.0011147316069284,53.81014339941824,0.0145216471502119,0.0096561147802322,-39.96937234693643,5661000000.0,10989000000.0,2360000000.0,11799000000.0,2746000000.0,3567000000.0,5069500000.0,23.17527010804321,31.693150684931503,45.76438356164383,3.883449883449883,2.839730290456432,1.9665948275862069,0.017920540997464,1.482801214358321,2010-10-28,1.59,bmo,8204681415.0,2025-04-25,2010-09-30,0.4213836477987419,54.53796875,1528892.8125
2010-06-30,BG,USD,1144519,2010-08-09,2010-08-09 17:20:30,2010,Q2,10974000000.0,10549000000.0,425000000.0,0.0387279023,0,0.0,0.0,415000000.0,0.0,415000000.0,10964000000.0,23000000.0,101000000.0,113000000.0,2534000000.0,0.2309094223,10000000.0,0.0009112448,2310000000.0,2320000000.0,0.2114087844,542000000.0,1778000000.0,0.1620193184,12.21,11.15,144034189,159448713,https://www.sec.gov/Archives/edgar/data/1144519/000110465910043252/0001104659-10-043252-index.htm,https://www.sec.gov/Archives/edgar/data/1144519/000110465910043252/a10-12617_110q.htm,76.19024397047842,12.34429139598238,-6.380429579813165,-8.185556555603615,19.23848788428975,81.14045756178069,73.1492992958776,79.20341746083633,27.3893304595897,7085041756.91,8158041756.91,0.9962094708816086,0.6456207177792965,-7.709512249085963,-6.009365357854113,0.6210590600376927,0.6210590600376927,0.7433972805640605,3.219432421827151,-8.877085698487486,-6.91945865726039,0.25095123797484,-0.1664069232690306,0.3369565217391304,0.1739838870281524,0.4234411996842936,1.9317131355300432,0.099009900990099,-0.5142697257974258,0.0070571214278638,0.0281214848143982,0.0,0.0,0.0520955915633203,-0.2829162132752992,0.0236923637689083,-0.1231643770724775,0.0025514853289593,148.31883378593415,0.0004672189906388,0.0848971016568782,-24.18696577657684,6249000000.0,10536000000.0,2549000000.0,12051000000.0,2428500000.0,3281500000.0,4230500000.0,20.412793876435213,27.966631908237748,38.9980092899801,4.408999598232222,3.218120805369128,2.30781010719755,0.1558555399719495,1.805126975790449,2010-07-29,1.31,bmo,25220947368.0,2025-04-25,2010-06-30,-1.4351145038167938,53.494126984126986,1520672.492063492
2010-03-31,BG,USD,1144519,2010-05-10,2010-05-10 17:16:37,2010,Q1,10345000000.0,9800000000.0,545000000.0,0.0526824553,0,0.0,0.0,347000000.0,0.0,347000000.0,10147000000.0,19000000.0,78000000.0,102000000.0,269000000.0,0.0260029,198000000.0,0.019139681,-109000000.0,89000000.0,0.0086031899,9000000.0,63000000.0,0.0060898985,0.31,0.31,140112091,141286541,https://www.sec.gov/Archives/edgar/data/1144519/000110465910027336/0001104659-10-027336-index.htm,https://www.sec.gov/Archives/edgar/data/1144519/000110465910027336/a10-5744_110q.htm,73.83374215719898,0.4496399957374128,5.424228520006885,3.375868539425338,3.375868539425338,77.60215355004587,69.06613077382451,71.27864503856416,30.4399139971439,8635108168.33,12349108168.33,34.26630225527778,0.8347132110517158,11.36198443201316,18.25604263917548,0.8646348421277661,0.8646348421277661,1.1937272274847752,45.90746530977695,16.248826537276315,26.108051095835098,0.0072957974320527,0.0547763838946184,0.4192450185240813,0.1856762749445676,13.806691449814126,1.6390532544378698,2.5384615384615383,9.5,0.0056745091138188,0.7777777777777778,0.0,0.0,0.0530376940133037,0.3776315789473684,0.0277428709521508,2.813725490196078,0.0005799903334944,26.85365742602751,0.0109430354211686,0.0029502669289126,-53.40723949369937,4428000000.0,9677000000.0,-320000000.0,10277000000.0,2365500000.0,3280000000.0,4376000000.0,20.60125664572257,30.168367346938773,35.724489795918366,4.36866554054054,2.983257229832572,2.519280205655527,0.0063082006608591,2.048359980581548,2010-04-29,0.75,bmo,17241666666.0,2025-04-25,2010-03-31,-0.3999999999999999,62.64557377049181,1464216.6065573771
2009-12-31,BG,USD,1144519,2010-03-01,2010-03-01 17:23:13,2009,Q4,10436000000.0,10122000000.0,314000000.0,0.0300881564,0,0.0,0.0,390000000.0,0.0,390000000.0,10512000000.0,26000000.0,71000000.0,124000000.0,60000000.0,0.0057493292,-76000000.0,-0.0072824837,-59000000.0,-135000000.0,-0.0129359908,-58000000.0,11000000.0,0.0010540437,0.076,0.076,144152871,144152871,https://www.sec.gov/Archives/edgar/data/1144519/000104746910001666/0001047469-10-001666-index.htm,https://www.sec.gov/Archives/edgar/data/1144519/000104746910001666/a2196752z10-k.htm,72.39536699896875,0.0763078801253982,1.241737322040572,-0.9920024416301776,3.8362052463041127,71.90283431815936,67.76139755135365,65.86063762823011,26.95749292429979,9201277755.93,12463277755.93,209.1199489984091,0.8816862548802223,51.40378634597765,-64.34459969181819,0.9691676591457762,0.9691676591457762,1.194258121495784,207.72129593216667,69.62725003312849,-87.15578850300699,0.0011954861370107,-0.0155413197811401,0.4018327364651359,0.1792257822042657,54.36666666666667,1.898340583212502,-1.0704225352112675,-22.375,0.0063034723587841,5.2727272727272725,0.0,0.0,0.0280466034012966,1.7988826815642458,0.0308547336144116,0.7268623024830699,9.582215408202376e-05,10.633810555259048,-0.0028376635341809,0.0005316835033109,-42.76536400027718,5576000000.0,9768000000.0,862000000.0,11417000000.0,2372000000.0,3190500000.0,4848500000.0,20.37849750862399,29.119739181979845,43.23058684054534,4.416419805332205,3.0906870229007635,2.0818593171534348,0.0011586265009479,2.233739763670749,2010-02-04,0.83,bmo,15748872727.0,2025-04-25,2009-12-31,-1.6626506024096386,62.293125,1690678.296875
2009-09-30,BG,USD,1144519,2009-11-09,2009-11-09 17:11:25,2009,Q3,11298000000.0,10955000000.0,343000000.0,0.0303593556,0,0.0,0.0,349000000.0,0.0,349000000.0,11304000000.0,20000000.0,79000000.0,119000000.0,298000000.0,0.0263763498,-6000000.0,-0.0005310674,106000000.0,100000000.0,0.0088511241,-97000000.0,232000000.0,0.0205346079,1.73,1.62,121878864,143540130,https://www.sec.gov/Archives/edgar/data/1144519/000110465909063755/0001104659-09-063755-index.htm,https://www.sec.gov/Archives/edgar/data/1144519/000110465909063755/a09-30768_110q.htm,92.698599488095,1.903529392922468,9.903275764040597,7.852058745805179,9.03355974830878,85.2731938820828,80.93281867149665,78.1267537905506,34.10763657921853,7630835675.04,10607835675.04,8.222883270517242,0.6754147349123739,6.322150517845899,7.973704989592476,0.8013900099810963,0.8013900099810963,0.9389126991538326,35.59676401020135,8.788596251068766,11.08446779001045,0.030402961075267,0.1254122144354764,0.4282713715605965,0.1865507776761207,9.98993288590604,1.87047562069997,-0.0759493670886076,6.126903553299492,0.0061592205626618,0.2025862068965517,0.0,0.0,0.02419945105215,0.2071251035625518,0.0221278102318994,0.0,0.0,57.84568155716918,-0.0007563831829525,0.0108761895832356,-50.56455071652128,5820000000.0,9864000000.0,1039000000.0,11400000000.0,2239500000.0,3233500000.0,5762500000.0,18.96707381837493,25.51711547238704,39.72158831583752,4.745065098698026,3.527044430135222,2.265770423991727,0.0243646292795631,2.051217018235418,2009-10-22,1.47,bmo,10251888888.0,2025-04-25,2009-09-30,0.1020408163265307,65.13515625,1707342.484375
2009-06-30,BG,USD,1144519,2009-08-10,2009-08-10 16:27:53,2009,Q2,10994000000.0,10582000000.0,412000000.0,0.0374749864,0,0.0,0.0,309000000.0,0.0,309000000.0,10891000000.0,40000000.0,66000000.0,105000000.0,567000000.0,0.0515735856,103000000.0,0.0093687466,293000000.0,396000000.0,0.0360196471,79000000.0,313000000.0,0.0284700746,2.47,2.28,121730058,137576049,https://www.sec.gov/Archives/edgar/data/1144519/000110465909048657/0001104659-09-048657-index.htm,https://www.sec.gov/Archives/edgar/data/1144519/000110465909048657/a09-17259_110q.htm,90.31458770848528,2.5712630482768684,-11.426923003684102,-13.349209116453393,4.017085081812743,73.19474044775367,69.16944046802311,66.6310370114175,43.67039733111768,7334235994.5,12095235994.5,5.858015970047924,0.6671126063762052,-5.272635510064702,-4.513375996615385,0.9042332627912713,0.9042332627912713,1.1001669996816446,21.33198588095238,-8.695352979511144,-7.443222150461539,0.0426765651166285,-0.2215636367876081,0.6472691406731599,0.2407373440939104,8.396825396825397,1.6889733840304182,1.5606060606060606,-4.319875776397516,0.0058629146965336,0.1373801916932907,0.0,0.0,0.0224688187820983,-0.1682242990654205,0.0212843369110423,-0.6174142480211082,0.0005457522284882,62.08730365425841,0.0054077536697068,0.0146824279951214,-61.533692853411765,5436000000.0,8420000000.0,428000000.0,10510000000.0,2018500000.0,3168500000.0,5825500000.0,17.174822630525743,28.585333585333583,56.8985068985069,5.240228789323165,3.148467717941089,1.581763826606876,0.0385895697201331,1.9222861127692883,2009-07-23,0.68,bmo,3509821596.0,2025-04-25,2009-06-30,2.13235294117647,57.91936507936508,2014074.6666666667
2009-03-31,BG,USD,1144519,2009-05-11,2009-05-11 17:23:53,2009,Q1,9198000000.0,9063000000.0,135000000.0,0.0146771037,0,0.0,0.0,294000000.0,0.0,294000000.0,9357000000.0,36000000.0,67000000.0,95000000.0,-54000000.0,-0.0058708415,-159000000.0,-0.0172863666,-57000000.0,-216000000.0,-0.0234833659,-34000000.0,-195000000.0,-0.0212002609,-1.6,-1.6,121730058,121730058,https://www.sec.gov/Archives/edgar/data/1144519/000110465909031609/0001104659-09-031609-index.htm,https://www.sec.gov/Archives/edgar/data/1144519/000110465909031609/a09-11508_110q.htm,75.5606310480851,-1.6019050939744068,-2.982007944167742,-3.902076510963299,4.091019163073101,63.87904620894866,60.35485500220496,58.41613909360004,30.80586719181552,6896007785.7,10081007785.7,-8.841035622692308,0.7497290482387475,-18.99726662727273,-14.517911127789471,0.969766247461679,0.969766247461679,1.095999976701457,-186.68532936481483,-27.77137131046832,-21.22317428568421,-0.0282772302555058,-0.0688804326736681,0.5179299676557446,0.202485018417725,-58.98148148148148,1.718856787822305,-2.373134328358209,2.0625,0.0072505718603861,-0.2564102564102564,0.0,0.0,0.0235856836549562,-0.3085399449035813,0.0121765601217656,1.1789473684210523,0.0010871928680147,,-0.0107729352060326,-0.0109797297297297,-49.12714327302793,4628000000.0,7347000000.0,653000000.0,8975000000.0,2403500000.0,3567000000.0,5307000000.0,18.972602739726028,29.55312810327706,49.26514399205561,4.743682310469314,3.0453629032258065,1.8268494255190488,-0.0274223034734917,0.9200685667955568,2009-04-23,0.49,bmo,2560806818.0,2025-04-25,2009-03-31,-4.591836734693878,49.63295081967213,2100792.655737705
2008-12-31,BG,USD,1144519,2009-03-02,2009-03-02 17:19:31,2008,Q4,10943000000.0,10434000000.0,509000000.0,0.0465137531,0,0.0,0.0,369000000.0,0.0,369000000.0,10803000000.0,0.0,0.0,95000000.0,-290000000.0,-0.0265009595,140000000.0,0.0127935667,-541000000.0,-401000000.0,-0.0366444302,-214000000.0,-210000000.0,-0.01919035,-1.73,-1.73,121628233,121730058,https://www.sec.gov/Archives/edgar/data/1144519/000104746909002143/0001047469-09-002143-index.htm,https://www.sec.gov/Archives/edgar/data/1144519/000104746909002143/a2190837z10-k.htm,89.97088694037016,-1.726572809785044,6.708968632307599,4.2259924963310125,8.254662385829448,61.13712101695994,57.58531409397356,61.13712101695994,29.458620845046724,6296693622.410001,8875693622.41,-7.496063836202381,0.5754083544192635,7.71653630197304,12.25037669729572,0.8467850487372244,0.8467850487372244,0.8110841288869597,-30.60584007727586,10.877075517659314,17.267886424922178,-0.0333508365807425,0.0816301428690556,0.4818450779989242,0.1771131982204646,-8.893103448275863,1.6319048798612832,0.0,-3.8857142857142857,0.031286260982887,-0.938095238095238,0.0,0.0,0.0213544241225902,0.3700980392156863,0.0275975509458101,3.1789473684210527,0.0060312528557068,,0.0051378596869752,-0.0106071320335387,-56.01084412695529,5102000000.0,7004000000.0,382000000.0,9503000000.0,3505500000.0,4896000000.0,6324000000.0,23.587681622955312,35.8654399079931,48.7607820586544,3.8155509065550905,2.5093795093795093,1.8457456217937376,-0.0282409897794513,2.4829761359765867,2009-02-05,-0.29,bmo,1734136612.0,2025-04-25,2008-12-31,5.310344827586207,41.97984375,3160882.125
2008-09-30,BG,USD,1144519,2008-11-10,2008-11-10 17:20:02,2008,Q3,14797000000.0,13588000000.0,1209000000.0,0.0817057512,0,0.0,0.0,382000000.0,0.0,382000000.0,13970000000.0,57000000.0,97000000.0,117000000.0,529000000.0,0.03575049,827000000.0,0.0558897074,-512000000.0,315000000.0,0.0212880989,5000000.0,234000000.0,0.0158140164,1.77,1.7,121616824,137839070,https://www.sec.gov/Archives/edgar/data/1144519/000110465908069827/0001104659-08-069827-index.htm,https://www.sec.gov/Archives/edgar/data/1144519/000110465908069827/a08-25902_210q.htm,121.66902171364056,1.9240758992357831,18.171827937226844,16.346422596926228,12.284484587428462,77.86751609300372,73.91247118901904,71.61838069377639,36.09697947711577,7683750940.32,10482750940.32,8.20913562,0.5192776198094208,3.476810380235294,3.8650658653521126,0.8821757681194029,0.8821757681194029,0.7084375846671622,19.816164348431,4.743326217339367,5.273013551468813,0.0304538762145581,0.2587278030535965,0.4928817451205511,0.1742288961038961,5.291115311909262,1.562002892263196,8.525773195876289,9.444444444444445,0.0054660803462027,0.1794871794871795,0.0,0.0,0.0195211038961038,0.1004524886877828,0.0150030411569912,1.8974358974358976,0.0,55.68197199535717,0.0545930383601432,0.0096858313671923,-58.14368248919245,6218000000.0,8989000000.0,2112000000.0,10997000000.0,4070000000.0,5568500000.0,7893500000.0,25.19902682976279,37.31675007359434,46.33132175448925,3.571566497706975,2.411785587504437,1.94253037884203,0.026865671641791,1.825405340300615,2008-10-23,2.81,bmo,29699692857.0,2025-04-25,2008-09-30,-0.501779359430605,88.65796875,2477462.34375
2008-06-30,BG,USD,1144519,2008-08-11,2008-08-11 17:25:43,2008,Q2,14365000000.0,12914000000.0,1451000000.0,0.1010093978,0,0.0,0.0,460000000.0,0.0,460000000.0,13374000000.0,54000000.0,90000000.0,119000000.0,1413000000.0,0.0983640794,991000000.0,0.0689871215,213000000.0,1204000000.0,0.0838148277,337000000.0,751000000.0,0.0522798468,6.01,5.45,121564112,137788430,https://www.sec.gov/Archives/edgar/data/1144519/000110465908051970/0001104659-08-051970-index.htm,https://www.sec.gov/Archives/edgar/data/1144519/000110465908051970/a08-21372_110q.htm,118.16809882179702,6.177810108957157,-1.069394559473276,-2.9120436465656905,9.048723195543106,85.14848527006062,80.45137532037415,77.94241116160994,48.00758960835415,13091239221.28,17737239221.28,4.35793582599201,0.9113288702596588,-100.70184016369232,-36.98090175502824,1.381661131533509,1.381661131533509,1.2347538615579532,12.552893999490443,-136.44030170215385,-50.10519554033898,0.0573666088676493,-0.0270409847392115,0.6064379947229551,0.2077217843973682,3.2880396319886764,1.5874359183009197,11.011111111111113,-0.1731025299600532,0.0030554785016058,0.0532623169107856,0.0,0.0,0.0206420360060733,-1.7230769230769232,0.0155934563174382,1.8823529411764703,0.0,104.086751562293,0.0410314380614144,0.0277213834852903,-72.53168599627496,7219000000.0,9780000000.0,2197000000.0,12502000000.0,3670000000.0,5002000000.0,7652000000.0,25.04211625478593,38.35140157968097,61.27303701409323,3.593945459094321,2.34671997092495,1.468835304822566,0.0792612137203166,1.8426490870924144,2008-07-24,2.27,bmo,10043436880.0,2025-04-25,2008-06-30,1.0837004405286346,114.62875,2737188.53125
2008-03-31,BG,USD,1144519,2008-05-12,2008-05-12 17:19:19,2008,Q1,12469000000.0,11602000000.0,867000000.0,0.0695324405,0,0.0,0.0,402000000.0,0.0,402000000.0,12004000000.0,48000000.0,98000000.0,108000000.0,625000000.0,0.0501243083,465000000.0,0.0372924854,-46000000.0,419000000.0,0.0336033363,117000000.0,289000000.0,0.0231774802,2.23,2.1,121299803,137605437,https://www.sec.gov/Archives/edgar/data/1144519/000104746908006431/0001047469-08-006431-index.htm,https://www.sec.gov/Archives/edgar/data/1144519/000104746908006431/a2185664z10-q.htm,102.79489077158682,2.382526540459427,-2.910144874678815,-4.130262272561152,5.960438369384656,74.17984017665717,69.85996506523593,68.28535409904994,41.97038967985793,10538526884.64,14808526884.64,9.116372737577851,0.8451781926890688,-29.85418380917847,-21.034983801676645,1.2723079662730894,1.2723079662730894,1.187627466889085,23.693643015424,-41.95050108963173,-29.55793789349301,0.0274231876203893,-0.0475398512035123,0.6028009175419534,0.2111472914111726,6.832,1.5517645908690976,4.744897959183674,-1.221453287197232,0.0040802666701617,0.1487889273356401,0.0,0.0,0.0221592591026345,-0.4192634560906516,0.0118694362017804,1.3703703703703705,0.0010425856123185,60.502582924014646,0.0222118849005843,0.0124983782381178,-67.29400871327054,5644000000.0,8474000000.0,1224000000.0,10507000000.0,3126000000.0,4281000000.0,6218000000.0,24.12944101371401,34.91553180486123,50.51542837441821,3.729883338318875,2.5776494112419464,1.7816339066339066,0.0348907400700229,1.2201173978823363,2008-04-24,1.14,bmo,10963696381.0,2025-04-25,2008-03-31,0.842105263157895,110.3444262295082,2485876.606557377
2007-12-31,BG,USD,1144519,2008-03-03,2008-03-03 06:59:00,2007,Q4,7056000000.0,6280000000.0,776000000.0,0.1099773243,0,0.0,0.0,434000000.0,0.0,434000000.0,6714000000.0,0.0,0.0,114000000.0,456000000.0,0.0646258503,342000000.0,0.0484693878,-415000000.0,-73000000.0,-0.010345805,89000000.0,245000000.0,0.0347222222,2.02,1.91,121076233,128571429,https://www.sec.gov/Archives/edgar/data/1144519/000104746908002119/0001047469-08-002119-index.htm,https://www.sec.gov/Archives/edgar/data/1144519/000104746908002119/a2183015z10-k.htm,58.277333421828544,2.023518521591269,1.9078888917860537,-0.3716666672310494,8.102333345636877,65.61981491445972,61.54800009346178,65.61981491445972,37.55485190887959,14094484283.53,17660484283.53,14.38212681992857,1.997517613878968,61.01508347848485,-313.2107618562222,1.7740068324140967,1.7740068324140967,2.5029031014073126,38.72913220072368,76.45231291571427,-392.45520630066665,0.0173826863808201,-0.0031927383148445,0.5723096286972938,0.2067664044381792,7.8201754385964914,1.6434231378763866,0.0,0.9428571428571428,0.0021284922098963,0.1224489795918367,0.0,0.0,0.0224182620162793,1.1948051948051948,0.0391156462585034,2.421052631578948,0.0068027210884353,54.65908428077629,0.0531893548328256,0.0113964089682761,-65.42365750675444,5684000000.0,7452000000.0,472000000.0,10393000000.0,2953000000.0,3837500000.0,5773000000.0,37.10459183673469,58.19904458598726,84.89808917197452,2.4255757992437266,1.546417138635804,1.0600945307224847,0.0308370044052863,2.279555559017103,2008-02-07,1.54,bmo,8536391111.0,2025-04-25,2007-12-31,0.461038961038961,111.4334375,1279909.546875
2007-09-30,BG,USD,1144519,2007-11-09,2007-11-09 17:13:39,2007,Q3,9729000000.0,8822000000.0,907000000.0,0.0932264364,0,0.0,0.0,353000000.0,0.0,353000000.0,9175000000.0,0.0,0.0,95000000.0,649000000.0,0.0667077809,554000000.0,0.0569431596,-7000000.0,547000000.0,0.0562236612,145000000.0,351000000.0,0.0360777058,2.84,2.7,120854591,129794933,https://www.sec.gov/Archives/edgar/data/1144519/000104746907008930/0001047469-07-008930-index.htm,https://www.sec.gov/Archives/edgar/data/1144519/000104746907008930/a2180920z10-q.htm,80.50169976579541,2.9043166427992797,1.108770456225366,-0.3144274428101783,7.149087120736688,60.46936189623115,57.46575237675497,55.48816924960674,42.32358868352796,13094594934.849998,17364594934.85,9.32663456898148,1.345934313377531,97.72085772276118,-344.5946035486842,1.952668496100507,1.952668496100507,1.7848283415407542,26.75592439884437,129.58652936455223,-456.9630246013157,0.0268049528638604,-0.0029019607089079,0.7627497763197136,0.245606453471622,6.579352850539292,1.5364001786511836,0.0,0.3817663817663818,0.0021382868381427,0.0797720797720797,0.0,0.0,0.0174301354076634,1.2835820895522387,0.017679103710556,1.810526315789473,0.0,60.216212951141,0.0301476804244077,0.0171529101304794,-62.84618513168441,4804000000.0,6945000000.0,242000000.0,9134000000.0,2889500000.0,3299000000.0,5230500000.0,27.72432932469935,36.86919065971435,57.35434141917932,3.2462462462462462,2.4410625345877146,1.5691924581999288,0.0523411869967193,1.4231978990355445,2007-10-25,1.78,bmo,6366772058.0,2025-04-25,2007-09-30,0.5280898876404495,90.68126984126984,1199861.9365079366
2007-06-30,BG,USD,1144519,2007-08-09,2007-08-09 17:20:03,2007,Q2,9915000000.0,9383000000.0,532000000.0,0.0536560767,0,0.0,0.0,307000000.0,0.0,307000000.0,9690000000.0,0.0,0.0,90000000.0,315000000.0,0.0317700454,225000000.0,0.0226928896,52000000.0,277000000.0,0.0279374685,70000000.0,168000000.0,0.0169440242,1.32,1.3,120454545,122307692,https://www.sec.gov/Archives/edgar/data/1144519/000104746907006262/0001047469-07-006262-index.htm,https://www.sec.gov/Archives/edgar/data/1144519/000104746907006262/a2179231z10-q.htm,82.31320785778568,1.3947169863951585,-4.931320773325739,-5.977358513122107,3.9932075622385192,55.24075492543681,52.30188698981844,51.04000019260378,38.18037750256746,10178409052.5,14311409052.5,15.146442042410714,1.0265667223903177,-17.135368775252523,-14.136679239583334,1.6555642570754716,1.6555642570754716,1.4434098893091276,45.43304461111112,-24.093281233164983,-19.87695701736111,0.0165055264662148,-0.0707379705694924,0.7480481457384516,0.255089023240335,13.12063492063492,1.7361005908195728,0.0,-3.5357142857142856,0.0027509210777024,0.1666666666666666,0.0,0.0,0.0196350324477231,-0.2121212121212121,0.0127080181543116,1.4,0.0,40.02115682011609,0.0136069267802724,0.0095049504950495,-53.032453030311146,4859000000.0,6300000000.0,85000000.0,8952000000.0,2614500000.0,2796500000.0,4374500000.0,25.252647503782143,28.621975913886818,46.41479271022061,3.563982746225737,3.1444369973190347,1.9390369911138663,0.0273259596616785,1.046037739796369,2007-07-26,0.9,bmo,5532000000.0,2025-04-25,2007-06-30,0.5000000000000001,77.72619047619048,1307088.4444444445
2007-03-31,BG,USD,1144519,2007-05-10,2007-05-10 16:28:58,2007,Q1,7343000000.0,7043000000.0,300000000.0,0.0408552363,0,0.0,0.0,265000000.0,0.0,265000000.0,7308000000.0,0.0,0.0,86000000.0,121000000.0,0.0164782786,35000000.0,0.0047664442,-8000000.0,27000000.0,0.0036769713,6000000.0,14000000.0,0.0019065777,0.05,0.05,120000000,120000000,https://www.sec.gov/Archives/edgar/data/1144519/000104746907003992/0001047469-07-003992-index.htm,https://www.sec.gov/Archives/edgar/data/1144519/000104746907003992/a2177759z10-q.htm,61.19166666666667,0.1166666666666666,-1.5166666666666666,-2.216666666666667,4.058333333333334,51.766666666666666,48.94166666666667,48.125,32.525,9866400000.0,13284400000.0,176.18571428571428,1.3436470107585456,-54.21098901098901,-37.09172932330827,1.7084675324675325,1.7084675324675325,1.8091243361024103,109.78842975206612,-72.99120879120879,-49.94135338345865,0.0014189572691153,-0.0269601881131922,0.6758441558441558,0.2536721695047446,28.24793388429752,1.892301307325171,0.0,-13.0,0.0028379145382307,2.0,0.0,0.0,0.0220330170284674,-0.4615384615384615,0.0114394661582459,0.9767441860465116,0.0016342094511779,11.239578506331988,0.0024531154566299,0.0009304180235262,-40.80625,4300000000.0,5873000000.0,-55000000.0,8183000000.0,2163000000.0,2468500000.0,3797000000.0,29.991828952744108,33.33948601448247,49.96450376260117,3.0008173273395995,2.6995017247987736,1.8012787723785166,0.0024242424242424,0.7,2007-04-26,0.03571,bmo,5874399999.0,2025-04-25,2007-03-31,0.4001680201624196,77.64098360655738,994231.5573770492
2006-12-31,BG,USD,1144519,2007-03-01,2007-03-01 16:17:19,2006,Q4,7683000000.0,7169000000.0,514000000.0,0.0669009501,0,0.0,0.0,278000000.0,0.0,278000000.0,7447000000.0,0.0,0.0,85000000.0,321000000.0,0.0417805545,236000000.0,0.0307171678,-6000000.0,230000000.0,0.0299362228,-69000000.0,264000000.0,0.0343615775,2.2,2.2,120000000,120000000,https://www.sec.gov/Archives/edgar/data/1144519/000110465907015539/0001104659-07-015539-index.htm,https://www.sec.gov/Archives/edgar/data/1144519/000110465907015539/a07-5412_110k.htm,64.025,2.2,2.158333333333333,0.5916666666666667,3.0416666666666665,50.65,47.85833333333333,47.23333333333333,29.03333333333333,8701200000.0,11820200000.0,8.239772727272728,1.1325263568918391,33.5953667953668,122.55211267605634,1.5351446718419195,1.5351446718419195,1.5384875699596512,36.82305295950156,45.63783783783784,166.48169014084507,0.0303406426699765,0.0081597940513952,0.6146788990825688,0.2428382240189586,9.71651090342679,1.8589147286821703,0.0,0.981060606060606,0.0004597067071208,0.0151515151515151,0.0,0.0,0.0233498292325921,0.7258687258687259,0.0244696082259534,2.211764705882353,0.002472992320708,48.35338664457744,0.0293813445700057,0.0188409934341992,-38.77291666666667,3878000000.0,5743000000.0,124000000.0,7659000000.0,1943500000.0,2168000000.0,3557000000.0,22.01093322920734,29.22583344957456,46.2491281908216,4.088877062267163,3.07946735395189,1.9459826275787189,0.0465772759350741,1.5666666666666669,2007-02-08,1.44,bmo,7375680000.0,2025-04-25,2006-12-31,0.0416666666666667,65.88333333333333,1073174.603174603
2006-09-30,BG,USD,1144519,2006-11-09,2006-11-09 15:45:27,2006,Q3,6965000000.0,6480000000.0,485000000.0,0.0696338837,0,0.0,0.0,255000000.0,0.0,255000000.0,6735000000.0,0.0,0.0,82000000.0,312000000.0,0.0447954056,230000000.0,0.0330222541,-27000000.0,203000000.0,0.0291457286,25000000.0,169000000.0,0.024264178,1.41,1.4,119858156,120714286,https://www.sec.gov/Archives/edgar/data/1144519/000104746906013831/0001047469-06-013831-index.htm,https://www.sec.gov/Archives/edgar/data/1144519/000104746906013831/a2174355z10-q.htm,58.11035504333973,1.410000000333728,-1.2347928997005426,-2.3527810656456287,2.394497041986863,42.50857989171801,39.90550296802497,39.32982249451594,33.714852078985764,6945780140.200001,10699780140.2,10.27482269260355,0.9972405082842788,-46.930946893243245,-24.630426029078016,1.4734366016546456,1.4734366016546456,1.536221125656856,34.29416711602564,-72.29581175810812,-37.94248276666667,0.0243313201092964,-0.040600190951607,0.857233771743742,0.3056501021102791,12.032051282051285,1.8195383539286547,0.0,-0.8757396449704142,0.004895058483527,0.2011834319526627,0.0,0.0,0.023598820058997,-0.9054054054054054,0.0192390524048815,1.6341463414634143,0.0,35.32334382435843,0.0204559161017639,0.013091641490433,-38.52887574876423,3515000000.0,4783000000.0,-322000000.0,6992000000.0,1849000000.0,1975500000.0,3365000000.0,25.94687724335965,27.88888888888889,47.638888888888886,3.468625498007968,3.2270916334661357,1.8892128279883385,0.035850657615613,1.117988165945086,2006-10-26,1.42,bmo,6380838709.0,2025-04-25,2006-09-30,0.0915492957746479,54.21222222222222,714374.6031746032
2006-06-30,BG,USD,1144519,2006-08-09,2006-08-09 15:37:00,2006,Q2,6001000000.0,5713000000.0,288000000.0,0.0479920013,0,0.0,0.0,218000000.0,0.0,218000000.0,5931000000.0,0.0,0.0,79000000.0,149000000.0,0.0248291951,70000000.0,0.0116647225,-49000000.0,21000000.0,0.0034994168,-3000000.0,30000000.0,0.0049991668,0.25,0.25,120000000,120000000,https://www.sec.gov/Archives/edgar/data/1144519/000104746906010647/0001047469-06-010647-index.htm,https://www.sec.gov/Archives/edgar/data/1144519/000104746906010647/a2172491z10-q.htm,50.00833333333333,0.25,-2.8833333333333333,-3.808333333333333,2.325,40.86666666666667,38.25,37.833333333333336,30.566666666666663,6030000000.0,9419000000.0,50.25,1.0048325279120147,-17.427745664739884,-13.194748358862144,1.328193832599119,1.328193832599119,1.5695717380436591,63.21476510067114,-27.22254335260116,-20.61050328227571,0.0049751243781094,-0.075787728026534,0.8079295154185022,0.2952350289761751,22.74496644295302,1.8447876447876448,0.0,-11.533333333333331,0.0029850746268656,0.6,0.0,0.0,0.0252736638763683,-0.3208092485549133,0.0184969171804699,1.4050632911392404,0.0,14.588094460895158,0.0085698982324584,0.0024772914946325,-36.02916666666667,3282000000.0,4590000000.0,-353000000.0,6699000000.0,1650500000.0,1804500000.0,2999000000.0,25.345775704049327,30.609137055837564,51.98669700682654,3.550887573964497,2.9402985074626864,1.7312121212121212,0.0066079295154185,0.925,2006-07-27,0.028,bmo,900150000.0,2025-04-25,2006-06-30,6.142857142857143,55.65730158730158,1274927.0
2006-03-31,BG,USD,1144519,2006-05-10,2006-05-10 16:29:41,2006,Q1,5625000000.0,5341000000.0,284000000.0,0.0504888889,0,0.0,0.0,227000000.0,0.0,227000000.0,5568000000.0,0.0,0.0,78000000.0,135000000.0,0.024,57000000.0,0.0101333333,11000000.0,68000000.0,0.0120888889,11000000.0,58000000.0,0.0103111111,0.49,0.48,118367347,120833333,https://www.sec.gov/Archives/edgar/data/1144519/000104746906006814/0001047469-06-006814-index.htm,https://www.sec.gov/Archives/edgar/data/1144519/000104746906006814/a2170198z10-q.htm,47.52155169955782,0.4899999997465517,-0.456206896315755,-1.0475862063546968,2.4584482745904577,40.99948273741406,38.321379290523424,38.03413791136165,27.161206882502825,6594244901.37,9529244901.37,28.42346940245689,1.172310204688,-122.11564632166666,-53.1793943658871,1.4647367617436695,1.4647367617436695,1.6940879824657775,70.5869992694074,-176.4674981735185,-76.84874920459677,0.0087955483709666,-0.0188042758275838,0.7141270546423811,0.2776578288280508,21.74074074074074,1.8291702555268448,0.0,-0.9310344827586208,0.0027296529427137,0.3103448275862069,0.0,0.0,0.0273771482856896,-1.2962962962962965,0.0124444444444444,0.8974358974358975,0.0,20.477460053821844,0.0054134842244171,0.0051500621559225,-32.760301707192944,2888000000.0,4536000000.0,-355000000.0,6229000000.0,1656500000.0,1734500000.0,2733500000.0,25.776,28.07339449541284,45.4633963677214,3.4916201117318435,3.2058823529411766,1.9796145292809488,0.0128831630386494,0.5913793100389417,2006-04-27,0.69,bmo,6362704918.0,2025-04-25,2006-03-31,-0.1159420289855071,56.13225806451613,1150603.2258064516
2005-12-31,BG,USD,1144519,2006-03-15,2006-03-15 17:25:32,2005,Q4,6726000000.0,6374000000.0,352000000.0,0.0523342254,0,0.0,0.0,287000000.0,0.0,287000000.0,6661000000.0,0.0,0.0,77000000.0,142000000.0,0.0211121023,65000000.0,0.0096639905,-64000000.0,1000000.0,0.0001486768,-160000000.0,149000000.0,0.0221528397,1.26,1.23,118367347,120833333,https://www.sec.gov/Archives/edgar/data/1144519/000110465906016958/0001104659-06-016958-index.htm,https://www.sec.gov/Archives/edgar/data/1144519/000110465906016958/a06-6603_110k.htm,56.8231034188846,1.258793102797176,3.649655170526041,2.12896551614019,2.990689653625505,38.44810342838891,35.84603446421757,35.70241377463668,26.57827584832158,6700775513.67,9492775513.67,11.24291193568792,0.9962497046788582,15.511054429791669,26.5903790225,1.5856070784831993,1.5856070784831993,1.4113552651903063,66.85053178640845,21.97401739275463,37.66974410186508,0.0222362321638787,0.0376075872838754,0.7444391859914813,0.2748558448366242,19.66197183098592,1.814763616256566,0.0,2.8993288590604025,0.0044770937242708,0.2013422818791946,0.0,0.0,0.026908963830159,0.4166666666666667,0.0267618198037466,2.3376623376623376,0.0,31.799275538701817,1.2431693989071038,0.0133776261447297,-32.77931032787277,2947000000.0,4243000000.0,-331000000.0,6155000000.0,1891500000.0,1915000000.0,2909000000.0,22.77430865298841,25.458111076247253,39.09789770944462,3.9518213866039953,3.5352190793122573,2.3019140483929217,0.0352579271178419,1.52068965438585,2006-02-09,0.86,bmo,7169851851.0,2025-04-25,2005-12-31,-0.0581395348837208,52.77571428571429,866122.2222222222
2005-09-30,BG,USD,1144519,2005-11-09,2005-11-09 16:24:33,2005,Q3,6248000000.0,5841000000.0,407000000.0,0.0651408451,0,0.0,0.0,230000000.0,0.0,230000000.0,6071000000.0,0.0,0.0,70000000.0,247000000.0,0.0395326504,177000000.0,0.0283290653,-3000000.0,174000000.0,0.0278489117,-18000000.0,170000000.0,0.0272087068,1.53,1.41,111111111,120567376,https://www.sec.gov/Archives/edgar/data/1144519/000104746905026563/0001047469-05-026563-index.htm,https://www.sec.gov/Archives/edgar/data/1144519/000104746905026563/a2164857z10-q.htm,56.232000056232,1.53000000153,2.691000002691,1.521000001521,2.934000002934,39.141000039141,35.739000035739,36.162000036162,32.76000003276,5846666660.82,9160666660.82,8.598039207088235,0.9357661108866836,19.55406909973244,34.59566071491124,1.4551186313638629,1.4551186313638629,1.46617584200064,37.087719274574894,30.63768113986622,54.20512817053254,0.029076396836374,0.0289053592079247,0.9059233449477352,0.2982873064000655,13.417004048582996,1.7627649325626205,0.0,1.758823529411765,0.005302166481927,0.1823529411764705,0.0,0.0,0.030975989510776,0.4347826086956521,0.0208066581306017,1.8571428571428568,0.0,35.28281242318636,0.0221540772263595,0.0143763213530655,-39.98475003998475,3167000000.0,3971000000.0,-535000000.0,6497000000.0,1941500000.0,2034500000.0,3320500000.0,29.975992317541618,31.2326656394453,46.97996918335902,3.0024026910139354,2.881598421312284,1.915710068875041,0.042309606769537,1.17000000117,2005-10-27,1.05,bmo,6189056603.0,2025-04-25,2005-09-30,0.0095238095238095,59.330625,822029.6875
2005-06-30,BG,USD,1144519,2005-08-09,2005-08-09 16:42:53,2005,Q2,5872000000.0,5445000000.0,427000000.0,0.0727179837,0,0.0,0.0,243000000.0,0.0,243000000.0,5688000000.0,0.0,0.0,68000000.0,252000000.0,0.0429155313,184000000.0,0.0313351499,3000000.0,187000000.0,0.031846049,52000000.0,113000000.0,0.0192438692,1.02,0.94,110784314,120212766,https://www.sec.gov/Archives/edgar/data/1144519/000104746905021127/0001047469-05-021127-index.htm,https://www.sec.gov/Archives/edgar/data/1144519/000104746905021127/a2161887z10-q.htm,53.003893673972655,1.0199999974725664,-1.1102654839745634,-2.1753982246981285,3.736991141182677,36.340884865704005,33.02814151108071,33.5607078814425,35.21256628442904,7023725507.599999,10510725507.599998,15.53921572477876,1.1961385401226157,-57.10345941138211,-29.144089243153523,1.889113907369553,1.889113907369553,1.7899736899863758,41.7092282047619,-85.45305290731706,-43.61296891120331,0.0160883280358448,-0.0343122748375099,1.0492200107584724,0.3244614488896282,13.837301587301589,1.8433202357563847,0.0,-1.0884955752212389,0.0064068562974603,0.3982300884955752,0.0,0.0,0.0305248274141229,-0.959349593495935,0.0200953678474114,1.7352941176470589,0.0,27.75280605579551,0.0152420223291945,0.009694577899794,-40.03725653796078,3434000000.0,3659000000.0,-491000000.0,6590000000.0,1800500000.0,1940500000.0,3229000000.0,27.619209809264305,33.75206611570248,59.37190082644628,3.2586015538290787,2.666503428011753,1.51586859688196,0.030392684238838,1.065132740723565,2005-07-28,0.83,bmo,7127173913.0,2025-04-25,2005-06-30,-0.1686746987951807,57.675625,772381.25
2005-03-31,BG,USD,1144519,2005-05-10,2005-05-10 16:32:17,2005,Q1,5451000000.0,5066000000.0,385000000.0,0.0706292423,0,0.0,0.0,196000000.0,0.0,196000000.0,5262000000.0,0.0,0.0,63000000.0,252000000.0,0.0462300495,189000000.0,0.0346725371,-42000000.0,147000000.0,0.0269675289,44000000.0,98000000.0,0.0179783526,0.88,0.82,111363636,119512195,https://www.sec.gov/Archives/edgar/data/1144519/000104746905014194/0001047469-05-014194-index.htm,https://www.sec.gov/Archives/edgar/data/1144519/000104746905014194/a2157783z10-q.htm,48.94775526187022,0.8800000028734694,-2.029387761728613,-2.873469397137859,3.04408164259292,33.29632663933494,30.279183772340197,30.701224590044816,31.72489806277518,6000272707.68,9194272707.68,15.306818131836735,1.1007654939790863,-26.549879237522127,-18.7508522115,1.7549788557121966,1.7549788557121966,1.686713026541919,36.48520915746032,-40.68262260035398,-28.732102211500003,0.0163325909961668,-0.0533309093752386,1.0333430827727406,0.3197285067873303,12.674603174603174,1.757528556593977,0.0,-2.306122448979592,0.0023332272851666,0.1428571428571428,0.0,0.0,0.0304072398190045,-0.415929203539823,0.0172445422858191,1.492063492063492,0.0,24.655308736006848,0.016547366166259,0.0091469105842822,-37.90061236865506,2918000000.0,3372000000.0,-572000000.0,5804000000.0,1863500000.0,1868500000.0,2751000000.0,29.70280682443589,32.670746150809315,50.915909988156336,3.0300166759310727,2.754758020663404,1.7676203768318213,0.0286633518572682,0.8440816354092462,2005-04-28,0.49,bmo,4046954545.0,2025-04-25,2005-03-31,0.3469387755102042,54.37081967213115,799991.8032786886
2004-12-31,BG,USD,1144519,2005-03-16,2005-03-16 15:41:25,2004,Q4,6212000000.0,5740000000.0,472000000.0,0.0759819704,0,0.0,0.0,270000000.0,111000000.0,381000000.0,6121000000.0,0.0,0.0,58000000.0,149000000.0,0.0239858339,91000000.0,0.0146490663,129000000.0,220000000.0,0.0354153252,73000000.0,105000000.0,0.0169027688,0.94,0.88,111363636,119512195,https://www.sec.gov/Archives/edgar/data/1144519/000104746905006732/0001047469-05-006732-index.htm,https://www.sec.gov/Archives/edgar/data/1144519/000104746905006732/a2153218z10-k.htm,55.781224671938695,0.94285714593586,-1.239183677515702,-3.295510214842482,4.004897972260891,32.82040827043399,29.92000009769796,30.30612254793836,29.462040912529112,6348840888.36,9197840888.36,15.11628782942857,1.0220284752672246,-46.00609339391304,-17.29929397373297,1.881138040995556,1.881138040995556,1.4806569363103672,61.730475760805376,-66.65102093014494,-25.062236753024525,0.0165384519546721,-0.057805827308235,0.972148148148148,0.3008159897313652,19.12080536912752,1.708867247565351,0.0,-1.3142857142857145,0.0022051269272896,0.1333333333333333,0.0,0.0,0.0296140093517924,-1.6594202898550725,0.0368641339343206,3.9482758620689657,0.0,25.35592129510305,0.0079110779930452,0.0099206349206349,-36.29551032259759,2766000000.0,3332000000.0,-584000000.0,5625000000.0,1932000000.0,2080000000.0,2705500000.0,27.933032839665163,29.7595818815331,41.33101045296167,3.221991701244814,3.024236037934668,2.1775417298937785,0.0311111111111111,2.0563265373267807,2005-02-08,0.82,bmo,5093840000.0,2025-04-25,2004-12-31,0.2195121951219513,49.0021875,731904.6875
2004-09-30,BG,USD,1144519,2004-11-09,2004-11-09 16:14:03,2004,Q3,6560000000.0,6007000000.0,553000000.0,0.0842987805,0,0.0,0.0,231000000.0,0.0,231000000.0,6238000000.0,0.0,0.0,53000000.0,375000000.0,0.0571646341,322000000.0,0.0490853659,15000000.0,337000000.0,0.0513719512,100000000.0,182000000.0,0.0277439024,1.65,1.53,110303030,118954248,https://www.sec.gov/Archives/edgar/data/1144519/000104746904033587/0001047469-04-033587-index.htm,https://www.sec.gov/Archives/edgar/data/1144519/000104746904033587/a2146265z10-q.htm,59.472527635913536,1.650000004532967,11.38681321809564,10.58901101810168,5.530219795412692,31.8032967906684,28.557692386147508,28.10439568160548,26.34560446798243,4409915139.4,6705915139.4,6.057575740934065,0.6722431614939024,3.511078932643312,3.775612276883561,1.4225532707741937,1.4225532707741937,1.0222431614939025,17.88244037173333,5.339104410350318,5.741365701541096,0.0412706354310397,0.2648577043046943,0.9374193548387096,0.2688749074759437,6.1226666666666665,1.7545477199102917,0.0,6.9010989010989015,0.0072563754604025,0.1758241758241758,0.0,0.0,0.0331236121391561,0.0700636942675159,0.0134146341463414,1.660377358490566,0.0,32.3013264827626,0.0320434468056696,0.0174162679425837,-34.90837921678126,3028000000.0,3150000000.0,-259000000.0,5524000000.0,1912500000.0,2181000000.0,3179000000.0,26.560975609756092,33.8904611286832,41.57649409022807,3.3884297520661155,2.655614500442087,2.164684684684685,0.0587096774193548,0.7978021999939621,2004-10-28,0.82,bmo,6014249992.0,2025-04-25,2004-09-30,0.8902439024390245,39.27765625,596157.8125
2004-06-30,BG,USD,1144519,2004-08-09,2004-08-09 17:22:41,2004,Q2,6657000000.0,6161000000.0,496000000.0,0.0745080367,0,0.0,0.0,192000000.0,0.0,192000000.0,6353000000.0,0.0,0.0,50000000.0,354000000.0,0.0531771068,304000000.0,0.045666216,-103000000.0,201000000.0,0.030193781,58000000.0,112000000.0,0.0168243954,1.08,1.0,103703704,112000000,https://www.sec.gov/Archives/edgar/data/1144519/000104746904025869/0001047469-04-025869-index.htm,https://www.sec.gov/Archives/edgar/data/1144519/000104746904025869/a2141534z10-q.htm,64.19249981659286,1.0799999969142855,3.8957142745836735,3.239999990742857,5.052857128420408,31.696071338011222,29.429999915914287,26.82642849478163,34.887857043177554,4038222233.76,7132222233.76,9.013888914642855,0.6066129238035151,9.995599588514851,12.018518552857142,1.4515536426168223,1.4515536426168223,1.0713868459906866,20.147520434350284,17.65401543009901,21.22685188619048,0.0277349768082764,0.0832049304248294,1.3005032350826744,0.33364072298045,8.740112994350282,1.7981163970055545,0.0,3.607142857142857,0.0069337442020691,0.25,0.0,0.0,0.0216709701217263,0.1683168316831683,0.0102148114766411,1.36,0.0,25.53198407019465,0.0288563851854802,0.010557074182298,-36.88151775176709,3305000000.0,3052000000.0,-111000000.0,5550000000.0,1738000000.0,2023000000.0,3766500000.0,25.538530869761157,30.67683817562084,52.340529134880704,3.524086818422446,2.933809523809524,1.71950879151549,0.0402588066139468,0.6557142838408163,2004-07-29,0.77,bmo,4668545454.0,2025-04-25,2004-06-30,0.2987012987012987,37.38483870967743,696746.7741935484
2004-03-31,BG,USD,1144519,2004-04-29,2004-04-29 17:25:24,2004,Q1,5739000000.0,5374000000.0,365000000.0,0.0635999303,0,0.0,0.0,178000000.0,0.0,178000000.0,5552000000.0,0.0,0.0,51000000.0,238000000.0,0.0414706395,187000000.0,0.0325840739,-41000000.0,146000000.0,0.0254399721,58000000.0,70000000.0,0.0121972469,0.7,0.65,100000000,107692308,https://www.sec.gov/Archives/edgar/data/1144519/000094787104001261/0000947871-04-001261-index.htm,https://www.sec.gov/Archives/edgar/data/1144519/000094787104001261/ex1_042904-1.txt,57.39,0.7,-7.2,-7.72,5.23,29.92,27.44,24.28,42.15,4022000000.0,7714000000.0,14.364285714285716,0.7008189580066214,-5.586111111111111,-5.209844559585492,1.6565074135090607,1.6565074135090607,1.3441366091653597,32.411764705882355,-10.713888888888889,-9.992227979274611,0.0174042764793635,-0.191944306315266,1.735996705107084,0.3755011135857461,15.512605042016808,1.4693993199848885,0.0,-10.285714285714286,0.0029835902536051,0.1714285714285714,0.0,0.0,0.0220935412026726,-0.0722222222222222,0.0090608119881512,1.0196078431372548,0.0,19.55530618527872,0.0144225628620759,0.0063769700282408,-45.4475,2485000000.0,2744000000.0,-454000000.0,4799000000.0,1541000000.0,1812000000.0,3408500000.0,24.88761108207005,32.59024934871604,66.1518422032006,3.616257088846881,2.761562178828366,1.360506329113924,0.028830313014827,0.52,2004-04-29,0.44,bmo,5595525000.0,2025-04-25,2004-03-31,0.409090909090909,36.891129032258064,507479.0322580645
2003-12-31,BG,USD,1144519,2004-03-15,2004-03-15 17:30:49,2003,Q4,6229000000.0,5822000000.0,407000000.0,0.0653395409,0,0.0,0.0,186000000.0,2000000.0,188000000.0,6010000000.0,0.0,0.0,51000000.0,270000000.0,0.0433456414,219000000.0,0.0351581313,-42000000.0,177000000.0,0.028415476,70000000.0,100000000.0,0.0160539412,1.0,0.93,100000000,107692308,https://www.sec.gov/Archives/edgar/data/1144519/000104746904008058/0001047469-04-008058-index.htm,https://www.sec.gov/Archives/edgar/data/1144519/000104746904008058/a2130582z20-f.htm,62.29,1.0,-6.79,-8.0,5.02,29.31,26.91,23.77,33.94,3292000000.0,6197000000.0,8.23,0.5284957457055707,-4.848306332842416,-4.115,1.384938998737905,1.384938998737905,0.994862738802376,22.951851851851853,-9.126656848306332,-7.74625,0.0303766707168894,-0.2430133657351154,1.4278502313840975,0.3433832456495346,10.75925925925926,1.6301752603505206,0.0,-6.79,0.0039489671931956,0.13,0.0,0.0,0.0242816673411574,-0.1782032400589101,0.0194252689035158,2.372549019607843,0.0,23.126283748151156,0.019010601738724,0.0103691414350891,-38.9625,2481000000.0,2691000000.0,-535000000.0,4811000000.0,1425000000.0,1643500000.0,2624500000.0,21.600577941884733,25.939539677086916,44.31982136722776,4.166555183946488,3.469606674612634,2.030694105336589,0.0420698359276398,1.21,2004-02-03,0.67,bmo,4755423133.0,2025-04-25,2003-12-31,1.4626865671641789,28.67015625,472867.1875
2003-09-30,BG,USD,1144519,2003-09-30,2003-09-29 20:00:00,2003,Q3,5826000000.0,5462000000.0,364000000.0,0.0624785445,0,0.0,0.0,183000000.0,0.0,183000000.0,5645000000.0,0.0,0.0,43000000.0,224000000.0,0.038448335,181000000.0,0.0310676279,-45000000.0,136000000.0,0.023343632,47000000.0,89000000.0,0.0152763474,0.89,0.88,99812000,101223850,,,58.36973510199174,0.8916763515408969,4.227948543261332,3.5867430769847317,5.01943654069651,27.5017032020198,25.80852001763315,22.041437903258124,25.91872720714944,2744830000.0,4830830000.0,7.710196629213483,0.4711345691726742,6.504336492890995,7.667122905027933,1.24765,1.24765,0.8291846893237212,21.566205357142856,11.447464454976304,13.493938547486032,0.0324245946014871,0.1304270209812629,1.175909090909091,0.2980071420343278,9.3125,1.4705403203909857,0.0,4.741573033707865,0.0102009960544004,0.3146067415730337,0.0,0.0,0.0194678032484736,0.1516587677725118,0.0109852385856505,1.4883720930232558,0.0,21.02881715590727,0.020072619795249,0.0104558270676691,-32.33829599647337,1733000000.0,2576000000.0,-520000000.0,3802000000.0,1362500000.0,1595500000.0,2568000000.0,20.932028836251288,26.512266569022337,39.24935920908092,4.299630996309963,3.394655065257924,2.2930310663308147,0.0404545454545454,0.6412054662766,2003-10-30,0.76,bmo,5749342105.0,2025-04-25,2003-09-30,0.0131578947368421,29.37421875,424253.125
2003-06-30,BG,USD,1144519,2003-06-30,2003-06-29 20:00:00,2003,Q2,5181000000.0,4912000000.0,269000000.0,0.0519204787,0,0.0,0.0,164000000.0,0.0,164000000.0,5076000000.0,0.0,0.0,41000000.0,146000000.0,0.0281798881,105000000.0,0.0202663578,151000000.0,256000000.0,0.0494113106,48000000.0,182000000.0,0.0351283536,1.83,1.8,99453552,101111111,,,52.094670283872816,1.8299999983912087,2.2020329650971138,1.538406592054148,4.564945050931916,26.585274701903057,25.00664832966449,21.165659322052168,31.120054917696656,2844371587.2000003,5498371587.200001,3.907103828571429,0.5490004993630574,12.987998115068494,18.590663968627453,1.3512454095961997,1.3512454095961997,1.061256820536576,37.66007936438357,25.10671957625571,35.937069197385625,0.0639860139297625,0.0537904402816135,1.4703087885985748,0.3409341264595726,18.17808219178082,1.4820717131474104,0.0,1.2032967032967032,0.0080861446174974,0.1263736263736263,0.0,0.0,0.0172945582727473,0.3013698630136986,0.0127388535031847,1.6097560975609757,0.0,29.521111459756177,0.0136565551464703,0.0204013003026566,-35.95145601235037,1936000000.0,2487000000.0,-482000000.0,3966000000.0,1320000000.0,1404000000.0,2577500000.0,23.798494499131444,28.98615635179153,50.46009771986971,3.781751824817518,3.104930467762326,1.7835875090777051,0.0864608076009501,0.6636263730429658,2003-07-29,0.71,bmo,5226000000.0,2025-04-25,2003-06-30,0.0,27.98920634920635,395934.9206349207
2003-03-31,BG,USD,1144519,2003-03-31,2003-03-30 19:00:00,2003,Q1,4884000000.0,4616000000.0,268000000.0,0.0548730549,0,0.0,0.0,150000000.0,0.0,150000000.0,4766000000.0,0.0,0.0,49000000.0,167000000.0,0.0341932842,118000000.0,0.0241605242,-41000000.0,77000000.0,0.0157657658,37000000.0,40000000.0,0.0081900082,0.4,0.4,99585970,100502130,,,49.043052952137735,0.4016630053410134,-0.030124725400576,-0.5623282074774187,3.976463752876033,21.258014557673132,19.75177828764433,16.146852814708737,34.081106003184985,2505583005.2,5503583005.2,15.6598937825,0.5130186333333333,-835.1943350666667,-44.74255366428571,1.558198386318408,1.558198386318408,1.126859747174447,32.95558685748503,-1834.5276684,-98.27826795,0.015964348383983,-0.0223500877375762,2.1106965174129355,0.3964027096472787,17.952095808383234,1.5431973650874082,0.0,-0.075,0.0163634570935826,1.025,0.0,0.0,0.0175192711983181,-17.666666666666668,0.0108517608517608,1.0816326530612246,0.0,12.079977323570834,0.010052263250033,0.004755111745126,-39.121976720214704,2144000000.0,1967000000.0,-354000000.0,4044000000.0,1219000000.0,1248500000.0,2404000000.0,23.402948402948404,23.90381282495667,46.8132582322357,3.845669291338583,3.7650897226753672,1.9225322782174097,0.0248756218905472,0.5322034820768428,2003-04-29,0.33,bmo,3848000000.0,2025-04-25,2003-03-31,0.2121212121212121,25.55114754098361,331370.4918032787
2002-12-31,BG,USD,1144519,2003-03-31,2003-03-31 17:23:30,2002,Q4,4684000000.0,4353000000.0,331000000.0,0.0706660974,0,0.0,0.0,221000000.0,0.0,221000000.0,4574000000.0,0.0,0.0,53000000.0,163000000.0,0.0347993168,110000000.0,0.0234842015,-74000000.0,36000000.0,0.0076857387,0.0,88000000.0,0.0187873612,0.88,0.88,99585970,100502130,https://www.sec.gov/Archives/edgar/data/1144519/000104746903011358/0001047469-03-011358-index.htm,https://www.sec.gov/Archives/edgar/data/1144519/000104746903011358/a2106536z20-f.htm,47.034737925432665,0.8836586117502295,-0.240997803204608,-1.345571067892395,4.840039214359211,19.75177828764433,16.287434866578092,14.781198596549292,34.17148017938671,2396038438.2,5329038438.2,6.80692738125,0.5115368143040137,-99.834934925,-17.88088386716418,1.6277435042119563,1.6277435042119563,1.137711024380871,32.69348735092024,-222.0432682583333,-39.76894356865672,0.0367272905964351,-0.0559256470445716,2.311820652173913,0.4075937237992574,17.993865030674847,1.4362150764364787,0.0,-0.2727272727272727,0.0158595118484606,0.4318181818181818,0.0,0.0,0.0413223140495867,-4.583333333333333,0.0234842015371477,2.0754716981132075,0.0,17.143059884868915,0.0181698050875454,0.0109945027486256,-38.36383779763354,1655000000.0,1622000000.0,-933000000.0,3965000000.0,908500000.0,1112000000.0,2135000000.0,22.442356959863364,26.27842866988284,49.76567884217781,4.010273972602739,3.4248623131392604,1.8084752804320727,0.0597826086956521,1.1045732646877868,2003-02-25,0.87,bmo,4091770114.0,2025-04-25,2002-12-31,0.1264367816091954,24.0859375,492264.0625
2002-09-30,BG,USD,1144519,2002-11-13,2002-11-13 17:30:31,2002,Q3,3603000000.0,3107000000.0,496000000.0,0.1376630586,0,0.0,0.0,132000000.0,0.0,132000000.0,3239000000.0,0.0,0.0,38000000.0,402000000.0,0.1115736886,364000000.0,0.101026922,-177000000.0,187000000.0,0.0519011934,65000000.0,95000000.0,0.0263669165,0.96,0.95,99250814,100017645,https://www.sec.gov/Archives/edgar/data/1144519/000104746902002916/0001047469-02-002916-index.htm,https://www.sec.gov/Archives/edgar/data/1144519/000104746902002916/0001047469-02-002916.txt,36.30196927150643,0.9571709910610908,1.803511656841424,1.229209062204769,2.4886445767588365,15.959566840429137,14.518772611779283,12.292090622047697,16.140925554524923,2401869698.8,3772869698.8,6.32070973368421,0.6666305020260893,13.418266473743016,19.687456547540982,1.9687456547540985,1.9687456547540985,1.047146738495698,9.385248006965174,21.077484350837988,30.92516146557377,0.0395525202917806,0.0507937629010235,1.3131147540983608,0.2998876825159116,3.41044776119403,1.762847713342763,0.0,1.8842105263157896,0.0016653692754433,0.0421052631578947,0.0,0.0,0.0267690003743916,0.3184357541899441,0.015820149875104,1.5,0.0,16.27042509173187,0.0675607214306904,0.0182727447586074,-21.08546938466419,1618000000.0,1441000000.0,-19000000.0,2982000000.0,708000000.0,964000000.0,1905500000.0,16.211490424646126,27.605407145156097,53.96523978113936,5.551617873651772,3.260230849947534,1.667740203972088,0.0778688524590164,0.5743025946366546,2002-10-21,0.84,bmo,3517214285.0,2025-04-25,2002-09-30,0.0238095238095238,20.626875,206850.0
2002-06-30,BG,USD,1144519,2002-08-14,2002-08-14 18:14:23,2002,Q2,3103000000.0,2783000000.0,320000000.0,0.1031260071,0,0.0,0.0,123000000.0,0.0,123000000.0,2906000000.0,0.0,0.0,37000000.0,234000000.0,0.0754108927,197000000.0,0.0634869481,-97000000.0,100000000.0,0.0322268772,36000000.0,50000000.0,0.0161134386,0.5,0.5,99249886,100076636,https://www.sec.gov/Archives/edgar/data/1144519/000091205702032247/0000912057-02-032247-index.htm,https://www.sec.gov/Archives/edgar/data/1144519/000091205702032247/0000912057-02-032247.txt,31.26451953808793,0.5037789161793093,-0.5138544945028954,-0.8866508924755843,3.0730513886937865,18.901784935047683,16.685157703858724,14.468530472669762,18.33755254892686,2085240104.86,3616240104.86,10.4262005243,0.6720077682436353,-40.88706087960784,-23.6959102825,1.4521170646657382,1.4521170646657382,1.1654012584144378,15.454017542136752,-70.9066687227451,-41.09363755522728,0.0239780540780251,-0.0422013751773243,1.267409470752089,0.3207613676418752,6.542735042735043,1.3774564330737855,0.0,-1.02,0.0062342940602865,0.26,0.0,0.0,0.0387733521325343,-0.7254901960784313,0.0119239445697711,1.0,0.0,12.806293902029184,0.031238850346878,0.0091675834250091,-19.584405366470648,1018000000.0,1656000000.0,-83000000.0,2677000000.0,789000000.0,859000000.0,1762000000.0,22.246213341927167,31.53072224218469,62.996766079770026,4.045632333767927,2.8543589743589743,1.4286447638603696,0.0348189415041782,0.3727963979726889,2002-07-22,0.38,bmo,2123105263.0,2025-04-25,2002-06-30,0.3157894736842105,21.6803125,220190.625
2002-03-31,BG,USD,1144519,2002-05-14,2002-05-14 17:25:10,2002,Q1,2684000000.0,2500000000.0,184000000.0,0.0685543964,0,0.0,0.0,116000000.0,0.0,116000000.0,2616000000.0,0.0,0.0,43000000.0,111000000.0,0.0413561848,68000000.0,0.0253353204,-29000000.0,39000000.0,0.0145305514,3000000.0,13000000.0,0.0048435171,0.15,0.15,85580221,86270679,https://www.sec.gov/Archives/edgar/data/1144519/000091205702020320/0000912057-02-020320-index.htm,https://www.sec.gov/Archives/edgar/data/1144519/000091205702020320/0000912057-02-020320.txt,31.362386876752748,0.1519042583449276,0.3038085166898552,-0.1402193153953178,2.8978658515032345,24.83050376792086,21.885898144619187,18.8010732059222,20.42528027591796,1833128333.82,3347128333.82,35.25246795807693,0.6829837309314457,70.50493591615385,-152.76069448500002,1.1392966648974518,1.1392966648974518,1.2470671884575262,30.15430931369369,128.7357051469231,-278.9273611516667,0.007091702070258,-0.006546186526392,1.0863890615289,0.3188035746853912,13.63963963963964,1.457066189624329,0.0,1.181818181818182,0.009819279789588,1.3846153846153846,0.0,0.0,0.0459602407441181,1.4615384615384617,0.0141579731743666,0.8837209302325582,0.0,8.016181717767617,0.0147207389233655,0.0024851844771554,-20.025070979893822,1022000000.0,1873000000.0,-100000000.0,2942000000.0,846000000.0,759000000.0,1472000000.0,27.194485842026825,26.748,56.736,3.309494451294698,3.3647375504710637,1.5862944162436547,0.0080795525170913,0.444027832085173,2002-04-22,0.2,bmo,1878800000.0,2025-04-25,2002-03-31,0.3,20.608,244771.66666666663
2001-12-31,BG,USD,1144519,2002-03-28,2002-03-28 00:00:00,2001,Q4,3172000000.0,2894000000.0,278000000.0,0.0876418663,0,0.0,0.0,116000000.0,-14000000.0,102000000.0,2996000000.0,0.0,0.0,53000000.0,229000000.0,0.0721941992,176000000.0,0.0554854981,-59000000.0,117000000.0,0.0368852459,40000000.0,48000000.0,0.0151324086,0.56,0.56,85580221,86270679,https://www.sec.gov/Archives/edgar/data/1144519/000091205702012302/0000912057-02-012302-index.htm,https://www.sec.gov/Archives/edgar/data/1144519/000091205702012302/a2073364z20-f.htm,37.06463903616234,0.5608772615812713,2.967975509200893,2.044865016181718,2.3954133046700123,21.839158372820748,19.89945784318552,16.07848149866311,21.1848015676426,1992307544.88,3606307544.88,10.37660179625,0.6280919120050442,7.843730491653544,11.384614542171429,1.4478979250581396,1.4478979250581396,1.1369191503404792,15.748067881572052,14.19806120031496,20.60747168502857,0.0240926658754841,0.0878378443377026,1.3175872093023255,0.3330883703839794,7.048034934497816,1.3998294970161975,0.0,5.291666666666667,0.0050193053907258,0.2083333333333333,0.0,0.0,0.0304978871945618,0.3110236220472441,0.024905422446406,1.490566037735849,0.0,14.244515792068688,0.0283894754482989,0.0090960773166571,-23.653245765747677,938000000.0,1703000000.0,-290000000.0,2773000000.0,832500000.0,790000000.0,1466000000.0,24.9968474148802,24.101589495507948,42.543192812715965,3.6004540295119183,3.734193548387097,2.115497076023392,0.0348837209302325,0.9231104930191756,2002-01-22,0.46,bmo,2344521739.0,2025-04-25,2001-12-31,0.2608695652173912,19.28328125,138775.0
2001-09-30,BG,USD,1144519,2001-11-13,2001-11-13 00:00:00,2001,Q3,3151000000.0,2818000000.0,333000000.0,0.1056807363,0,0.0,0.0,126000000.0,0.0,126000000.0,2944000000.0,0.0,0.0,36000000.0,243000000.0,0.0771183751,207000000.0,0.0656934307,-100000000.0,107000000.0,0.0339574738,24000000.0,57000000.0,0.0180894954,0.76,0.76,75221060,75260335,https://www.sec.gov/Archives/edgar/data/1144519/000091205701539090/0000912057-01-539090-index.htm,https://www.sec.gov/Archives/edgar/data/1144519/000091205701539090/0000912057-01-539090.txt,41.889864354477325,0.7577665084751531,2.6854181528417707,2.07388728635305,3.3235373178734786,22.08158193995139,19.91463560869788,16.524627544466934,26.216062363386,1278758020.0,3059758020.0,5.608587807017544,0.4058260933037131,6.330485247524752,8.197166794871794,1.0287675140788417,1.0287675140788417,0.9710434846080608,12.591596790123456,15.14731693069307,19.613833461538466,0.0445745004985384,0.1219933697854735,1.586484312148029,0.3716547304937806,7.329218106995885,1.32342306147047,0.0,3.543859649122807,0.0,0.0,0.0,0.0,0.0307199396909159,0.2277227722772277,0.0145985401459854,1.2777777777777777,0.0,16.785133590770695,0.0403442445874231,0.0110830254715146,-26.920652274775176,805000000.0,1498000000.0,-351000000.0,2509000000.0,742000000.0,794000000.0,1670500000.0,22.39289114566804,25.709723207948898,49.95031937544358,4.019132653061225,3.5006211180124223,1.8017902813299231,0.0458567980691874,0.61153086648872,2001-11-13,,bmo,,2025-04-25,2001-09-30,,16.640810810810812,592794.5945945946
2001-06-30,BG,USD,1144519,2001-06-30,2001-06-29 20:00:00,2001,Q2,2689000000.0,2479000000.0,210000000.0,0.0780959464,0,0.0,0.0,112000000.0,0.0,112000000.0,2591000000.0,0.0,0.0,40000000.0,138000000.0,0.0513201934,98000000.0,0.036444775,-59000000.0,39000000.0,0.0145035329,4000000.0,23000000.0,0.0085533656,0.36,0.36,64380000,64380000,,,41.76762969866418,0.3572538055296676,-8.356632494563529,-8.900279589934762,5.327741534638086,23.423423423423426,20.425598011804908,16.247281764523144,40.090090090090094,1030080000.0,3380080000.0,11.196521739130434,0.3830717738936408,-1.914646840148699,-1.797696335078534,0.9847801147227532,0.9847801147227532,1.2570026031982149,24.49333333333333,-6.282676579925651,-5.898917975567191,0.0223283628456042,-0.5562674743709226,2.467495219885277,0.4621307072515667,17.028985507246375,1.1807569862044571,0.0,-23.39130434782609,0.0,0.0,0.0,0.0,0.03455684870188,-0.0650557620817843,0.0130159910747489,0.875,0.0,11.427995139021323,0.0197150230774978,0.0042655786350148,-36.043802423112766,511000000.0,1315000000.0,-739000000.0,2395000000.0,721000000.0,744000000.0,1473000000.0,23.42878393454816,28.426784993949173,64.5139169019766,3.841428571428571,3.16602809706258,1.3950478334271244,0.0219885277246653,0.5436470953712333,2001-10-22,0.45,bmo,2426269999.0,2025-04-25,2001-06-30,0.6888888888888889,,
2001-03-31,BG,USD,1144519,2001-03-31,2001-03-30 19:00:00,2001,Q1,2472000000.0,2316000000.0,156000000.0,0.0631067961,0,0.0,0.0,82000000.0,0.0,82000000.0,2398000000.0,0.0,0.0,38000000.0,112000000.0,0.0453074434,74000000.0,0.0299352751,-73000000.0,1000000.0,0.0004045307,0.0,6000000.0,0.0024271845,0.09,0.09,64380000,64380000,,,38.39701770736254,0.0931966449207828,4.520037278657968,3.432743087915502,5.389872631251942,24.231127679403546,21.342031686859272,16.713264989127058,32.805219012115565,1030080000.0,2818080000.0,42.92,0.4166990291262136,3.53979381443299,4.660995475113122,0.9573234200743496,0.9573234200743496,1.14,25.161428571428573,9.684123711340206,12.751493212669684,0.0058247903075489,0.2145464429947188,1.962825278810409,0.4103361181270643,15.964285714285714,1.2766052986079928,0.0,48.5,0.0106787822305063,1.8333333333333333,0.0,0.0,0.0361375558577812,0.2405498281786941,0.0283171521035598,1.8421052631578947,0.0,5.920004646097762,0.0181283684468397,0.0012094335819391,-32.60329294812053,616000000.0,1374000000.0,-744000000.0,2567000000.0,,,,27.01456310679611,27.39637305699482,45.42746113989637,3.3315363881401616,3.2851063829787237,1.981180496150556,0.0055762081784386,1.0872941907424667,2001-03-30,,bmo,,2025-04-25,2001-03-31,,,
