date,symbol,reportedCurrency,cik,fillingDate,acceptedDate,calendarYear,period,revenue,costOfRevenue,grossProfit,grossProfitRatio,researchAndDevelopmentExpenses,generalAndAdministrativeExpenses,sellingAndMarketingExpenses,sellingGeneralAndAdministrativeExpenses,otherExpenses,operatingExpenses,costAndExpenses,interestIncome,interestExpense,depreciationAndAmortization,ebitda,ebitdaratio,operatingIncome,operatingIncomeRatio,totalOtherIncomeExpensesNet,incomeBeforeTax,incomeBeforeTaxRatio,incomeTaxExpense,netIncome,netIncomeRatio,eps,epsdiluted,weightedAverageShsOut,weightedAverageShsOutDil,link,finalLink,revenuePerShare,netIncomePerShare,operatingCashFlowPerShare,freeCashFlowPerShare,cashPerShare,bookValuePerShare,tangibleBookValuePerShare,shareholdersEquityPerShare,interestDebtPerShare,marketCap,enterpriseValue,peRatio,priceToSalesRatio,pocfratio,pfcfRatio,pbRatio,ptbRatio,evToSales,enterpriseValueOverEBITDA,evToOperatingCashFlow,evToFreeCashFlow,earningsYield,freeCashFlowYield,debtToEquity,debtToAssets,netDebtToEBITDA,currentRatio,interestCoverage,incomeQuality,dividendYield,payoutRatio,salesGeneralAndAdministrativeToRevenue,researchAndDdevelopementToRevenue,intangiblesToTotalAssets,capexToOperatingCashFlow,capexToRevenue,capexToDepreciation,stockBasedCompensationToRevenue,grahamNumber,roic,returnOnTangibleAssets,grahamNetNet,workingCapital,tangibleAssetValue,netCurrentAssetValue,investedCapital,averageReceivables,averagePayables,averageInventory,daysSalesOutstanding,daysPayablesOutstanding,daysOfInventoryOnHand,receivablesTurnover,payablesTurnover,inventoryTurnover,roe,capexPerShare,report_date,epsEstimated,time,revenueEstimated,updatedFromDate,fiscalDateEnding,surprise(%),QuarterAvgPrice,QuarterAvgVolume
2025-03-31,BK,USD,1390777,2025-05-02,2025-05-02 07:02:08,2025,Q1,4687000000.0,11000000.0,4676000000.0,0.997653083,0,0.0,0.0,3185000000.0,0.0,3185000000.0,8234000000.0,0.0,0.0,0.0,1491000000.0,0.3181139322,1491000000.0,0.3181139322,31000000.0,1522000000.0,0.324727971,300000000.0,1220000000.0,0.2602944314,1.59,1.58,720951000,727398000,https://www.sec.gov/Archives/edgar/data/1390777/000139077725000084/0001390777-25-000084-index.htm,https://www.sec.gov/Archives/edgar/data/1390777/000139077725000084/bk-20250331.htm,6.50113530600554,1.692209317970292,0.5714674090194757,0.1276092272567761,7.426302203617166,60.507579571982006,33.45026222309144,59.80850293570576,45.41640139205023,60466160370.0,87855160370.0,12.390606633196722,12.900823633454236,146.76252516990291,657.2408735869565,1.402308967508523,1.402308967508523,18.74443361851931,58.92364880617036,213.2406805097087,954.947395326087,0.0201765746747381,0.0015215121885868,0.7593636216053248,0.0742992255344447,18.36955063715627,3.221419975932611,0.0,0.337152209492635,0.0068468048486406,0.3393442622950819,0.0,0.0,0.0442645754054428,0.0,0.0,0.0,0.0,47.719926489227056,0.0425745209857575,0.0028965962619662,-543.3295744093565,3692000000.0,24116000000.0,-391714000000.0,26456000000.0,3541000000.0,10036500000.0,0.0,0.0,0.0,0.0,0.0,0.0,0.0,0.0282937915999907,0.0,2025-04-11,1.5,bmo,4763910029.0,2025-05-12,2025-03-31,0.0533333333333333,84.03766666666667,4274851.433333334
2024-12-31,BK,USD,1390777,2025-02-27,2025-02-27 07:00:18,2024,Q4,4760000000.0,0.0,4760000000.0,1.0,0,1682000000.0,0.0,1682000000.0,3078000000.0,4760000000.0,4760000000.0,6467000000.0,5273000000.0,428000000.0,1771000000.0,0.3720588235,1771000000.0,0.3720588235,-299000000.0,1472000000.0,0.3092436975,315000000.0,1155000000.0,0.2426470588,1.56,1.54,726568000,733720000,https://www.sec.gov/Archives/edgar/data/1390777/000139077725000046/0001390777-25-000046-index.htm,https://www.sec.gov/Archives/edgar/data/1390777/000139077725000046/bk-20241231.htm,6.551348256460511,1.5896653857588003,2.1333171843516365,1.5648913797469748,276.1062970017948,57.48119928210435,27.0298168925689,56.86735446647802,69.80351460565288,55822219440.0,-670780560.0,12.08273148051948,11.727357025210084,36.01433512258065,49.09605931398417,1.3510387588944286,1.3510387588944286,-0.1409202857142857,-0.3787580801806888,-0.4327616516129032,-0.5899565171503958,0.0206906857446153,0.0203682334992447,1.099859625344886,0.1092235809875403,-31.898927159796724,0.6456653055714913,0.3358619381756116,1.341991341991342,0.0066998410982564,0.3238095238095238,0.3533613445378151,0.0,0.0531769150899861,0.2664516129032258,0.0867647058823529,0.9649532710280374,0.0,45.09990534289751,0.013325059110141,0.002931926008849,-231.74499840345297,-115500000000.0,19639000000.0,-163837000000.0,-90109000000.0,7251000000.0,19907000000.0,0.0,133.9033613445378,0.0,0.0,0.6721265179327873,0.0,0.0,0.0279539183890798,0.568425804604662,2025-01-15,1.53,bmo,4660020276.0,2025-04-25,2024-12-31,0.1241830065359476,77.29265625,3814103.875
2024-09-30,BK,USD,1390777,2024-11-01,2024-11-01 16:31:04,2024,Q3,4558000000.0,33000000.0,4525000000.0,0.9927599824,0,1696000000.0,0.0,1696000000.0,2862000000.0,4558000000.0,4558000000.0,6652000000.0,5604000000.0,451000000.0,1976000000.0,0.4335234752,1465000000.0,0.3214129004,60000000.0,1525000000.0,0.3345765687,336000000.0,1182000000.0,0.259324265,1.51,1.5,736547000,742080000,https://www.sec.gov/Archives/edgar/data/1390777/000139077724000133/0001390777-24-000133-index.htm,https://www.sec.gov/Archives/edgar/data/1390777/000139077724000133/bk-20240930.htm,6.18833557125343,1.6047855737651502,-0.4235982225166894,-0.9327307015030948,289.5185235972721,57.55233542462327,28.12583582581967,57.01197615359237,73.4223342162822,52928267420.0,-14806732580.0,11.19464200930626,11.61216924528302,-169.64188275641024,-77.04260177583697,1.2604369265574396,1.2604369265574396,-3.24851526546731,-7.493285718623482,47.45747621794872,21.552740291120816,0.0223321120757744,-0.0129798316379501,1.1543865498190131,0.1134021583255548,-34.27884615384615,0.6710766930207279,0.2614204139900071,-0.2639593908629442,0.0080297357294451,0.3595600676818951,0.3720930232558139,0.0,0.0507040408364739,-1.2019230769230769,0.0822729267222466,0.8314855875831486,0.0,45.37146602679238,0.0104496479834882,0.0029128582236493,-225.731691256634,-109541000000.0,20716000000.0,-161583000000.0,-84487000000.0,7425500000.0,18655000000.0,0.0,146.51162790697674,53839.0909090909,0.0,0.6142857142857143,0.0016716478395218,0.0,0.0281482187083253,0.5091324789864055,2024-10-11,1.42,bmo,4536317668.0,2025-04-25,2024-09-30,0.0704225352112676,65.77,4058783.859375
2024-06-30,BK,USD,1390777,2024-08-02,2024-08-02 07:01:21,2024,Q2,4597000000.0,33000000.0,4564000000.0,0.9928214053,0,1720000000.0,50000000.0,1770000000.0,-1300000000.0,3070000000.0,3070000000.0,1030000000.0,5362000000.0,13000000.0,1983000000.0,0.4313682837,1527000000.0,0.3321731564,-345000000.0,1527000000.0,0.3321731564,357000000.0,1168000000.0,0.254078747,1.53,1.52,746904000,751596000,https://www.sec.gov/Archives/edgar/data/1390777/000139077724000105/0001390777-24-000105-index.htm,https://www.sec.gov/Archives/edgar/data/1390777/000139077724000105/bk-20240630.htm,6.154740100468065,1.5637886528924734,2.850433255143901,2.3389886785985885,293.8650750297227,55.05526814691044,26.216220558465345,54.68306502575967,70.41199404475006,44896399440.0,-40812600560.0,9.609674537671234,9.766456262780077,21.08802228276186,25.699141064682312,1.0992434306980388,1.0992434306980388,-8.87809453121601,-20.581240827029752,-19.16984526068577,-23.36153437893532,0.0260154492246294,0.0389118063317016,1.156354822123742,0.1102093391733307,-43.22188603126576,0.6769938361088522,0.2847817978366281,1.82277397260274,0.0077289048638239,0.2970890410958904,0.3741570589514901,0.0,0.0502638032944492,0.1794269610145608,0.0830976723950402,0.8377192982456141,0.0,43.863846426584,0.0111274906082077,0.0028697859208499,-217.3716434776089,-109627000000.0,19581000000.0,-157649000000.0,-84820000000.0,6942500000.0,18480500000.0,0.0,145.48401131172506,47915.454545454544,0.0,0.6186246803929485,0.0018783083840856,0.0,0.0285973116568322,0.5114445765453124,2024-07-12,1.43,bmo,4526558580.0,2025-04-25,2024-06-30,0.055944055944056,57.86476190476191,3425056.26984127
2024-03-31,BK,USD,1390777,2024-05-03,2024-05-03 07:00:57,2024,Q1,4431000000.0,29000000.0,4402000000.0,0.993455202,0,1821000000.0,36000000.0,1821000000.0,-1335000000.0,3176000000.0,3176000000.0,6096000000.0,5056000000.0,468000000.0,1792000000.0,0.4044233807,1255000000.0,0.2832317761,-371000000.0,1324000000.0,0.2988038817,297000000.0,1025000000.0,0.2313247574,1.26,1.25,756937000,762268000,https://www.sec.gov/Archives/edgar/data/1390777/000139077724000075/0001390777-24-000075-index.htm,https://www.sec.gov/Archives/edgar/data/1390777/000139077724000075/bk-20240331.htm,5.853855737003212,1.3541417581648143,-3.540585279884588,-3.935598339095592,294.68238439923005,53.85124521591625,25.418231636186366,53.59627023120815,69.84729244309632,43115131520.0,-44208868480.0,10.515885736585366,9.730338867072897,-16.087735641791046,-14.47302165827459,1.062760519608568,1.062760519608568,-9.977176366508688,-24.6701275,16.495846447761195,14.840170688150383,0.0237735561475564,-0.0690940719644591,1.178584633587222,0.1099860142433889,-48.72991071428572,0.6733075121181901,0.2482199367088607,-2.6146341463414635,0.0091847104726169,0.3863414634146341,0.4109681787406906,0.0,0.0495068180563478,-0.1115671641791044,0.0674791243511622,0.6388888888888888,0.0,40.41016358596195,0.0092797042693961,0.0024806028954081,-219.3967265439528,-112688000000.0,19240000000.0,-161718000000.0,-88030000000.0,7519500000.0,18893500000.0,0.0,131.09004739336493,60182.06896551724,0.0,0.6865509761388287,0.0014954620462046,0.0,0.0252655968843205,0.3950130592110043,2024-04-16,1.19,bmo,4388294164.0,2025-04-25,2024-03-31,0.0840336134453782,55.05524590163935,4039404.950819672
2023-12-31,BK,USD,1390777,2023-12-31,2023-12-30 19:00:00,2023,Q4,4367000000.0,0.0,4367000000.0,1.0,0,1631000000.0,61000000.0,1631000000.0,-2364000000.0,3995000000.0,3995000000.0,5963000000.0,597000000.0,626000000.0,985000000.0,0.2255553011,372000000.0,0.0851843371,-626000000.0,359000000.0,0.0822074651,59000000.0,162000000.0,0.0370964049,0.21,0.21,767146000,772102000,,,5.692527889084998,0.2111723192195488,-2.695705902135969,-3.046356234667195,311.4491895936367,53.32101060293608,25.236395679570773,53.14503367025312,61.05747797681275,39929949300.0,-39018050700.0,61.620292129629625,9.143565216395697,-19.308486121856863,-17.085986007702182,0.9793953715967624,0.9793953715967624,-8.934749416075109,-39.61223421319797,18.86752935203095,16.69578549422336,0.0040571050762641,-0.0585274973038846,1.134240863379936,0.1128216513734608,-80.1502538071066,0.7836290479264464,0.6231155778894473,-6.847682119205298,0.0091159644923466,2.246913580246914,0.37348294023357,0.0,0.0525645498527607,-0.1300773694390715,0.0615983512708953,0.4297124600638977,0.0945729333638653,15.890629324883207,0.0029530113968775,0.0004171688143135,-161.1248054477244,-69047000000.0,19360000000.0,-118905000000.0,-44339000000.0,7943500000.0,17918000000.0,0.0,176.92924204259216,0.0,0.0,0.508677926616191,0.0,0.0,0.0039735099337748,0.3506503325312261,2024-01-12,1.12,bmo,4319960000.0,2025-04-25,2023-12-31,0.1428571428571427,46.05666666666667,4565512.238095238
2023-09-30,BK,USD,1390777,2023-11-03,2023-11-03 07:03:04,2023,Q3,4285000000.0,29000000.0,4256000000.0,0.9932322054,0,1714000000.0,36000000.0,1714000000.0,-1375000000.0,3089000000.0,3089000000.0,1016000000.0,4503000000.0,392000000.0,1604000000.0,0.3743290548,1196000000.0,0.2791131855,-338000000.0,1282000000.0,0.2991831972,241000000.0,1038000000.0,0.2422403734,1.23,1.22,777813000,781781000,https://www.sec.gov/Archives/edgar/data/1390777/000139077723000103/0001390777-23-000103-index.htm,https://www.sec.gov/Archives/edgar/data/1390777/000139077723000103/bk-20230930.htm,5.509036233644848,1.3345109942878302,6.4797065618599845,6.047726124402652,255.5125717878205,52.88031956267123,25.36342282785193,52.66818631213416,63.26327793441354,33173724450.0,-44360275550.0,7.989818027456647,7.741826009334889,6.582088184523809,7.052237340561224,0.8097867609725137,0.8097867609725137,-10.352456371061844,-27.65603213840399,-8.80164197420635,-9.43033068664966,0.0312898240161273,0.1417989712638371,1.0912463994532051,0.110312697409981,-48.33790523690773,0.6653421113008897,0.2656007106373528,4.855491329479769,0.012509900738625,0.3998073217726396,0.4,0.0,0.052814572804801,0.0666666666666666,0.0784130688448074,0.8571428571428571,0.0,39.76733782718821,0.0091444396738045,0.0027042165457411,-205.57576178335924,-105021000000.0,19728000000.0,-155322000000.0,-80384000000.0,6991000000.0,19262500000.0,0.0,153.36756126021004,54127.24137931034,0.0,0.5868255272528075,0.0016627486956023,0.0,0.0253380852414197,0.4319804374573323,2023-10-17,1.15,bmo,4350560000.0,2025-04-25,2023-09-30,0.0608695652173913,44.55095238095238,4401220.698412699
2023-06-30,BK,USD,1390777,2023-08-04,2023-08-04 07:08:11,2023,Q2,4361000000.0,30000000.0,4331000000.0,0.9931208438,0,1718000000.0,47000000.0,1718000000.0,-1393000000.0,3111000000.0,3111000000.0,1100000000.0,4124000000.0,379000000.0,1787000000.0,0.4097684017,1250000000.0,0.2866315065,41000000.0,1338000000.0,0.3068103646,270000000.0,1067000000.0,0.244668654,1.31,1.3,787718000,790725000,https://www.sec.gov/Archives/edgar/data/1390777/000139077723000081/0001390777-23-000081-index.htm,https://www.sec.gov/Archives/edgar/data/1390777/000139077723000081/bk-20230630.htm,5.536245204502118,1.3545456622801562,1.4573743395479093,1.0079749351925436,280.1941811663565,52.17857151924928,24.90485173628126,51.964027735814085,75.20838675769755,35069205360.0,-42863794640.0,8.216777263355201,8.041551332263243,30.54808829268293,44.167764937027705,0.8567465213886107,0.8567465213886107,-9.828891226782847,-23.98645475097929,-37.33780020905923,-53.98462801007557,0.0304255539595722,0.0226409464328963,1.3465663401167762,0.1280699471632178,-43.61108002238388,0.6808798866570637,0.3031037827352085,1.0759137769447047,0.0094955102797915,0.3120899718837863,0.3939463425819766,0.0,0.0499184445446138,0.3083623693379791,0.0811740426507681,0.934036939313984,0.0,39.79600593267414,0.0087847809217773,0.0026094527241512,-207.63268073092144,-107891000000.0,19618000000.0,-159082000000.0,-83166000000.0,7389000000.0,21841000000.0,0.0,137.858289383169,63252.00000000001,0.0,0.6528443113772455,0.0014228799089356,0.0,0.0260669875161849,0.4493994043553657,2023-07-18,1.22,bmo,4374820000.0,2025-04-25,2023-06-30,0.0655737704918033,42.91129032258065,5036494.741935484
2023-03-31,BK,USD,1390777,2023-05-05,2023-05-05 07:03:15,2023,Q1,4331000000.0,28000000.0,4303000000.0,0.9935349804,0,1791000000.0,39000000.0,1791000000.0,-1309000000.0,3100000000.0,3100000000.0,1128000000.0,2814000000.0,351000000.0,1587000000.0,0.3664280767,1231000000.0,0.28422997,34000000.0,1236000000.0,0.2853844378,260000000.0,982000000.0,0.226737474,1.13,1.12,803340000,807718000,https://www.sec.gov/Archives/edgar/data/1390777/000139077723000046/0001390777-23-000046-index.htm,https://www.sec.gov/Archives/edgar/data/1390777/000139077723000046/bk-20230331.htm,5.391241566460029,1.2223964946348993,2.230686882266537,1.905793312918565,265.25879453282545,50.7904498717853,24.205193317897777,50.58132297657281,77.65205268006075,36503769600.0,-37190230400.0,9.293220366598778,8.428485245901639,20.370407142857143,23.84308922273024,0.898355308362455,0.898355308362455,-8.586984622489032,-23.434297668557026,-20.753476785714287,-24.291463357282822,0.0269013313079863,0.0419408739638768,1.4659398533248018,0.1401207211276087,-46.43604284814115,0.6713298039862625,0.437455579246624,1.836065573770492,0.0102729116501984,0.3818737270875764,0.4135303625028861,0.0,0.0502385253768418,0.1456473214285714,0.0602632186561994,0.7435897435897436,0.0,37.298588683253975,0.0082198244495909,0.002432168022687,-205.57111559240167,-109577000000.0,19445000000.0,-160492000000.0,-84972000000.0,7508500000.0,23016500000.0,0.0,168.2798429923805,72636.42857142857,0.0,0.5348234131884416,0.0012390477033365,0.0,0.0241669537825466,0.3248935693479722,2023-04-18,1.12,bmo,4400830000.0,2025-04-25,2023-03-31,0.0,48.490161290322575,6050227.548387097
2022-12-31,BK,USD,1390777,2023-02-27,2023-02-27 07:26:41,2022,Q4,3832000000.0,0.0,3832000000.0,1.0,0,1802000000.0,45000000.0,1802000000.0,-2443000000.0,-641000000.0,-641000000.0,1056000000.0,2141000000.0,381000000.0,0.0,0.0,3191000000.0,0.8327244259,-591000000.0,685000000.0,0.1787578288,142000000.0,543000000.0,0.1417014614,0.63,0.62,811586000,815846000,https://www.sec.gov/Archives/edgar/data/1390777/000139077723000033/0001390777-23-000033-index.htm,https://www.sec.gov/Archives/edgar/data/1390777/000139077723000033/bk-20221231.htm,4.721619150650701,0.6690603337169444,3.6028221285236564,3.1629426825992564,277.921255418403,50.3335444426099,24.07508261601358,50.19061442656724,55.854832389913085,36943394720.0,-27221605280.0,17.008929429097606,9.640760626304802,12.634539917920655,14.39166136345929,0.90694247360927,0.90694247360927,-7.103759206680585,0.0,-9.309714528043775,-10.60444303856642,0.0146981619885093,0.0694846810764335,1.0602936122158393,0.1064361986579033,0.0,0.7402548288587537,1.4904250350303596,5.384898710865562,0.0091762005784616,0.6243093922651933,0.4702505219206681,0.0,0.0525182178652136,0.1220930232558139,0.0931628392484342,0.937007874015748,0.095250521920668,27.48749457204485,0.0250925831459827,0.0014123265153249,-165.33891663976462,-82420000000.0,19539000000.0,-130042000000.0,-57853000000.0,6879000000.0,23588000000.0,0.0,162.5026096033403,0.0,0.0,0.5538372597196126,0.0,0.0,0.0133303873913683,0.4398794459243998,2023-01-13,1.22,bmo,4202805838.0,2025-04-25,2022-12-31,0.0655737704918033,42.88698412698413,4978640.492063492
2022-09-30,BK,USD,1390777,2022-11-07,2022-11-07 06:48:38,2022,Q3,4154000000.0,0.0,4154000000.0,1.0,0,1673000000.0,34000000.0,1673000000.0,0.0,3679000000.0,3679000000.0,1984000000.0,1058000000.0,396000000.0,1026000000.0,0.2469908522,1327000000.0,0.3194511314,-1064000000.0,630000000.0,0.1516610496,242000000.0,319000000.0,0.0767934521,0.39,0.39,811304000,814516000,https://www.sec.gov/Archives/edgar/data/1390777/000139077722000101/0001390777-22-000101-index.htm,https://www.sec.gov/Archives/edgar/data/1390777/000139077722000101/bk-20220930.htm,5.120152248725509,0.3931941664283672,4.591373886977014,4.445929022906333,240.11960991194425,49.175155059016106,22.669677457525168,48.97917426759883,50.01084673562561,31251430080.000004,-50363569920.0,24.491716363636364,7.523213789118922,8.389645659060404,8.664105927363462,0.7864567048342855,0.7864567048342855,-12.124114087626385,-49.08730011695906,-13.520421455033556,-13.962730779040754,0.0102075328771642,0.1154187181439858,0.9944384326949696,0.0923372426411311,-79.546783625731,0.6002695069607953,1.2542533081285443,9.600515463917526,0.0119034552674141,1.1661442006269591,0.4027443428021184,0.0,0.0502485085979067,0.0316778523489932,0.0284063553201733,0.2979797979797979,0.0,20.8161554079088,0.008282796108883,0.0007848463152818,-231.8708523562068,-136157000000.0,18392000000.0,-183592000000.0,-111342000000.0,6432000000.0,24755000000.0,0.0,148.17284545016852,0.0,0.0,0.6073987425062144,0.0,0.0,0.0080277826710622,0.1454448640706812,2022-10-17,1.1,bmo,4194455347.0,2025-04-25,2022-09-30,0.0999999999999998,42.63390625,3431672.921875
2022-06-30,BK,USD,1390777,2022-08-05,2022-08-05 07:05:19,2022,Q2,4164000000.0,26000000.0,4138000000.0,0.9937560038,0,1623000000.0,43000000.0,1623000000.0,-959000000.0,3112000000.0,3112000000.0,1159000000.0,335000000.0,422000000.0,1517000000.0,0.3643131604,1112000000.0,0.2670509126,-537000000.0,1095000000.0,0.2629682997,231000000.0,835000000.0,0.2005283381,1.03,1.03,810679612,813590000,https://www.sec.gov/Archives/edgar/data/1390777/000139077722000075/0001390777-22-000075-index.htm,https://www.sec.gov/Archives/edgar/data/1390777/000139077722000075/bk-20220630.htm,5.136431135510041,1.029999999555928,6.155329338663571,5.415209578503622,264.8493891073703,50.75371255296846,23.18178442114318,50.55511375065888,49.21673051770296,33813446616.52,-69377553383.48,10.123786412131738,8.120424259490875,6.776241806917835,7.702379639298406,0.8250401770573882,0.8250401770573882,-16.661276028693564,-45.73339049669084,-13.903317311318636,-15.80354291195444,0.0246943178987276,0.1298300066771427,0.9653523326176068,0.0874108801845252,-68.02307185234015,0.6102629358484589,3.319402985074627,5.74223245109321,0.0092566724578463,0.3748502994011976,0.3897694524495677,0.0,0.0493834797766785,0.1202404809619238,0.1440922190201729,1.4218009478672986,0.0,34.22885859426797,0.0089674757637682,0.0019406464328129,-237.14578133488325,-142726000000.0,18793000000.0,-187991000000.0,-117020000000.0,5960500000.0,26188500000.0,0.0,130.22334293948128,89200.38461538462,0.0,0.6911203319502075,0.0010089642593814,0.0,0.0203738044114776,0.7401197601599484,2022-07-15,1.12,bmo,4171802141.0,2025-04-25,2022-06-30,0.0267857142857141,44.54612903225807,5058879.548387097
2022-03-31,BK,USD,1390777,2022-05-06,2022-05-06 16:11:07,2022,Q1,3847000000.0,23000000.0,3824000000.0,0.9940213153,0,1702000000.0,30000000.0,1702000000.0,-4100000000.0,-2398000000.0,-2375000000.0,778000000.0,80000000.0,437000000.0,1355000000.0,0.352222511,1426000000.0,0.3706784507,-383000000.0,918000000.0,0.2386275019,153000000.0,699000000.0,0.181700026,0.86,0.86,812790698,813986000,https://www.sec.gov/Archives/edgar/data/1390777/000139077722000049/0001390777-22-000049-index.htm,https://www.sec.gov/Archives/edgar/data/1390777/000139077722000049/bk-20220331.htm,4.733075820707781,0.8599999996555079,4.218798281571869,3.885379111462223,294.9799998818392,51.860829736021415,24.12306150678905,51.426523584550175,47.76014304238507,40338802341.740005,-81024197658.26,14.427325587174536,10.48578173687029,11.764013514651502,12.77352829060798,0.965066205931721,0.965066205931721,-21.061657826425783,-59.79645583635424,-23.62910401232429,-25.65680736487017,0.017328228886873,0.0782869053286766,0.926792506997775,0.0817604487865414,-89.56678966789669,0.6402229911969016,17.825,4.435963777490297,0.0087260895109861,0.5035765379113019,0.4424226670132571,0.0,0.0475822638140524,0.079031787693205,0.0704445022095139,0.620137299771167,0.0,31.545256869495216,0.0119823071907287,0.0015489755487894,-230.66208860574332,-139528000000.0,19607000000.0,-183369000000.0,-113624000000.0,5899500000.0,25879000000.0,0.0,137.936054068105,104118.26086956522,0.0,0.6524762550881954,0.0008644016837041,0.0,0.0167228881073709,0.3334191701096461,2022-04-18,0.85,bmo,3940148875.0,2025-04-25,2022-03-31,0.1058823529411764,56.858225806451614,5897022.306451613
2021-12-31,BK,USD,1390777,2022-02-25,2022-02-25 07:05:13,2021,Q4,3940000000.0,0.0,3940000000.0,1.0,0,1633000000.0,44000000.0,1633000000.0,-4462000000.0,-2829000000.0,-2829000000.0,729000000.0,52000000.0,461000000.0,1522000000.0,0.3862944162,1111000000.0,0.2819796954,-388000000.0,1065000000.0,0.2703045685,196000000.0,822000000.0,0.2086294416,1.01,1.01,813861386,817345000,https://www.sec.gov/Archives/edgar/data/1390777/000139077722000043/0001390777-22-000043-index.htm,https://www.sec.gov/Archives/edgar/data/1390777/000139077722000043/bk-20211231.htm,4.841119222235713,1.0100000001720195,3.8446350371511535,3.38509732417751,327.7523723185953,53.31497567818017,25.547347936224607,52.87632604306896,47.05715329268613,47269069298.88,-35820930701.119995,14.376237621313868,11.997225710375634,15.1067655157814,17.15755691429401,1.0984121694213875,1.0984121694213875,-9.09160677693401,-23.535434100604466,-11.448044327619046,-13.00215270458076,0.0173898071654962,0.0582833561325328,0.8887391364967235,0.086054747793843,-54.59264126149803,0.7663226985524365,21.365384615384617,3.625724217844727,0.0065793552657777,0.3783454987834549,0.4144670050761421,0.0,0.0508484873030659,0.1195270054330457,0.0949238578680203,0.8112798264642083,0.082233502538071,34.664311756234206,0.0093403217966995,0.001948610725893,-159.57846413910096,-83878000000.0,20792000000.0,-125977000000.0,-57848000000.0,5968000000.0,25576000000.0,0.0,134.84010152284264,0.0,0.0,0.6674572251397595,0.0,0.0,0.0191011758144722,0.4595377129736439,2022-01-18,1.01,bmo,4038980000.0,2025-04-25,2021-12-31,0.0297029702970297,57.50453125,4172873.234375
2021-09-30,BK,USD,1390777,2021-11-05,2021-11-05 06:49:08,2021,Q3,3959000000.0,29000000.0,3930000000.0,0.9926749179,0,1584000000.0,22000000.0,1584000000.0,-3847000000.0,-2263000000.0,29000000.0,693000000.0,52000000.0,468000000.0,1630000000.0,0.4117201313,1667000000.0,0.4210659257,-457000000.0,1162000000.0,0.2935084617,219000000.0,881000000.0,0.2225309422,1.04,1.04,847115385,849028000,https://www.sec.gov/Archives/edgar/data/1390777/000139077721000095/0001390777-21-000095-index.htm,https://www.sec.gov/Archives/edgar/data/1390777/000139077721000095/bk-20210930.htm,4.673507375857659,1.0399999995278093,0.0637457434443833,-0.3801135072053968,288.9204993012847,52.00236092985137,25.60690123695487,51.46996592441772,45.61598181810852,43914461558.4,-71263538441.6,12.461538467196368,11.092311583329124,813.2307696,-136.38031539875777,1.007189320391734,1.007189320391734,-18.000388593483205,-43.71996223411043,-1319.695156325926,221.3153367751553,0.0200617283859531,-0.0073324364815855,0.8850714433155202,0.0820133763200455,-70.66134969325154,0.658078833240977,32.05769230769231,0.0570221752903907,0.0082432981563167,0.4108967082860386,0.4001010356150543,0.0,0.0475205777278108,6.962962962962963,0.0949734781510482,0.8034188034188035,0.0,34.704426260702576,0.0136742770795538,0.0019657587583366,-209.1890350923092,-131428000000.0,21692000000.0,-173528000000.0,-105646000000.0,6438500000.0,24853000000.0,0.0,137.1482697650922,80695.8620689655,0.0,0.6562241007790486,0.0011152988231674,0.0,0.0202059585789316,0.4438592506497801,2021-10-19,1.01,bmo,3896660000.0,2025-04-25,2021-09-30,0.0297029702970297,51.97734375,4755491.515625
2021-06-30,BK,USD,1390777,2021-08-05,2021-08-05 06:33:55,2021,Q2,3887000000.0,32000000.0,3855000000.0,0.9917674299,0,1518000000.0,22000000.0,1518000000.0,-3618000000.0,-2100000000.0,32000000.0,685000000.0,40000000.0,472000000.0,1740000000.0,0.4476459995,1755000000.0,0.4515050167,-388000000.0,1268000000.0,0.3262155904,241000000.0,990000000.0,0.2546951376,1.14,1.13,869298246,873475000,https://www.sec.gov/Archives/edgar/data/1390777/000139077721000070/0001390777-21-000070-index.htm,https://www.sec.gov/Archives/edgar/data/1390777/000139077721000070/bk-20210630.htm,4.471422803261931,1.1388496463157478,3.2543491408356067,2.972512612201912,282.40365275049686,52.67927343776097,26.91711401428504,52.08914225739736,44.916690191964335,44534149142.58,-69238850857.42001,11.245997258227272,11.457203278255722,15.7420110083351,17.234577841555726,0.9835063082215498,0.9835063082215498,-17.812927928330335,-39.79244302150576,-24.474673332421357,-26.795220920054184,0.0222301316868192,0.0580228891704452,0.8614209050153486,0.0835312433747427,-65.3867816091954,0.6716271411835482,43.875,2.768101761252446,0.0068262222553465,0.307070707070707,0.3905325443786982,0.0,0.0479588318560571,0.0866030399434429,0.0630306148700797,0.5190677966101694,0.0,36.53407009664229,0.0140885817098108,0.0022268809271022,-196.18468205214808,-124452000000.0,23399000000.0,-166625000000.0,-98615000000.0,6742000000.0,23765500000.0,0.0,158.4666838178544,66667.5,0.0,0.5679427235534775,0.0013499831252109,0.0,0.0218634747465824,0.2818365286336952,2021-07-15,1.0,bmo,3858280000.0,2025-04-25,2021-06-30,0.1299999999999999,50.032222222222224,4664840.333333333
2021-03-31,BK,USD,1390777,2021-05-06,2021-05-06 06:23:50,2021,Q1,3847000000.0,29000000.0,3818000000.0,0.9924616584,0,1602000000.0,19000000.0,1602000000.0,-3747000000.0,-2145000000.0,29000000.0,738000000.0,83000000.0,466000000.0,1619000000.0,0.4208474136,1673000000.0,0.4348843254,-402000000.0,1153000000.0,0.2997140629,221000000.0,857000000.0,0.2227709904,0.97,0.97,883505154,884536082,https://www.sec.gov/Archives/edgar/data/1390777/000139077721000046/0001390777-21-000046-index.htm,https://www.sec.gov/Archives/edgar/data/1390777/000139077721000046/bk-20210331.htm,4.354247377712524,0.9700000007017504,-3.592508754057591,-3.8415169222657415,287.19243894756045,51.3896266416121,26.08473747511381,50.881423607405466,46.804480780652014,41780958732.66,-72228041267.34,12.188144321079346,10.860659925308031,-13.16350306637051,-12.310241229422507,0.9294158191186546,0.9294158191186546,-18.77516019426566,-44.612749393045085,22.756156668979205,21.281096425262227,0.0205117361112656,-0.081233176618011,0.918027316812742,0.0887535915214287,-70.41939468807907,0.6940275424120893,20.156626506024097,-3.423948220064725,0.0082812843576404,0.4037339556592765,0.4164283857551338,0.0,0.0480812243001909,-0.0693131695022054,0.057187418767871,0.4721030042918455,0.0,33.32397141750981,0.0132189944968982,0.0019361674728383,-182.07590444910977,-115735000000.0,23046000000.0,-157063000000.0,-89857000000.0,6178000000.0,24456000000.0,0.0,155.3418247985443,73945.8620689655,0.0,0.579367469879518,0.0012171066437235,0.0,0.0190639320193976,0.2490081682081506,2021-04-16,0.87,bmo,3404816091.0,2025-04-25,2021-03-31,0.1149425287356321,43.98573770491804,6103902.983606557
2020-12-31,BK,USD,1390777,2021-02-25,2021-02-25 06:48:25,2020,Q4,3768000000.0,0.0,3768000000.0,1.0,0,1554000000.0,26000000.0,1554000000.0,-3899000000.0,-2345000000.0,-2345000000.0,680000000.0,96000000.0,455000000.0,1358000000.0,0.360403397,1423000000.0,0.3776539278,-432000000.0,903000000.0,0.2396496815,148000000.0,701000000.0,0.1860403397,0.79,0.79,889928000,891846000,https://www.sec.gov/Archives/edgar/data/1390777/000139077721000037/0001390777-21-000037-index.htm,https://www.sec.gov/Archives/edgar/data/1390777/000139077721000037/bk-20201231.htm,4.234050395088142,0.7877041738208035,-0.9719887451569116,-1.2708893303727942,351.7228360047105,51.82441725622747,26.6628311503852,51.46596129125053,42.40230670346365,37768544320.0,-86752455680.0,13.46952365192582,10.023499023354566,-43.66305701734104,-33.3939383908046,0.8246227008143926,0.8246227008143926,-23.023475498938428,-63.88251522827688,100.29185627745665,76.70420484526967,0.0185604187987936,-0.0299455544385672,0.821794283967599,0.0801455604695581,-91.69440353460972,0.8435024772002904,14.822916666666666,-1.153333333333333,0.0082608426037426,0.4450784593437946,0.4124203821656051,0.0,0.0476797840015501,-0.307514450867052,0.0705944798301486,0.5846153846153846,0.0613057324840764,30.201803450678305,0.011818545534509,0.0015673876053402,-119.3557231596264,-59511000000.0,23728000000.0,-102756000000.0,-33517000000.0,5580500000.0,24299500000.0,0.0,136.52866242038218,0.0,0.0,0.6592022393282015,0.0,0.0,0.0153053426781074,0.2989005852158826,2021-01-20,0.91,bmo,3576087912.0,2025-04-25,2020-12-31,0.0549450549450548,38.39984375,5262957.1875
2020-09-30,BK,USD,1390777,2020-11-05,2020-11-05 06:43:11,2020,Q3,3762000000.0,30000000.0,3732000000.0,0.9920255183,0,1466000000.0,17000000.0,1466000000.0,-3526000000.0,-2060000000.0,30000000.0,820000000.0,117000000.0,431000000.0,1588000000.0,0.4221158958,1672000000.0,0.4444444444,-367000000.0,1157000000.0,0.307549176,213000000.0,875000000.0,0.2325890484,0.98,0.98,892857142,893877551,https://www.sec.gov/Archives/edgar/data/1390777/000139077720000090/0001390777-20-000090-index.htm,https://www.sec.gov/Archives/edgar/data/1390777/000139077720000090/bk-20200930.htm,4.213440004044903,0.9800000009408,0.8713600008365056,0.498400000478464,259.90608024950984,50.788640048757095,25.907840024871525,50.30704004829476,48.42432004648735,30660714256.280003,-55536285743.72,8.760204073222859,8.150110115970229,39.40965842709512,68.90048147478652,0.6826082386686556,0.6826082386686556,-14.762436401839448,-34.97247213080605,-71.3834006988689,-124.8006421207191,0.0285381479598369,0.014513686676717,0.9599706124629872,0.1006517304002353,-54.28022670025189,0.7050033540065668,14.290598290598291,0.8303094983991463,0.0110564938952968,0.3874285714285714,0.3896863370547581,0.0,0.0518559843883491,0.4280205655526992,0.0885167464114832,0.7726218097447796,0.0,33.30570873183453,0.0129819015923615,0.0021542014313745,-164.53724015795575,-100267000000.0,23132000000.0,-143426000000.0,-74435000000.0,5304000000.0,24263000000.0,0.0,130.26315789473685,70542.0,0.0,0.6909090909090909,0.0012758356723653,0.0,0.0194803749137297,0.3729600003580416,2020-10-16,0.94,bmo,3437234042.0,2025-04-25,2020-09-30,0.0425531914893617,36.40515625,4921619.21875
2020-06-30,BK,USD,1390777,2020-08-06,2020-08-06 06:36:14,2020,Q2,3925000000.0,29000000.0,3896000000.0,0.992611465,0,1464000000.0,20000000.0,1464000000.0,-3667000000.0,-2203000000.0,29000000.0,943000000.0,163000000.0,390000000.0,1571000000.0,0.4002547771,1693000000.0,0.4313375796,-383000000.0,1181000000.0,0.3008917197,216000000.0,900000000.0,0.2292993631,1.01,1.01,891089108,892079208,https://www.sec.gov/Archives/edgar/data/1390777/000139077720000072/0001390777-20-000072-index.htm,https://www.sec.gov/Archives/edgar/data/1390777/000139077720000072/form10-q2q20.htm,4.404722226724827,1.0100000010324444,7.642333341145497,7.239455562955888,283.79990029010656,49.33962227265828,24.56544446955579,49.03774449457192,49.97704449553209,34440594024.2,-56737405975.8,9.56683167338889,8.774673636738854,5.0573559506901615,5.338799259680669,0.7881683873995926,0.7881683873995926,-14.455390057528664,-36.11547165868873,-8.331483990572687,-8.795133463928074,0.0261319534549144,0.1873080352640592,1.0154243998443828,0.1003151592978775,-58.038192234245706,0.746801284940418,10.386503067484664,7.168421052631579,0.0094946097552855,0.3633333333333333,0.3729936305732484,0.0,0.0499100190813807,0.0527165932452276,0.0914649681528662,0.9205128205128204,0.0,33.382371766821684,0.0126739104379426,0.00214163335237,-158.89179738464497,-88200000000.0,21890000000.0,-138207000000.0,-62526000000.0,5738000000.0,24514000000.0,0.0,118.3872611464968,77623.44827586206,0.0,0.7602169281425528,0.0011594434671357,0.0,0.0205963796141611,0.4028777781896084,2020-07-15,0.91,bmo,3612970297.0,2025-04-25,2020-06-30,0.1098901098901098,36.59222222222222,5934163.619047619
2020-03-31,BK,USD,1390777,2020-05-07,2020-05-07 06:38:12,2020,Q1,4017000000.0,30000000.0,3987000000.0,0.9925317401,0,1482000000.0,42000000.0,1482000000.0,-3140000000.0,-1658000000.0,30000000.0,814000000.0,756000000.0,354000000.0,1581000000.0,0.3935772965,2329000000.0,0.5797859099,-397000000.0,1227000000.0,0.3054518297,265000000.0,941000000.0,0.2342544187,1.05,1.05,894122000,896689000,https://www.sec.gov/Archives/edgar/data/1390777/000139077720000062/0001390777-20-000062-index.htm,https://www.sec.gov/Archives/edgar/data/1390777/000139077720000062/form10-q1q20.htm,4.492675496185084,1.052429086858393,-1.8845302989972288,-2.17979201943359,301.21616513182767,46.278919431576455,21.687197049172266,46.017210179371496,49.25837861052519,30114028960.0,-100896971040.0,8.000539043570669,7.496646492407269,-17.871827275964392,-15.451015371985632,0.7319000840928424,0.7319000840928424,-25.11749341299477,-63.8184510056926,59.87950803560831,51.76858442278091,0.0312478945029214,-0.0647206656601422,1.0520597885526797,0.0924629663252555,-82.86590765338393,0.7378723856599962,3.0806878306878307,-1.719387755102041,0.0105598623293613,0.3379383634431456,0.3689320388349514,0.0,0.0469673505569736,-0.1566765578635015,0.0657206870799103,0.7457627118644068,0.0,33.01017473445196,0.0172078777542671,0.0021090757496632,-170.8013559670828,-98636000000.0,19391000000.0,-149122000000.0,-73134000000.0,6118500000.0,21387000000.0,0.0,141.44137415982075,72048.0,0.0,0.6363060351655314,0.001249167221852,0.0,0.0228703366144124,0.295261720436361,2020-04-16,0.9,bmo,3521142857.0,2025-04-25,2020-03-31,0.1666666666666666,41.99725806451613,6931055.483870967
2019-12-31,BK,USD,1390777,2020-02-27,2020-02-27 06:53:38,2019,Q4,4686000000.0,0.0,4686000000.0,1.0,0,1639000000.0,65000000.0,1639000000.0,-3290000000.0,-1651000000.0,-1651000000.0,815000000.0,906000000.0,344000000.0,2166000000.0,0.4622279129,3035000000.0,0.6476739223,-416000000.0,1822000000.0,0.388817755,373000000.0,1385000000.0,0.2955612463,1.52,1.52,911324000,914739000,https://www.sec.gov/Archives/edgar/data/1390777/000139077720000044/0001390777-20-000044-index.htm,https://www.sec.gov/Archives/edgar/data/1390777/000139077720000044/form10-k4q19.htm,5.141969266693295,1.5197668447226234,-2.7114396197181243,-2.8189754686587865,267.48445119408683,45.78832555710154,21.55654849427865,45.51948593474988,48.6830150418512,45866936920.0,-25356063080.0,8.27923049097473,9.788078728126331,-18.56209507082153,-17.8540042506812,1.10568032495239,1.10568032495239,-5.411024985061887,-11.706400313942751,10.261458146499391,9.870012876605683,0.0301960430105826,-0.0560098444001348,1.0476580768025456,0.1139163529991507,-32.88227146814405,0.8523341947764708,3.349889624724062,-1.7159722222222222,0.0073037360350506,0.2418772563176895,0.3497652582159624,0.0,0.0578834519852794,-0.0396600566572237,0.0209133589415279,0.2848837209302325,0.0653008962868117,39.45285317984163,0.0237503275062699,0.0038533769214717,-100.48237509381954,-43597000000.0,19645000000.0,-88136000000.0,-17889000000.0,5738000000.0,18561000000.0,0.0,113.77720870678618,0.0,0.0,0.7910195813639432,0.0,0.0,0.0333871706482173,0.1075358489406621,2020-01-16,0.99,bmo,4778000000.0,2025-04-25,2019-12-31,0.0202020202020202,47.72265625,4781276.765625
2019-09-30,BK,USD,1390777,2019-11-07,2019-11-07 06:53:39,2019,Q3,3764000000.0,33000000.0,3731000000.0,0.9912327311,0,1479000000.0,47000000.0,1479000000.0,-2408000000.0,-929000000.0,33000000.0,730000000.0,1212000000.0,336000000.0,1623000000.0,0.4311902232,2802000000.0,0.7444208289,-301000000.0,1287000000.0,0.3419234857,246000000.0,999000000.0,0.2654091392,1.07,1.07,933264000,935677000,https://www.sec.gov/Archives/edgar/data/1390777/000139077719000104/0001390777-19-000104-index.htm,https://www.sec.gov/Archives/edgar/data/1390777/000139077719000104/form10-q3q19.htm,4.033156748787053,1.0704366610091036,5.4443330075948495,5.021087280769429,219.7106070736683,44.435443775823344,20.77868641670524,44.06041591661095,48.47288655728711,42192865440.0,-9727134560.0,10.558775135135134,11.209581679064824,8.304047518205078,9.004025915492958,1.026091085603113,1.026091085603113,-2.5842546652497345,-5.993305335797905,-1.9144134146821488,-2.075786291079812,0.0236769887416302,0.1110614306739533,1.070671206225681,0.1179790335720104,-31.99014171287739,0.7442736730784719,2.311881188118812,4.894990366088632,0.0078212275122502,0.3303303303303303,0.392933049946865,0.0,0.0591637010676156,0.0777406022436528,0.1049415515409139,1.175595238095238,0.0,32.57587145680237,0.0220179684307532,0.0028454242501922,-131.24474960997102,-73027000000.0,19392000000.0,-119158000000.0,-47800000000.0,6248000000.0,18655000000.0,0.0,132.75239107332624,50083.63636363636,0.0,0.6779538904899135,0.0017969941189283,0.0,0.024294747081712,0.4232457268254213,2019-10-16,0.99,bmo,3572327102.0,2025-04-25,2019-09-30,0.0808080808080808,44.52421875,4619996.53125
2019-06-30,BK,USD,1390777,2019-08-07,2019-08-07 06:40:18,2019,Q2,3830000000.0,33000000.0,3797000000.0,0.991383812,0,1421000000.0,56000000.0,1421000000.0,-2471000000.0,-1050000000.0,33000000.0,802000000.0,1163000000.0,333000000.0,1618000000.0,0.4224543081,2747000000.0,0.717232376,-391000000.0,1285000000.0,0.3355091384,264000000.0,965000000.0,0.2519582245,1.01,1.01,951281000,953928000,https://www.sec.gov/Archives/edgar/data/1390777/000139077719000080/0001390777-19-000080-index.htm,https://www.sec.gov/Archives/edgar/data/1390777/000139077719000080/form10-q2q19.htm,4.026150001944746,1.01442160623412,-1.645150066068806,-2.121350053243994,226.5524067021206,43.977541861973485,20.63323034939203,43.66007520385669,54.59795791148988,42303466070.0,2331466070.0,10.959447168393783,11.045291402088774,-27.03096873482428,-20.963065445986125,1.0185506963137747,1.0185506963137747,0.6087378772845953,1.440955543881335,-1.489754677316294,-1.1553350198216057,0.0228113696027461,-0.0477029470034628,1.2225218500951052,0.1332089787180455,-24.70457354758961,0.7635250293412257,2.3619948409286327,-1.5388397246804326,0.0075171145426665,0.3295336787564767,0.371018276762402,0.0,0.0582603996138185,-0.2894568690095846,0.1182767624020887,1.3603603603603605,0.0,31.567685714563755,0.0202350719208018,0.0026883143294118,-124.6845043683202,-69513000000.0,19628000000.0,-114891000000.0,-44336000000.0,7346500000.0,19128000000.0,0.0,163.17493472584857,51670.90909090909,0.0,0.5515552995391705,0.0017417924627889,0.0,0.0232345363927479,0.4761999871751879,2019-07-17,0.95,bmo,3690891089.0,2025-04-25,2019-06-30,0.0631578947368421,46.9936507936508,5425804.650793651
2019-03-31,BK,USD,1390777,2019-05-08,2019-05-08 06:39:09,2019,Q1,3808000000.0,31000000.0,3777000000.0,0.9918592437,0,1524000000.0,45000000.0,1524000000.0,-2766000000.0,-1242000000.0,31000000.0,841000000.0,1079000000.0,302000000.0,1495000000.0,0.3925945378,2535000000.0,0.6657037815,-385000000.0,1193000000.0,0.3132878151,237000000.0,905000000.0,0.237657563,0.94,0.94,962397000,965960000,https://www.sec.gov/Archives/edgar/data/1390777/000139077719000063/0001390777-19-000063-index.htm,https://www.sec.gov/Archives/edgar/data/1390777/000139077719000063/form10-q1q19.htm,3.956787063966326,0.9403603710319132,-0.986079549292028,-1.2603946188527189,188.2850840141854,43.0892864379253,19.98863254976896,42.8357528130283,49.27176622537269,49524949620.0,15504949620.0,13.680925309392263,13.005501475840337,-52.18645903055848,-40.8284827864798,1.2013329198302003,1.2013329198302003,4.071677946428571,10.371203759197323,-16.3381977028451,-12.78231625721352,0.0182736177814207,-0.0244927053799595,1.124075197089145,0.1338795603989229,-22.755852842809364,0.7398419689520944,2.3493975903614457,-1.0031712473572938,0.0061787039128339,0.3381215469613259,0.4002100840336134,0.0,0.0642298313938035,-0.2781875658587987,0.0693277310924369,0.8741721854304636,0.0,30.105207177422624,0.0197718540845555,0.0027940722445199,-122.24295171327424,-67101000000.0,19237000000.0,-113840000000.0,-41859000000.0,7245000000.0,19520500000.0,0.0,183.1433823529412,56061.29032258064,0.0,0.4914182475158085,0.0016053858104609,0.0,0.0219526986052152,0.2743150695606906,2019-04-17,0.96,bmo,3981957446.0,2025-04-25,2019-03-31,-0.0208333333333333,51.540983606557376,4650702.409836066
2018-12-31,BK,USD,1390777,2019-02-27,2019-02-27 06:54:13,2018,Q4,3912000000.0,0.0,3912000000.0,1.0,0,1602000000.0,0.0,1602000000.0,1290000000.0,2892000000.0,2892000000.0,1864000000.0,979000000.0,328000000.0,1348000000.0,0.3445807771,1020000000.0,0.2607361963,0.0,1020000000.0,0.2607361963,150000000.0,881000000.0,0.225204499,0.8069646809025515,0.8025978160022671,1024828000,1030404000,https://www.sec.gov/Archives/edgar/data/1390777/000139077719000050/0001390777-19-000050-index.htm,https://www.sec.gov/Archives/edgar/data/1390777/000139077719000050/form10-k_4q18.htm,3.534251601244306,1.146533857388752,3.1068628101496056,2.824864269906755,219.65929892625888,39.87791122022427,18.19427259988993,39.65348331622477,48.35055248295324,48238653960.0,8810653960.0,10.263543395744682,13.318236874654886,15.15033101758794,16.662747481865285,1.1870331699394656,1.1870331699394656,2.4325383655438984,5.626215810983397,2.767165188442211,3.043403785837651,0.0243580594303962,0.0600141123838273,1.1952359860229342,0.1338539929947943,-25.177522349936144,0.8466997716481206,2.335035750766088,3.6140749148694655,0.0067787961138209,0.2782978723404255,0.4494754279403644,0.0,0.0612390560884937,0.0907663316582914,0.0797901711761457,0.8810975609756098,0.1002208724461623,31.983454733231422,0.0359469760114358,0.0034492780000645,-89.61137868988747,-42294000000.0,18646000000.0,-88409000000.0,-18240000000.0,6691500000.0,19207000000.0,0.0,167.5013804527885,0.0,0.0,0.5373090045987242,0.0,0.0,0.0289138244992371,0.2819985402428505,2019-01-16,0.92,bmo,3723676767.0,2025-04-25,2018-12-31,0.076086956521739,48.563968253968255,6755593.571428572
2018-09-30,BK,USD,1390777,2018-11-06,2018-11-06 07:05:59,2018,Q3,3970000000.0,33000000.0,3937000000.0,0.9916876574,0,1478000000.0,51000000.0,1478000000.0,-3055000000.0,-1577000000.0,33000000.0,891000000.0,743000000.0,48000000.0,1668000000.0,0.4201511335,2360000000.0,0.5944584383,-476000000.0,1334000000.0,0.3360201511,220000000.0,1068000000.0,0.2690176322,1.07,1.06,999808000,1003665000,https://www.sec.gov/Archives/edgar/data/1390777/000139077718000129/0001390777-18-000129-index.htm,https://www.sec.gov/Archives/edgar/data/1390777/000139077718000129/form10-q_3q18.htm,3.9707623863781847,1.0682050953783129,1.2442388938676223,0.9301785942901036,184.0773428498272,41.869038855460246,19.63777045192677,41.56798105236205,42.69119670976828,51890035200.0,-460964800.0,12.146543820224718,13.070537833753148,41.71224694533762,55.79573677419355,1.2485571511068336,1.2485571511068336,-0.116112040302267,-0.276357793764988,-0.3705504823151125,-0.4956610752688172,0.0205819864234742,0.017922516267632,1.009143407122233,0.1199073676987734,-31.385491606714627,0.7339159907079478,3.176312247644684,1.1197119711971195,0.0061476157950264,0.298689138576779,0.3722921914357682,0.0,0.0635474740543785,0.2524115755627009,0.0790931989924433,0.940119760479042,0.0,31.608075015828657,0.020095180148447,0.003260640587648,-118.9083303994367,-69871000000.0,19634000000.0,-115190000000.0,-45812000000.0,6748000000.0,18903000000.0,0.0,150.5743073047859,50953.63636363636,0.0,0.5977115326708823,0.0017663116201894,0.0,0.0256977863330125,0.3140602995775189,2018-10-18,1.04,bmo,3992226415.0,2025-04-25,2018-09-30,0.0192307692307692,52.61777777777778,5285512.920634921
2018-06-30,BK,USD,1390777,2018-08-03,2018-08-03 06:46:41,2018,Q2,4032000000.0,34000000.0,3998000000.0,0.9915674603,0,1489000000.0,62000000.0,1489000000.0,-3167000000.0,-1678000000.0,34000000.0,916000000.0,637000000.0,48000000.0,1736000000.0,0.4305555556,2320000000.0,0.5753968254,-446000000.0,1394000000.0,0.345734127,286000000.0,1048000000.0,0.2599206349,1.04,1.03,1010179000,1014357000,https://www.sec.gov/Archives/edgar/data/1390777/000139077718000113/0001390777-18-000113-index.htm,https://www.sec.gov/Archives/edgar/data/1390777/000139077718000113/form10-q_2q18.htm,3.9913718261813007,1.0374398992653775,2.395615034563181,2.066960409986745,178.57330235532515,41.32534926978288,19.2738118689856,41.08677768989456,47.17777740380665,54478953470.0,4888953470.0,12.995933556774808,13.511645205853174,22.511964243801653,26.09145281130268,1.3125877236477534,1.3125877236477534,1.2125380629960318,2.8162174366359447,2.02022870661157,2.341452811302682,0.0192367865615682,0.0383267274241933,1.1328996506445006,0.1332311406292501,-28.56566820276498,0.7102013246524195,3.642072213500785,2.1940163191296462,0.0053782237237972,0.2795801526717557,0.3692956349206349,0.0,0.0631176897270831,0.1371900826446281,0.0823412698412698,0.9707602339181286,0.0,30.968756940249012,0.0180518763070626,0.0031694954211678,-124.38439128114918,-77227000000.0,19470000000.0,-121924000000.0,-53199000000.0,6795000000.0,19647500000.0,0.0,152.99107142857142,50619.705882352944,0.0,0.588269623577473,0.0017779637086231,0.0,0.0252499698831466,0.3286546245764364,2018-07-19,1.02,bmo,4097825242.0,2025-04-25,2018-06-30,0.0098039215686274,55.17796875,4554909.75
2018-03-31,BK,USD,1390777,2018-05-08,2018-05-08 07:17:25,2018,Q1,4072000000.0,35000000.0,4037000000.0,0.9914047151,0,1576000000.0,51000000.0,1576000000.0,-3412000000.0,-1836000000.0,35000000.0,919000000.0,462000000.0,49000000.0,1779000000.0,0.4368860511,2201000000.0,0.5405206287,-448000000.0,1444000000.0,0.3546168959,282000000.0,1127000000.0,0.2767681729,1.11,1.1,1016797000,1021731000,https://www.sec.gov/Archives/edgar/data/1390777/000139077718000083/0001390777-18-000083-index.htm,https://www.sec.gov/Archives/edgar/data/1390777/000139077718000083/form10-q_1q18.htm,4.004732508062081,1.108382499161583,-0.8379253676004158,-1.00806749036435,193.21850870921136,41.42813167230037,19.31850703729456,41.03867340285229,54.57038130521628,52395549410.0,-3832450590.0,11.622792681898847,12.867276377701376,-61.49712372065728,-51.11760918048781,1.255644876581672,1.255644876581672,-0.9411715594302554,-2.15427239460371,4.498181443661972,3.738976185365854,0.0215094604921712,-0.0195627302612914,1.3186589340490795,0.1472843732685219,-31.606520517144464,0.71001425960793,4.764069264069264,-0.7275832621690862,0.0053821365206675,0.2502218278615794,0.387033398821218,0.0,0.060174466069053,-0.2030516431924882,0.0424852652259332,0.5164179104477612,0.0,31.99136315073041,0.0160715468440143,0.0032097654336458,-127.81017253198031,-83785000000.0,19643000000.0,-126330000000.0,-59602000000.0,7384000000.0,20178000000.0,0.0,148.88015717092335,51870.857142857145,0.0,0.6045130641330166,0.001735078326393,0.0,0.0270082438650306,0.1701421227639342,2018-04-19,0.96,bmo,3646254545.0,2025-04-25,2018-03-31,0.1458333333333334,55.62508196721312,5099359.672131147
2017-12-31,BK,USD,1390777,2018-02-28,2018-02-28 06:30:17,2017,Q4,3622000000.0,0.0,3622000000.0,1.0,0,1628000000.0,0.0,1628000000.0,1266000000.0,2894000000.0,2894000000.0,1219000000.0,368000000.0,430000000.0,1158000000.0,0.3197128658,728000000.0,0.200993926,0.0,728000000.0,0.200993926,-453000000.0,1175000000.0,0.3244064053,1.090914768136702,1.0850113159498604,1024828000,1030404000,https://www.sec.gov/Archives/edgar/data/1390777/000139077718000069/0001390777-18-000069-index.htm,https://www.sec.gov/Archives/edgar/data/1390777/000139077718000069/form10-k_4q17.htm,3.534251601244306,1.090914768136702,1.2597235828841522,1.002119380032552,214.47794166435733,40.73464034940498,18.805106808166837,40.25163246905822,48.411050439683535,55197236080.0,-4428763920.0,12.34285243291592,15.2394356929873,42.75541137103021,53.74609160662123,1.3380823756999831,1.3380823756999831,-1.2227399006073991,-3.190752103746397,-3.43049103020914,-4.312330983446933,0.0202546373586465,0.0186060040852683,1.193789241472934,0.1324652058597259,-42.95821325648415,0.8087493660900434,3.989130434782609,1.0987234042553191,0.0053807041999266,0.2656529516994633,0.4456101601325234,0.0,0.0604533056450701,0.2044926413632842,0.0728879072335726,0.6139534883720931,0.1054665930425179,31.43246342235037,0.0224573482042079,0.0032008337055232,-101.66096164429544,-54306000000.0,19272000000.0,-100366000000.0,-30198000000.0,7417000000.0,20680000000.0,0.0,199.58034235229152,0.0,0.0,0.4509462151394422,0.0,0.0,0.0271023732757993,0.2576042028516004,2018-01-18,0.91,bmo,3728000000.0,2025-04-25,2017-12-31,0.0,53.26825396825397,4223516.746031746
2017-09-30,BK,USD,1390777,2017-11-07,2017-11-07 06:50:39,2017,Q3,3907000000.0,69000000.0,3838000000.0,0.9823393908,0,1469000000.0,49000000.0,1469000000.0,-3330000000.0,-1861000000.0,69000000.0,1151000000.0,312000000.0,52000000.0,1719000000.0,0.4399795239,1977000000.0,0.5060148451,-441000000.0,1368000000.0,0.350140773,348000000.0,975000000.0,0.249552086,0.94,0.94,1035337000,1041138000,https://www.sec.gov/Archives/edgar/data/1390777/000139077717000106/0001390777-17-000106-index.htm,https://www.sec.gov/Archives/edgar/data/1390777/000139077717000106/bk3q201710-q.htm,3.773650511862322,0.9417223570682782,5.027348583118347,4.82355020635793,198.9757924231434,39.70108283583026,17.95260866751599,39.13991289792599,43.35593145033936,54893567740.0,2848567740.0,14.07527377948718,14.050055730739698,10.54631464745437,10.99190383259912,1.354627439725588,1.354627439725588,0.729093355515741,1.6571074694589878,0.5472752622478386,0.5703980256307569,0.0177616438526646,0.0909760506668791,1.1000172741406116,0.1257798457661887,-30.27632344386271,0.8060489786705789,6.336538461538462,5.1129666011787815,0.0052465163380178,0.2953846153846154,0.375991809572562,0.0,0.0635360908811304,0.0405379442843419,0.0540056309188635,0.6011396011396012,0.0,28.79801986539776,0.0145398487637689,0.002937808846571,-98.69684943163432,-51558000000.0,18587000000.0,-99021000000.0,-27410000000.0,8260500000.0,21399000000.0,0.0,156.68799590478628,27620.869565217392,0.0,0.5743898853278447,0.0032584057423498,0.0,0.0240604101374528,0.2037983767604171,2017-10-19,0.92,bmo,3930553191.0,2025-04-25,2017-09-30,0.0217391304347825,52.47555555555556,3981274.857142857
2017-06-30,BK,USD,1390777,2017-08-03,2017-08-03 16:21:23,2017,Q2,3852000000.0,68000000.0,3784000000.0,0.9823468328,0,1417000000.0,63000000.0,1417000000.0,-3375000000.0,-1958000000.0,68000000.0,1052000000.0,226000000.0,53000000.0,1654000000.0,0.4293873313,1826000000.0,0.47403946,-469000000.0,1308000000.0,0.3395638629,332000000.0,913000000.0,0.23701973,0.88,0.88,1035829000,1041879000,https://www.sec.gov/Archives/edgar/data/1390777/000139077717000095/0001390777-17-000095-index.htm,https://www.sec.gov/Archives/edgar/data/1390777/000139077717000095/bk2q201710-q.htm,3.718760529006236,0.8814196165583316,-0.6004852152237483,-1.021404112068691,193.4614690262582,39.09718689088643,17.4304832168244,38.59131188642141,39.65229782135855,52847995580.0,1238995580.0,14.470973598028475,13.719625020768431,-84.96462311897106,-49.95084648393195,1.3220592279981989,1.3220592279981989,0.321649942886812,0.7490904353083434,-1.991954308681672,-1.171073327032136,0.0172759626922448,-0.0200196807539923,1.02183919547706,0.1151219649676592,-31.20253929866989,0.7834312120920381,8.079646017699115,-0.637948717948718,0.0046927039952647,0.2716319824753559,0.3678608515057113,0.0,0.0632526809745924,-0.7009646302250804,0.1131879543094496,1.260115606936416,0.0,27.664790525535924,0.0141101651530694,0.0027469221234038,-102.94628746636752,-58487000000.0,18055000000.0,-102742000000.0,-34404000000.0,8871000000.0,21464000000.0,0.0,227.07943925233644,28617.352941176472,0.0,0.396337071715197,0.0031449449634631,0.0,0.0228398458998348,0.4209188968449425,2017-07-20,0.84,bmo,3776181818.0,2025-04-25,2017-06-30,0.0476190476190476,47.827619047619045,4671931.682539683
2017-03-31,BK,USD,1390777,2017-05-08,2017-05-08 16:26:52,2017,Q1,3743000000.0,64000000.0,3679000000.0,0.982901416,0,1472000000.0,51000000.0,1472000000.0,-3497000000.0,-2025000000.0,64000000.0,960000000.0,168000000.0,52000000.0,1553000000.0,0.4149078279,1654000000.0,0.4418915309,-431000000.0,1206000000.0,0.3222014427,269000000.0,866000000.0,0.2313652151,0.83,0.83,1041158000,1047746000,https://www.sec.gov/Archives/edgar/data/1390777/000139077717000076/0001390777-17-000076-index.htm,https://www.sec.gov/Archives/edgar/data/1390777/000139077717000076/bk1q201710-q.htm,3.5950355277489106,0.8317661680551847,-1.184258297011597,-1.4589524356533785,181.34711542340355,38.25644138545734,16.778433244521963,37.59083635720995,39.598216601130666,49173892340.0,5227892340.0,14.195696403002309,13.137561405289874,-39.88150230332522,-32.37254268597761,1.256423229086821,1.256423229086821,1.3967118193962065,3.3663183129426915,-4.239977566909976,-3.4416671099407505,0.0176109711635652,-0.0308903755166923,1.0491082835096326,0.1216462836556693,-28.297488731487444,0.7705554000684144,9.845238095238097,-1.3373101952277655,0.0049416466428941,0.2806004618937644,0.3932674325407427,0.0,0.0662507110352673,-0.2319545823195458,0.0764092973550627,0.8242074927953891,0.0,26.523624997228147,0.0136750624493559,0.0027476885783725,-98.8099308654402,-59026000000.0,17469000000.0,-99475000000.0,-35357000000.0,7767500000.0,21146500000.0,0.0,192.91210259150412,29961.5625,0.0,0.4665337155677427,0.0030038486811226,0.0,0.0221268332566814,0.2746941386417815,2017-04-20,0.8,bmo,3704096385.0,2025-04-25,2017-03-31,0.0125,46.76870967741935,5344412.483870967
2016-12-31,BK,USD,1390777,2017-02-28,2017-02-28 07:59:07,2016,Q4,3692000000.0,0.0,3692000000.0,1.0,0,1395000000.0,71000000.0,1395000000.0,-3516000000.0,-2121000000.0,-2121000000.0,928000000.0,97000000.0,60000000.0,1536000000.0,0.4160346696,1571000000.0,0.4255146262,-450000000.0,1152000000.0,0.3120260022,280000000.0,809000000.0,0.2191224269,0.77,0.77,1050888000,1056818000,https://www.sec.gov/Archives/edgar/data/1390777/000139077717000065/0001390777-17-000065-index.htm,https://www.sec.gov/Archives/edgar/data/1390777/000139077717000065/bk201610-k_4q16.htm,3.513219296442628,0.7698251383591781,4.461940758672665,4.147920615707858,171.1171885110497,37.66338563196078,16.381384124664095,36.9316235412337,34.310982711763764,49791073440.0,7802073440.0,15.386611075401731,13.486206240520044,10.61869768394114,11.422590832759807,1.2829113766715623,1.2829113766715623,2.113237659804984,5.079474895833333,1.6639098827042014,1.7898769075476026,0.0162478923250143,0.0875458129106766,0.9265414444358558,0.1078361107029439,-27.336588541666668,0.7423087367712634,16.195876288659793,5.389655172413793,0.0050209803229339,0.3090234857849196,0.3778439869989166,0.0,0.067067703444698,0.0703774792066538,0.0893824485373781,0.859375,0.0985915492957746,25.29219394507591,0.0131945600246571,0.0026004165809504,-103.17940636870912,-65476000000.0,17215000000.0,-105278000000.0,-41808000000.0,7494500000.0,21074500000.0,0.0,183.12026002166849,0.0,0.0,0.4914802981895633,0.0,0.0,0.0208446059106954,0.3140201429648069,2017-01-19,0.77,bmo,3790000000.0,2025-04-25,2016-12-31,0.0,45.10079365079365,6241623.523809524
2016-09-30,BK,USD,1390777,2016-11-08,2016-11-08 06:45:20,2016,Q3,3836000000.0,68000000.0,3768000000.0,0.9822732013,0,1467000000.0,52000000.0,1467000000.0,-3515000000.0,-2048000000.0,68000000.0,874000000.0,100000000.0,61000000.0,1687000000.0,0.4397810219,1720000000.0,0.4483837331,-474000000.0,1317000000.0,0.3433263816,324000000.0,959000000.0,0.25,0.9,0.9,1062248000,1067682000,https://www.sec.gov/Archives/edgar/data/1390777/000139077716000255/0001390777-16-000255-index.htm,https://www.sec.gov/Archives/edgar/data/1390777/000139077716000255/bk3q201610-q.htm,3.611209435084839,0.9028023587712096,0.0894329761035087,-0.0480113871713573,203.36023226214596,38.00713204449432,16.796454311987407,37.3688630150398,32.48958811878205,42362450240.0,-22957549760.0,11.043391616266945,11.043391616266945,445.9205288421053,-830.6362792156863,1.0671986456732587,1.0671986456732587,-5.984762711157456,-13.608506081802016,-241.65841852631576,450.1480345098039,0.022637972887944,-0.0012038963683891,0.8669101902002772,0.0919826576925749,-38.71962062833432,0.7675866567848275,17.2,0.0962512664640324,0.0051696726407296,0.2283628779979145,0.382429614181439,0.0,0.0602249581678311,1.5368421052631578,0.038060479666319,0.3945945945945946,0.0,27.55132841947849,0.0143511552135464,0.002727663169152,-105.54432674855587,-68049000000.0,17842000000.0,-108997000000.0,-44180000000.0,7949000000.0,21167000000.0,0.0,175.4249217935349,28008.529411764703,0.0,0.5130399893005216,0.0032133068708061,0.0,0.0241592140068018,0.1374443632748661,2016-10-20,0.81,bmo,3546900000.0,2025-04-25,2016-09-30,0.111111111111111,39.9421875,4744260.046875
2016-06-30,BK,USD,1390777,2016-08-08,2016-08-08 16:35:44,2016,Q2,3674000000.0,64000000.0,3610000000.0,0.982580294,0,1412000000.0,65000000.0,1412000000.0,-3411000000.0,-1999000000.0,64000000.0,890000000.0,123000000.0,59000000.0,0.0,0.0,1611000000.0,0.438486663,-478000000.0,1165000000.0,0.3170930866,290000000.0,812000000.0,0.2210125204,0.76,0.75,1072583000,1078271000,https://www.sec.gov/Archives/edgar/data/1390777/000139077716000246/0001390777-16-000246-index.htm,https://www.sec.gov/Archives/edgar/data/1390777/000139077716000246/bk2q201610-q.htm,3.425375938272376,0.7570509694820821,-0.3095331550099153,-0.4969312398201351,200.05258334320047,36.6377240735682,15.544717751446742,35.949665433817245,31.23581112137709,41669849550.0,-32142150450.0,12.829387176724138,11.341820781164945,-125.51159503012047,-78.17983030018762,1.0806776511320315,1.0806776511320315,-8.74854394393032,0.0,96.8137061746988,60.3042222326454,0.0194865114409802,-0.0127910229039931,0.8656863507871054,0.089646596893791,0.0,0.7723100977019213,13.097560975609756,-0.3802978235967926,0.0055675746974229,0.2857142857142857,0.3843222645617855,0.0,0.0607598744195664,-0.6054216867469879,0.0547087642896026,0.5234375,0.0,24.745785581743537,0.0133423593323467,0.0023218110125898,-104.57489070775874,-66115000000.0,16673000000.0,-108796000000.0,-42092000000.0,8325000000.0,21590000000.0,0.0,206.28470332063145,29773.125,0.0,0.4362902268139176,0.0030228603816361,0.0,0.0210586374127959,0.1873980848102198,2016-07-21,0.75,bmo,3726315789.0,2025-04-25,2016-06-30,0.0133333333333333,39.77640625,5625322.46875
2016-03-31,BK,USD,1390777,2016-05-10,2016-05-10 16:08:18,2016,Q1,3630000000.0,29000000.0,3601000000.0,0.9920110193,0,1459000000.0,57000000.0,1459000000.0,-3536000000.0,-2077000000.0,29000000.0,883000000.0,117000000.0,57000000.0,0.0,0.0,1524000000.0,0.4198347107,-474000000.0,1091000000.0,0.3005509642,283000000.0,793000000.0,0.2184573003,0.73,0.73,1079641000,1085284000,https://www.sec.gov/Archives/edgar/data/1390777/000139077716000226/0001390777-16-000226-index.htm,https://www.sec.gov/Archives/edgar/data/1390777/000139077716000226/bk1q201610-q.htm,3.362228740849968,0.7345034136347175,1.661663460353951,1.5245808560438143,205.22747839328076,36.38709534002506,15.317128564031933,35.622026210564435,35.43955814942189,39763178030.0,-37107821970.0,12.535680337326609,10.95404353443526,22.164536248606463,24.15745931348724,1.0339108668972152,1.0339108668972152,-10.222540487603306,0.0,-20.68440466555184,-22.544241780072905,0.0199430739515264,0.0413950816194356,0.9918354611404352,0.1023010700780432,0.0,0.781474780609053,13.025641025641026,2.1958384332925336,0.0050046301593363,0.2509457755359395,0.4019283746556474,0.0,0.0610078579665835,0.0824972129319955,0.0407713498622589,0.4065934065934066,0.0,24.26316646020283,0.012163045208537,0.0022649247976419,-98.0337445502718,-64619000000.0,16537000000.0,-102499000000.0,-40494000000.0,7861000000.0,21954000000.0,0.0,204.02479338842977,68300.6896551724,0.0,0.4411228581844695,0.0013177026535805,0.0,0.0206193608778179,0.1370826043101364,2016-04-21,0.68,bmo,3427567567.0,2025-04-25,2016-03-31,0.0882352941176469,36.26344262295082,6984866.262295082
2015-12-31,BK,USD,1390777,2016-02-26,2016-02-26 08:20:50,2015,Q4,3634000000.0,0.0,3634000000.0,1.0,0,1481000000.0,75000000.0,1481000000.0,-3864000000.0,-2383000000.0,-2383000000.0,834000000.0,74000000.0,64000000.0,0.0,0.0,1251000000.0,0.3442487617,-435000000.0,871000000.0,0.2396807925,175000000.0,628000000.0,0.172812328,0.58,0.57,1088880000,1096385000,https://www.sec.gov/Archives/edgar/data/1390777/000139077716000204/0001390777-16-000204-index.htm,https://www.sec.gov/Archives/edgar/data/1390777/000139077716000204/bk201510-k_4q15.htm,3.3373741826463887,0.5767394019543016,0.1304092278304312,-0.0293879950040408,220.18312394386896,35.79365954007788,14.84093747704063,34.93222393652193,34.59426199397546,44883633600.0,-52407366400.0,17.86768853503185,12.35102740781508,316.08192676056336,-1402.61355,1.1799993059389542,1.1799993059389542,-14.42139966978536,0.0,-369.06596056338026,1637.7302,0.0139917370682751,-0.0007129547550713,0.9883797355206771,0.0954720910152877,0.0,0.7816466250102253,16.905405405405407,0.2049062049062049,0.005391720335227,0.3853503184713376,0.4075399009356081,0.0,0.0579384427853115,1.2253521126760565,0.0478811227297743,0.4664879356568364,0.0941111722619702,21.29090824030005,0.0109290889161094,0.001692882077824,-100.49982550877968,-69401000000.0,16160000000.0,-106368000000.0,-45207000000.0,8044500000.0,22068000000.0,0.0,185.5723720418272,0.0,0.0,0.4849859869211264,0.0,0.0,0.016510240029445,0.1597972228344721,2016-01-21,0.64,bmo,3506823529.0,2025-04-25,2015-12-31,0.0625,42.01703125,5996256.046875
2015-09-30,BK,USD,1390777,2015-11-06,2015-11-06 16:20:02,2015,Q3,3695000000.0,29000000.0,3666000000.0,0.9921515562,0,1437000000.0,59000000.0,1437000000.0,-3599000000.0,-2162000000.0,29000000.0,838000000.0,79000000.0,66000000.0,0.0,0.0,1504000000.0,0.4070365359,-505000000.0,1109000000.0,0.300135318,282000000.0,814000000.0,0.2202976996,0.74,0.74,1098003000,1105645000,https://www.sec.gov/Archives/edgar/data/1390777/000139077715000132/0001390777-15-000132-index.htm,https://www.sec.gov/Archives/edgar/data/1390777/000139077715000132/bk3q201510-q.htm,3.365200277230572,0.741345879747141,1.2304155817424909,1.1256799844809169,204.8965257836272,35.70026675701251,14.803238242518464,34.76311084760242,28.215769902268026,42986817450.0,-36773182550.0,13.20233951167076,11.633780094722598,31.818517727609176,34.77897851941748,1.1261938027246527,1.1261938027246527,-9.952146833558864,0.0,-27.21923208734271,-29.751765817152105,0.0189360377968618,0.0287530008807386,0.8095886822111606,0.0818875854265431,0.0,0.7841496825927163,19.037974683544306,1.6218487394957983,0.0047456409220636,0.2506142506142506,0.3889039242219215,0.0,0.0608022344059294,0.0851221317542561,0.0311231393775372,0.3058510638297872,0.0,24.08025129367262,0.0129070505840952,0.0022966712374374,-97.22013509981302,-64604000000.0,16254000000.0,-103476000000.0,-40298000000.0,8371000000.0,22143000000.0,0.0,209.3748308525034,69008.27586206896,0.0,0.4298510935318753,0.0013041914013311,0.0,0.0213256484149855,0.1047355972615739,2015-10-20,0.71,bmo,3636351351.0,2025-04-25,2015-09-30,0.0422535211267606,41.564375,6015286.6875
2015-06-30,BK,USD,1390777,2015-08-07,2015-08-07 08:43:58,2015,Q2,3790000000.0,30000000.0,3760000000.0,0.9920844327,0,1434000000.0,72000000.0,1434000000.0,-3694000000.0,-2260000000.0,30000000.0,847000000.0,68000000.0,65000000.0,0.0,0.0,1500000000.0,0.3957783641,-545000000.0,1165000000.0,0.3073878628,276000000.0,821000000.0,0.2166226913,0.74,0.73,1113790000,1122135000,https://www.sec.gov/Archives/edgar/data/1390777/000139077715000107/0001390777-15-000107-index.htm,https://www.sec.gov/Archives/edgar/data/1390777/000139077715000107/bkq2201510-q.htm,3.402795859183509,0.7371227969365859,2.422359690785516,2.287684392928649,218.8805789242137,35.39625961806085,14.606882805555806,34.36015765988203,27.984629059337937,46745766300.0,-52822233700.0,14.234398995127892,12.333975277044855,17.32608091178651,18.34606212715856,1.221472858636007,1.221472858636007,-13.937264828496042,0.0,-19.578292698295037,-20.730860949764523,0.0175630878469522,0.0545076100292744,0.8126731120982493,0.0786861107034969,0.0,0.7964322925683779,22.058823529411764,3.1629542790152403,0.0045779546884869,0.2606577344701583,0.3783641160949868,0.0,0.0585825823394576,0.0555967383246849,0.0395778364116095,0.4076086956521739,0.0,23.871997175399287,0.0130679543918102,0.0022064020596669,-95.1108377701362,-64670000000.0,16269000000.0,-102817000000.0,-40103000000.0,8424000000.0,22004500000.0,0.0,193.44063324538257,66150.0,0.0,0.4652590228332924,0.001360544217687,0.0,0.021452835118892,0.1346752978568671,2015-07-21,0.66,bmo,3330857142.0,2025-04-25,2015-06-30,0.1666666666666666,42.61111111111112,5628191.714285715
2015-03-31,BK,USD,1390777,2015-05-08,2015-05-08 16:16:04,2015,Q1,3753000000.0,30000000.0,3723000000.0,0.9920063949,0,1485000000.0,61000000.0,1485000000.0,-3796000000.0,-2311000000.0,30000000.0,807000000.0,79000000.0,66000000.0,0.0,0.0,1412000000.0,0.3762323475,-414000000.0,1149000000.0,0.3061550759,280000000.0,754000000.0,0.2009059419,0.67,0.67,1118602000,1126306000,https://www.sec.gov/Archives/edgar/data/1390777/000139077715000085/0001390777-15-000085-index.htm,https://www.sec.gov/Archives/edgar/data/1390777/000139077715000085/bkq1201510-q.htm,3.3550807168233203,0.6740556516079893,-0.0572142728155322,-0.2020379008798482,217.69315627899823,34.75767073543584,14.158744575818746,33.37022461965918,26.16480213695309,45012544480.0,-41606455520.0,14.924583713527852,11.993750194511058,-703.3210075000001,-199.1705507964602,1.205865422203172,1.205865422203172,-11.086185856648015,0.0,650.1008675,184.0993607079646,0.0167508859743536,-0.0050208225864773,0.7819599228461209,0.0731392575071162,0.0,0.7955070861393105,17.873417721518987,-0.0821566110397946,0.0045542859744595,0.2718832891246684,0.39568345323741,0.0,0.0577366395381469,-2.53125,0.0431654676258992,0.4764705882352941,0.0,22.49669400727494,0.0120478512450502,0.0020050738473484,-98.48855982735591,-65104000000.0,15838000000.0,-106944000000.0,-40652000000.0,8878000000.0,21570000000.0,0.0,208.6810551558753,65877.0,0.0,0.4312801654792002,0.0013661824308939,0.0,0.0201993141877411,0.144823628064316,2015-04-22,0.59,bmo,3339223880.0,2025-04-25,2015-03-31,0.1355932203389832,38.94590163934426,6127487.049180328
2014-12-31,BK,USD,1390777,2015-02-27,2015-02-27 16:38:15,2014,Q4,2751000000.0,0.0,2751000000.0,1.0,0,1418000000.0,75000000.0,1418000000.0,-3696000000.0,-2278000000.0,-2278000000.0,802000000.0,90000000.0,73000000.0,0.0,0.0,473000000.0,0.1719374773,-1256000000.0,943000000.0,0.342784442,88000000.0,831000000.0,0.3020719738,0.74,0.74,1120672000,1129040000,https://www.sec.gov/Archives/edgar/data/1390777/000162828015001194/0001628280-15-001194-index.htm,https://www.sec.gov/Archives/edgar/data/1390777/000162828015001194/bk201410-k.htm,2.454777133719768,0.7415193740898318,1.0582935952714083,0.883398532309186,227.43318294737443,34.53552868279033,13.7194469032866,33.409418634533566,29.7990848348134,45465663040.0,-44376336960.0,13.677997304452466,16.526958575063613,38.33529767284992,45.92491216161616,1.2143282241393123,1.2143282241393123,-16.1309839912759,0.0,-37.416810252951095,-44.82458278787879,0.0182775295560717,0.0217746742003743,0.8895328650409978,0.0864384653117157,0.0,0.8617314531281491,5.255555555555556,5.090128755364807,0.0047948272481632,0.2623345367027677,0.5154489276626681,0.0,0.0605445584384237,0.1652613827993254,0.0712468193384223,0.620253164556962,0.1304980007270083,23.60950977632003,0.0047687143754048,0.0022957386559845,-75.78622469375517,-42535000000.0,15375000000.0,-81509000000.0,-17813000000.0,8669500000.0,20668000000.0,0.0,296.2050163576881,0.0,0.0,0.303843605036448,0.0,0.0,0.0221949200074784,0.1748950629622226,2015-01-23,0.59,bmo,3689000000.0,2025-04-25,2014-12-31,0.0,39.1271875,4750583.765625
2014-09-30,BK,USD,1390777,2014-11-07,2014-11-07 16:38:54,2014,Q3,3668000000.0,36000000.0,3632000000.0,0.9901853871,0,1477000000.0,61000000.0,1477000000.0,-3127000000.0,-1650000000.0,36000000.0,809000000.0,88000000.0,75000000.0,0.0,0.0,1982000000.0,0.540348964,-719000000.0,1662000000.0,0.4531079607,556000000.0,1021000000.0,0.2783533261,0.93,0.93,1126946000,1134871000,https://www.sec.gov/Archives/edgar/data/1390777/000144530514004959/0001445305-14-004959-index.htm,https://www.sec.gov/Archives/edgar/data/1390777/000144530514004959/bkq3201410-q.htm,3.2548143389301707,0.9059883969595705,0.810154168877657,0.6193730666775515,232.87539953112216,35.13744225544081,14.25534142718462,34.11964725905234,28.58167117146695,43646618580.0,-53299381420.0,10.687222962781586,11.899296232279172,47.80571585980284,62.53097217765043,1.1351231068112662,1.1351231068112662,-14.5309109651036,0.0,-58.37829290251917,-76.3601453008596,0.0233924192346906,0.0159920750497689,0.835400899846558,0.0831538509329633,0.0,0.8770806369566198,22.522727272727277,0.8430286241920592,0.0047884580020081,0.2047012732615083,0.4026717557251908,0.0,0.0609196056909727,0.2354874041621029,0.0586150490730643,0.6515151515151515,0.0,26.372715101288563,0.0154477958224232,0.0028145097487891,-69.25464929109292,-38179000000.0,16065000000.0,-74275000000.0,-13295000000.0,8623500000.0,18698500000.0,0.0,203.28516902944384,50387.5,0.0,0.4427278213639107,0.0017861572810716,0.0,0.0265532755975137,0.1907811022001054,2014-10-17,0.61,bmo,4394859375.0,2025-04-25,2014-09-30,0.0491803278688525,38.88,5737958.96875
2014-06-30,BK,USD,1390777,2014-08-11,2014-08-11 13:39:40,2014,Q2,3633000000.0,22000000.0,3611000000.0,0.9939443986,0,1439000000.0,68000000.0,1439000000.0,-3926000000.0,-2487000000.0,22000000.0,811000000.0,92000000.0,75000000.0,0.0,0.0,1124000000.0,0.3093861822,-737000000.0,811000000.0,0.2232314891,217000000.0,505000000.0,0.1390035783,0.48,0.48,1133556000,1139800000,https://www.sec.gov/Archives/edgar/data/1390777/000144530514003583/0001445305-14-003583-index.htm,https://www.sec.gov/Archives/edgar/data/1390777/000144530514003583/bkq2201410-q.htm,3.2049585552015074,0.4455007075080543,3.0346978887677363,2.8767877369975547,241.97922290561732,34.82315827360977,13.80346449579906,33.81041607119543,28.41059462435027,42485678880.0,-78690321120.0,21.0325142970297,11.694378992568126,12.350488046511629,13.028420386384544,1.1085341251369825,1.1085341251369825,-21.65987369116433,0.0,-22.875093348837208,-24.1307332474701,0.0118863582579523,0.0767552758003616,0.837890726921672,0.0801342516344762,0.0,0.8742453432154514,12.217391304347826,5.961871750433276,0.0051782154787119,0.4356435643564356,0.3960913845306908,0.0,0.0594575036183061,0.0520348837209302,0.0492705752821359,0.5718849840255591,0.0,18.409445844982223,0.0096748261676938,0.0013398317383587,-70.7927089618863,-40993000000.0,15647000000.0,-76283000000.0,-15576000000.0,10049000000.0,17032000000.0,0.0,222.0148637489678,70535.45454545454,0.0,0.4053782637804061,0.0012759540656536,0.0,0.0131764337525439,0.1579101517701816,2014-07-18,0.56,bmo,3382580645.0,2025-04-25,2014-06-30,0.107142857142857,34.59952380952381,4925060.396825396
2014-03-31,BK,USD,1390777,2014-05-09,2014-05-09 16:45:05,2014,Q1,3540000000.0,25000000.0,3515000000.0,0.9929378531,0,1511000000.0,64000000.0,1511000000.0,-3778000000.0,-2267000000.0,25000000.0,812000000.0,84000000.0,75000000.0,0.0,0.0,1248000000.0,0.3525423729,-461000000.0,926000000.0,0.2615819209,232000000.0,648000000.0,0.1830508475,0.57,0.57,1138645000,1144510000,https://www.sec.gov/Archives/edgar/data/1390777/000144530514002075/0001445305-14-002075-index.htm,https://www.sec.gov/Archives/edgar/data/1390777/000144530514002075/bkq1201410-q.htm,3.1089584550057303,0.5690974798993541,-0.9265398785398434,-1.1030654857308468,215.1855934026848,34.22401187376224,13.364130172266158,33.36070504854454,28.074597438183105,40182782050.0,-59423217950.0,15.5026165316358,11.351068375706214,-38.08794507109005,-31.992660867834395,1.0578313602379823,1.0578313602379823,-16.786219759887004,0.0,56.32532507109005,47.31147925955414,0.0161263099999816,-0.0312571687653966,0.8393355446743537,0.0865818852327687,0.0,0.8726725832591785,14.857142857142858,-1.5652818991097923,0.0046288482407354,0.287037037037037,0.4268361581920904,0.0,0.0645012369616637,-0.190521327014218,0.0567796610169491,0.6036036036036037,0.0,20.668178350856856,0.0113167106341111,0.0018810470000493,-66.65817704376694,-37632000000.0,15217000000.0,-71351000000.0,-12267000000.0,10001000000.0,16264500000.0,0.0,283.1186440677966,60559.2,0.0,0.3178879310344827,0.0014861490904767,0.0,0.0170589164429,0.1765256071910033,2014-04-22,0.53,bmo,3391070175.0,2025-04-25,2014-03-31,0.0754716981132074,33.0272131147541,6073213.327868853
2013-12-31,BK,USD,1390777,2014-02-28,2014-02-28 16:14:28,2013,Q4,3484000000.0,0.0,3484000000.0,1.0,0,1522000000.0,96000000.0,1522000000.0,-3954000000.0,-2432000000.0,-2432000000.0,846000000.0,85000000.0,82000000.0,0.0,0.0,1052000000.0,0.3019517796,-537000000.0,711000000.0,0.204075775,155000000.0,503000000.0,0.1443742824,0.44,0.44,1142861000,1147961000,https://www.sec.gov/Archives/edgar/data/1390777/000144530514000745/0001445305-14-000745-index.htm,https://www.sec.gov/Archives/edgar/data/1390777/000144530514000745/bk201310-k.htm,3.048489711347224,0.4401235145831383,-0.5136232665214755,-0.7209975666332126,222.1477502513429,33.69613627554007,12.8922064888031,32.8097642670456,26.56141035524005,39931563340.0,-75916436660.0,19.8467014612326,11.46141312858783,-68.0265133560477,-48.460635121359225,1.064926883217324,1.064926883217324,-21.79002200344432,0.0,129.32953434412266,92.13159788834952,0.0125965516480577,-0.0206353052842934,0.807291249966664,0.0808269873650257,0.0,0.8864489741182782,12.376470588235296,-1.0890538033395176,0.0050336120899793,0.3996023856858847,0.4368541905855339,0.0,0.0634846041290625,-0.403747870528109,0.0680252583237657,0.7011834319526628,0.0,18.025200335690265,0.0095680511838523,0.0014341107372982,-66.03821462102566,-33870000000.0,14734000000.0,-71596000000.0,-8439000000.0,9785500000.0,15500000000.0,0.0,229.02985074626864,0.0,0.0,0.3929618768328445,0.0,0.0,0.0134144064858522,0.2073743001117371,2014-01-17,0.54,bmo,3547000000.0,2025-04-25,2013-12-31,0.0,32.56015625,4460692.625
2013-09-30,BK,USD,1390777,2013-11-08,2013-11-08 16:55:48,2013,Q3,3659000000.0,26000000.0,3633000000.0,0.9928942334,0,1516000000.0,63000000.0,1516000000.0,-3824000000.0,-2308000000.0,26000000.0,855000000.0,83000000.0,81000000.0,0.0,0.0,1325000000.0,0.362120798,-541000000.0,986000000.0,0.2694725335,-2000000.0,944000000.0,0.2579939874,0.83,0.82,1148724000,1152679000,https://www.sec.gov/Archives/edgar/data/1390777/000144530513002897/0001445305-13-002897-index.htm,https://www.sec.gov/Archives/edgar/data/1390777/000144530513002897/bkq3201310-q.htm,3.185273399006202,0.8217813852587741,0.7869601401206905,0.687719591477152,220.5307802396398,33.06538385199578,12.379823177717189,32.17395997646084,27.33815955790947,34679977560.0,-78212022440.0,9.184316091101696,9.477993320579394,38.36280703539823,43.8987057721519,0.9383364690603102,0.9383364690603102,-21.375245269199237,0.0,-86.5177239380531,-99.00256005063292,0.0272203174978063,0.0227797148551557,0.8474525825915203,0.0842071019916548,0.0,0.8777477032762065,15.963855421686748,0.9224489795918368,0.0054209954338851,0.1991525423728813,0.4143208526919923,0.0,0.063884587258571,0.1261061946902655,0.0311560535665482,0.3304347826086956,0.0,24.39055414440429,0.0162513632908778,0.0027111634452454,-63.210353400816906,-36901000000.0,14221000000.0,-69027000000.0,-11570000000.0,10514000000.0,15280000000.0,0.0,263.30964744465706,52937.307692307695,0.0,0.341802895843064,0.0017001242398482,0.0,0.0255418166075921,0.0992405486435384,2013-10-16,0.58,bmo,3641433333.0,2025-04-25,2013-09-30,0.0344827586206896,30.67140625,4620271.78125
2013-06-30,BK,USD,1390777,2013-08-08,2013-08-08 16:33:51,2013,Q2,3898000000.0,30000000.0,3868000000.0,0.9923037455,0,1509000000.0,90000000.0,1509000000.0,-3852000000.0,-2343000000.0,30000000.0,836000000.0,79000000.0,93000000.0,0.0,0.0,1525000000.0,0.3912262699,-122000000.0,1206000000.0,0.3093894305,321000000.0,816000000.0,0.2093381221,0.71,0.71,1152545000,1155981000,https://www.sec.gov/Archives/edgar/data/1390777/000144530513002040/0001445305-13-002040-index.htm,https://www.sec.gov/Archives/edgar/data/1390777/000144530513002040/bkq2201310-q.htm,3.382080526139977,0.7079983861801491,1.5487464697690765,1.434217319063464,216.440138996742,32.04300049021947,11.50150319510301,31.132840800142297,28.0518331171451,32812956150.0,-61170043850.0,10.052989016544116,8.417895369420215,18.38260848739496,19.85054818511797,0.914468428459952,0.914468428459952,-15.692674153412009,0.0,-34.26893212885154,-37.00547117362371,0.0248682257176027,0.0503764425382319,0.8988350705088902,0.089463391631184,0.0,0.8960423940835235,19.303797468354432,2.1124260355029585,0.0057599199272388,0.2316176470588235,0.3871216008209338,0.0,0.0656717659949237,0.0739495798319327,0.0338635197537198,0.353887399463807,0.0,22.269823157882183,0.0136089604995743,0.0024225870617225,-57.58972534694958,-30250000000.0,13256000000.0,-62840000000.0,-4980000000.0,10371500000.0,15126500000.0,0.0,238.34530528476145,45801.0,0.0,0.3776034098614744,0.0019650225977598,0.0,0.0227412072905635,0.1145291507056123,2013-07-17,0.57,bmo,3700403225.0,2025-04-25,2013-06-30,0.0877192982456141,28.71703125,5952815.390625
2013-03-31,BK,USD,1390777,2013-05-09,2013-05-09 07:11:03,2013,Q1,3507000000.0,22000000.0,3485000000.0,0.9937268321,0,1472000000.0,68000000.0,1472000000.0,-3821000000.0,-2349000000.0,22000000.0,815000000.0,96000000.0,86000000.0,0.0,0.0,1136000000.0,0.3239235814,-125000000.0,809000000.0,0.2306814942,1046000000.0,-253000000.0,-0.0721414314,-0.22,-0.22,1152048403,1158819000,https://www.sec.gov/Archives/edgar/data/1390777/000144530513001220/0001445305-13-001220-index.htm,https://www.sec.gov/Archives/edgar/data/1390777/000144530513001220/bkq1201310-q.htm,3.044142929123092,-0.2196088283627437,-2.3818443676971097,-2.4912147723362628,215.2340121771776,31.833731902669022,11.221750723610873,30.979601123582302,25.53625344507335,32107588991.61,-62022411008.39,-31.7268665925,9.155286282181352,-11.70101639635933,-11.187313237494774,0.8996242362457271,0.8996242362457271,-17.685318223093812,0.0,22.60291946369897,21.61059617017073,-0.0078797570277267,-0.0893869670734217,0.8216026898290838,0.0823813992167263,0.0,0.919783839752068,11.833333333333334,10.84584980237154,0.0051701172592989,-0.6561264822134387,0.4197319646421443,0.0,0.0667131161818498,-0.0459183673469387,0.0359281437125748,0.3783783783783784,0.0,,-0.0040285688544756,-0.0007615985743356,-55.1131357282043,-22622000000.0,12928000000.0,-59877000000.0,2748000000.0,10360500000.0,15540500000.0,0.0,267.4080410607357,61306.36363636364,0.0,0.3365642994241842,0.0014680368343787,0.0,-0.0070888203978705,0.109370404639153,2013-04-17,0.52,bmo,3857360000.0,2025-04-25,2013-03-31,0.096153846153846,27.546333333333333,6093142.416666667
2012-12-31,BK,USD,1390777,2013-02-28,2013-02-28 16:48:10,2012,Q4,3617000000.0,0.0,3617000000.0,1.0,0,1457000000.0,88000000.0,1457000000.0,-3875000000.0,-2418000000.0,-2418000000.0,725000000.0,118000000.0,96000000.0,0.0,0.0,1199000000.0,0.3314901852,-142000000.0,853000000.0,0.235830799,207000000.0,613000000.0,0.1694774675,0.53,0.53,1163490341,1163490341,https://www.sec.gov/Archives/edgar/data/1390777/000119312513084562/0001193125-13-084562-index.htm,https://www.sec.gov/Archives/edgar/data/1390777/000119312513084562/d448545d10k.htm,3.1087494863870124,0.5268629900899194,0.3059758963654345,0.1349388082285764,218.3052072281879,32.18075705537808,11.55230905350507,31.311819889014448,23.887606987877867,29901701763.7,-81170298236.3,12.194821273939642,8.266989705197679,83.99354428005617,190.45669913184716,0.8207763103867585,0.8207763103867585,-22.44133210846005,0.0,-228.00645571994383,-517.0082690210191,0.0205005054509696,0.0052505372851586,0.7596552386703631,0.0770912838797738,0.0,0.940887660658349,10.16101694915254,0.5606299212598426,0.0055849664116018,0.2724306688417618,0.4028200165883329,0.0,0.0668570155157525,0.5589887640449438,0.0550179706939452,0.5940298507462687,0.0511473596903511,19.26611996919388,0.0106993822169519,0.001829910832893,-51.41963615149599,-16663000000.0,13441000000.0,-56324000000.0,8997000000.0,5423000000.0,14885000000.0,0.0,256.3146253801493,0.0,0.0,0.351130958159402,0.0,0.0,0.0168263292251104,0.171037088136858,2013-01-16,0.53,bmo,3712000000.0,2025-04-25,2012-12-31,0.0,24.32935483870968,6673222.693548387
2012-09-30,BK,USD,1390777,2012-11-08,2012-11-08 16:33:08,2012,Q3,3566000000.0,27000000.0,3539000000.0,0.9924284913,0,1436000000.0,109000000.0,1436000000.0,-3679000000.0,-2243000000.0,27000000.0,877000000.0,128000000.0,95000000.0,0.0,0.0,1296000000.0,0.3634324173,-321000000.0,975000000.0,0.2734155917,225000000.0,709000000.0,0.1988222098,0.61,0.61,1169674000,1171534000,https://www.sec.gov/Archives/edgar/data/1390777/000119312512460557/0001193125-12-460557-index.htm,https://www.sec.gov/Archives/edgar/data/1390777/000119312512460557/d407090d10q.htm,3.0487127182445706,0.6061517995612453,0.7685902225748371,0.617266007451649,123.4968033828229,31.751582064746245,12.202545324594716,30.96418318266457,29.50480219274772,26820624820.0,-57483375180.0,9.457201981664316,7.521207184520471,29.83384295884316,37.14767980609418,0.7405330172842234,0.7405330172842234,-16.11984721817162,0.0,-63.94146293659622,-79.6168631301939,0.026434880050643,0.02691958165947,0.949334585012977,0.1011431294566163,0.0,0.5278071012034334,10.125,1.24,0.0059655582624864,0.2256699576868829,0.4026920919798093,0.0,0.067264019956228,0.1968854282536151,0.0496354458777341,0.5654952076677316,0.0,20.54999745882257,0.0126259920074353,0.002236042866424,-135.03356490782903,-129718000000.0,14273000000.0,-157809000000.0,-105162000000.0,586500000.0,13490000000.0,0.0,13.754907459338192,45583.333333333336,0.0,6.5431192660550455,0.0019744058500914,0.0,0.0195759014854492,0.1513242151231881,2012-10-17,0.54,bmo,3481578947.0,2025-04-25,2012-09-30,0.0555555555555553,22.19825396825397,6033149.063492063
2012-06-30,BK,USD,1390777,2012-08-08,2012-08-08 16:32:27,2012,Q2,3617000000.0,16000000.0,3601000000.0,0.9955764446,0,1727000000.0,103000000.0,1727000000.0,-4426000000.0,-2699000000.0,16000000.0,875000000.0,141000000.0,97000000.0,0.0,0.0,902000000.0,0.2493779375,-313000000.0,589000000.0,0.1628421344,93000000.0,458000000.0,0.1266242743,0.39,0.39,1181350000,1182985000,https://www.sec.gov/Archives/edgar/data/1390777/000119312512344134/0001193125-12-344134-index.htm,https://www.sec.gov/Archives/edgar/data/1390777/000119312512344134/d361650d10q.htm,3.0617513861260424,0.3876920472340965,0.2200871883861683,0.0956532780293731,123.89131078850468,29.95301985017141,10.592965674863503,29.231811063613662,26.89888686672028,25930632500.0,-62941367500.0,14.15427538209607,7.169099391761128,99.73320192307692,229.4746238938053,0.7508942895201691,0.7508942895201691,-17.401539259054466,0.0,-242.0821826923077,-557.0032522123894,0.0176625078466558,0.0043577803202447,0.9161092288535604,0.0957845241807783,0.0,0.5487947848683523,6.397163120567376,0.5579399141630901,0.0060160507075945,0.3406113537117904,0.4774675145147912,0.0,0.0692466763351428,0.5653846153846154,0.0406414155377384,0.4916387959866221,0.0,15.968442791997148,0.0103805904823967,0.0014898572599638,-125.33796080755069,-120849000000.0,12514000000.0,-147911000000.0,-96267000000.0,613500000.0,13132000000.0,0.0,15.626209565938623,74840.625,0.0,5.759554140127388,0.0012025554302893,0.0,0.013262676280659,0.1244339103567951,2012-07-18,0.53,bmo,3363175438.0,2025-04-25,2012-06-30,0.0754716981132074,21.92126984126984,7946895.380952381
2012-03-31,BK,USD,1390777,2012-05-09,2012-05-09 16:32:08,2012,Q1,3545000000.0,0.0,3545000000.0,1.0,0,1453000000.0,101000000.0,1453000000.0,1207000000.0,2660000000.0,2660000000.0,912000000.0,147000000.0,299000000.0,1184000000.0,0.3339915374,885000000.0,0.2496473907,0.0,885000000.0,0.2496473907,254000000.0,619000000.0,0.1746121298,0.5167802829476745,0.5160770117384519,1193931000,1195558000,https://www.sec.gov/Archives/edgar/data/1390777/000119312512222178/0001193125-12-222178-index.htm,https://www.sec.gov/Archives/edgar/data/1390777/000119312512222178/d325416d10q.htm,3.0537778146308288,0.5167802829476745,0.0954829047909803,-0.0125635401040763,103.84435951491334,29.17170255232505,9.845627594894513,28.477357569239764,26.71846195466907,28809555030.0,-40654444970.0,11.67323947730956,7.901688159626988,252.715395,-1920.637002,0.8473398538235294,0.8473398538235294,-11.150423743828853,0.0,-356.6179383333333,2710.296331333333,0.0214165057168534,-0.0005206605927922,0.9339117647058824,0.1057837418254383,0.0,0.5245094117993777,8.319727891156463,0.1841680129240711,0.0054842915774114,0.2560777957860616,0.4547449259462424,0.0,0.0768700298831658,1.131578947368421,0.0353812397147558,0.431438127090301,0.0,18.19676015944215,0.0121104966514656,0.0022266731626337,-118.02001120667778,-112939000000.0,11755000000.0,-140758000000.0,-88150000000.0,5324500000.0,12815000000.0,0.0,14.786066922654964,48596.25,0.0,6.086811352253756,0.0018519947526815,0.0,0.0181470588235294,0.1080464448950567,2012-04-18,0.52,bmo,3756000000.0,2025-04-25,2012-03-31,0.0,22.011129032258065,8589105.774193548
2011-12-31,BK,USD,1390777,2012-02-28,2012-02-28 16:30:16,2011,Q4,3444000000.0,0.0,3444000000.0,1.0,0,1382000000.0,96000000.0,1382000000.0,-3852000000.0,-2470000000.0,-2470000000.0,925000000.0,145000000.0,106000000.0,0.0,0.0,974000000.0,0.2828106852,-285000000.0,689000000.0,0.200058072,211000000.0,505000000.0,0.1466318235,0.42,0.42,1204994000,1205586000,https://www.sec.gov/Archives/edgar/data/1390777/000119312512085349/0001193125-12-085349-index.htm,https://www.sec.gov/Archives/edgar/data/1390777/000119312512085349/d260593d10k.htm,2.8581055175378465,0.4190892236807818,2.4016717095686784,2.3502191712157905,188.10882045885705,28.38271393882459,8.430747373015965,27.73208829255581,23.675636559186188,23991430540.0,-78363569460.0,11.876945811881187,6.966152886178862,8.290058928818244,8.471550331920904,0.717940884579705,0.717940884579705,-22.753649668989546,0.0,-27.07794383552177,-27.6707519279661,0.021049182505313,0.1180421482278146,0.8493880360295658,0.0872639624184513,0.0,0.930912509548152,6.7172413793103445,5.7306930693069305,0.0065856848234444,0.3128712871287128,0.4012775842044134,0.0,0.0739148881223367,0.0214236351071181,0.0180023228803716,0.2831050228310502,0.0,16.1709596331021,0.0088609894734782,0.0016764932409104,-47.18488224837634,-17637000000.0,10159000000.0,-53417000000.0,8086000000.0,5347500000.0,12884000000.0,0.0,262.630662020906,0.0,0.0,0.3426865671641791,0.0,0.0,0.015112068707544,0.051452538352888,2012-01-18,0.53,bmo,4742238095.0,2025-04-25,2011-12-31,-0.2075471698113208,19.635873015873013,10547671.476190476
2011-09-30,BK,USD,1390777,2011-11-08,2011-11-08 16:33:04,2011,Q3,3694000000.0,26000000.0,3668000000.0,0.9929615593,0,1570000000.0,100000000.0,1670000000.0,0.0,3017000000.0,3043000000.0,928000000.0,153000000.0,191000000.0,0.0,0.0,651000000.0,0.1762317271,294000000.0,945000000.0,0.2558202491,281000000.0,640000000.0,0.1732539253,0.53,0.53,1214126000,1214126000,https://www.sec.gov/Archives/edgar/data/1390777/000119312511302242/0001193125-11-302242-index.htm,https://www.sec.gov/Archives/edgar/data/1390777/000119312511302242/d233067d10q.htm,3.0425178276389766,0.5271281563857458,-1.3837114105125827,-1.5591462500597135,126.12529506822192,28.43938767475533,9.145673513292689,27.75247379596516,25.47099724410811,22570602340.0,-74103397660.0,8.816641539062498,6.110071017866811,-13.434882345238094,-11.923191938721606,0.669850195577979,0.669850195577979,-20.060475814834867,0.0,44.10916527380952,39.14601038563127,0.0283554683370492,-0.0838701586906785,0.9132512242172428,0.0955097505485944,0.0,0.6166248972472281,4.254901960784314,-2.5806451612903225,0.0071331725035389,0.2515625,0.4250135354629128,0.0,0.0727062234044204,-0.1267857142857142,0.0576610720086626,1.1151832460732984,0.0,18.14262888371594,0.0057454998143821,0.0021421733687684,-110.40225643796444,-95608000000.0,11104000000.0,-133881000000.0,-70478000000.0,636500000.0,12304500000.0,0.0,15.714672441797507,45335.769230769234,0.0,5.727131782945737,0.001985187447507,0.0,0.0189939160112776,0.175434839547131,2011-10-19,0.52,bmo,3255728813.0,2025-04-25,2011-09-30,0.1346153846153845,22.01484375,13584504.21875
2011-06-30,BK,USD,1390777,2011-08-08,2011-08-08 16:34:53,2011,Q2,4066000000.0,27000000.0,4039000000.0,0.9933595671,0,1666000000.0,109000000.0,1666000000.0,0.0,3088000000.0,3115000000.0,926000000.0,195000000.0,108000000.0,0.0,0.0,735000000.0,0.1807673389,299000000.0,1034000000.0,0.2543039843,277000000.0,735000000.0,0.1807673389,0.59,0.59,1230406000,1233710000,https://www.sec.gov/Archives/edgar/data/1390777/000119312511214307/0001193125-11-214307-index.htm,https://www.sec.gov/Archives/edgar/data/1390777/000119312511214307/d10q.htm,3.304600270154729,0.5973637969905868,0.4640744599750001,0.299088268425219,119.27038717301444,28.220766153611084,8.954767775839844,27.51205699582089,22.061010755799305,31523001720.0,-63797998280.0,10.722109428571429,7.752828755533694,55.20665800350263,85.66033076086957,0.9312280795249772,0.9312280795249772,-15.69060459419577,0.0,-111.73029471103328,-173.36412576086957,0.0233163074547457,0.0116740151610155,0.7961064665741041,0.0884426299449305,0.0,0.6243920418919148,3.769230769230769,0.7768707482993197,0.0051391045002296,0.2204081632653061,0.4097393015248401,0.0,0.0777963020091498,0.3555166374781086,0.0499262174126906,1.1092896174863387,0.0,19.229688080569915,0.0070544536190356,0.0026156490546296,-99.77275793518562,-88657000000.0,11018000000.0,-122604000000.0,-63223000000.0,587000000.0,11031000000.0,0.0,13.900639449090017,38373.333333333336,0.0,6.474522292993631,0.0023453787352328,0.0,0.0217128002126968,0.1649861915497811,2011-07-19,0.55,bmo,3588983050.0,2025-04-25,2011-06-30,0.0727272727272725,27.897936507936507,7453729.952380952
2011-03-31,BK,USD,1390777,2011-05-09,2011-05-09 16:32:37,2011,Q1,3646000000.0,0.0,3646000000.0,1.0,0,1546000000.0,111000000.0,1657000000.0,1040000000.0,2697000000.0,2697000000.0,848000000.0,150000000.0,183000000.0,1132000000.0,0.3104772353,949000000.0,0.2602852441,0.0,949000000.0,0.2602852441,279000000.0,625000000.0,0.1714207351,0.5064517906514672,0.50473074028252,1234076000,1238284000,https://www.sec.gov/Archives/edgar/data/1390777/000119312511132389/0001193125-11-132389-index.htm,https://www.sec.gov/Archives/edgar/data/1390777/000119312511132389/d10q.htm,2.954437165944399,0.5064517906514672,0.34519754050804,0.212304590641095,92.4205640495399,27.664422612545746,8.400617141894017,26.94971784557839,19.442076500961043,36861850120.0,-26767149880.0,14.744740048,10.110216708721888,86.53016460093897,140.6940844274809,1.1083603980997054,1.1083603980997054,-7.341511212287438,0.0,-62.83368516431925,-102.16469419847328,0.0169551988835442,0.0071076193719817,0.7163389259726983,0.0894146612421371,0.0,0.5737372523692945,3.698224852071006,0.6816,0.0030383716399311,0.1792,0.4393856280855732,0.0,0.0892232514149314,0.3849765258215962,0.0449808008776741,0.8961748633879781,0.0,17.524168720941145,0.0061158706500148,0.0025755034594162,-95.48885157802276,-85143000000.0,10367000000.0,-117704000000.0,-59708000000.0,5223000000.0,10256000000.0,0.0,13.477783872737248,36519.23076923077,0.0,6.677655677655678,0.0024644549763033,0.0,0.0187924709844248,0.132892949866945,2011-04-19,0.57,bmo,4156439999.0,2025-04-25,2011-03-31,-0.1228070175438595,30.65854838709677,7014313.435483871
2010-12-31,BK,USD,1390777,2011-02-28,2011-02-28 16:16:42,2010,Q4,3647000000.0,0.0,3647000000.0,1.0,0,1417000000.0,104000000.0,1417000000.0,-3826000000.0,-2409000000.0,-2409000000.0,913000000.0,193000000.0,115000000.0,0.0,0.0,1238000000.0,0.339457088,-268000000.0,970000000.0,0.2659720318,265000000.0,679000000.0,0.1861804223,0.55,0.54,1232568000,1235670000,https://www.sec.gov/Archives/edgar/data/1390777/000119312511049932/0001193125-11-049932-index.htm,https://www.sec.gov/Archives/edgar/data/1390777/000119312511049932/d10k.htm,2.958863121547858,0.550882385393747,0.9419358607395292,0.8526912916772138,127.13781308617456,26.90074705817448,6.91483147380104,26.249261704019577,20.428893172628204,37223553600.0,-10213446400.0,13.705284830633286,10.206622868110776,32.061631007751934,35.41727269267364,1.1505085491747544,1.1505085491747544,-2.8005062791335344,0.0,-8.797111455641689,-9.717836726926736,0.0182411385891969,0.0282348109826891,0.7723001792668603,0.1010559777399407,0.0,0.9221776227764252,6.414507772020725,1.8605769230769231,0.0030088476023417,0.1649484536082474,0.3885385248149163,0.0,0.0996283249548044,0.094745908699397,0.0301617768028516,0.5092592592592593,0.0,18.03762062475365,0.0127616194867834,0.0030499719258843,-40.54218509648149,-14192000000.0,8523000000.0,-45930000000.0,12135000000.0,5240000000.0,4981000000.0,0.0,244.3103921030984,0.0,0.0,0.3683838383838383,0.0,0.0,0.0209865858935525,0.0892445690623154,2011-01-19,0.57,bmo,3623847457.0,2025-04-25,2010-12-31,0.0350877192982456,27.4909375,7981791.78125
2010-09-30,BK,USD,1390777,2010-11-08,2010-11-08 16:27:37,2010,Q3,3467000000.0,24000000.0,3443000000.0,0.9930775887,0,1813000000.0,94000000.0,1907000000.0,0.0,2774000000.0,2798000000.0,875000000.0,157000000.0,111000000.0,0.0,0.0,625000000.0,0.1802711278,-3000000.0,834000000.0,0.2405537929,220000000.0,617000000.0,0.1779636573,0.51,0.51,1219607843,1219607843,https://www.sec.gov/Archives/edgar/data/1390777/000119312510252141/0001193125-10-252141-index.htm,https://www.sec.gov/Archives/edgar/data/1390777/000119312510252141/d10q.htm,2.842717042120563,0.5059003216003425,2.48522508066554,2.4540675243919368,65.39069132568706,26.934887462838333,7.3458038593475985,26.36339228592514,15.665691320090994,31868352937.59,-28933647062.410004,12.912622746187196,9.191910279085665,10.514138217614647,10.647628779682591,0.9911471071934188,0.9911471071934188,-8.34544189858956,0.0,-9.545907971761796,-9.667105600537925,0.0193609001760559,0.0939176243548387,0.5893384754144247,0.0745562782059907,0.0,0.0,3.9808917197452223,4.8496,0.0034203211007943,0.1766612641815235,0.5229304874531295,0.0,0.0940009521673611,0.0125371164632134,0.0109604845687914,0.2435897435897435,0.0,17.323050952656235,51.1257660538236,0.0026795097843363,-115.7101447075558,0.0,8959000000.0,-221307000000.0,25568000000.0,3294000000.0,0.0,0.0,15.056244591866166,0.0,0.0,5.977586206896552,0.0,0.0,0.0191895002021584,0.0311575562736029,2010-10-19,0.54,bmo,3360763636.0,2025-04-25,2010-09-30,0.0185185185185185,25.4446875,7226321.859375
2010-06-30,BK,USD,1390777,2010-08-06,2010-08-06 16:09:12,2010,Q2,3358000000.0,30000000.0,3328000000.0,0.9910661108,0,1490000000.0,106000000.0,1596000000.0,0.0,2660000000.0,2690000000.0,862000000.0,140000000.0,98000000.0,0.0,0.0,668000000.0,0.1989279333,-10000000.0,1006000000.0,0.2995830852,304000000.0,658000000.0,0.1959499702,0.54,0.54,1204557000,1208830000,https://www.sec.gov/Archives/edgar/data/1390777/000119312510181371/0001193125-10-181371-index.htm,https://www.sec.gov/Archives/edgar/data/1390777/000119312510181371/d10q.htm,2.787746864614958,0.5462589151032288,-1.1066309024811611,-1.1381777699187337,76.01964871732928,25.82277135909716,8.007093064089121,25.234173227169823,17.953488294866908,29740512330.0,-28497487670.0,11.299586751519758,8.856614749851103,-22.310961987997,-21.692569168490152,0.978435068101066,0.978435068101066,-8.486446596188207,0.0,21.3784603675919,20.785913690736688,0.0221247029203413,-0.0460987351121398,0.7068693249111725,0.0911609593836049,0.0,0.6225259485171379,4.771428571428571,-1.995508982035928,0.0036986585429142,0.1671732522796352,0.4437164979154258,0.0,0.0910506463917044,-0.0285071267816954,0.0113162596783799,0.2638888888888889,0.0,17.611042616452792,0.0058961669282038,0.0030714222365368,-90.08457051015436,-60152000000.0,9645000000.0,-105386000000.0,-37144000000.0,3378000000.0,0.0,0.0,161.02441929720072,0.0,0.0,0.5589214380825566,0.0,0.0,0.02164758520858,0.0315468674375724,2010-07-20,0.54,bmo,3281236363.0,2025-04-25,2010-06-30,0.0185185185185185,29.01333333333333,11006323.26984127
2010-03-31,BK,USD,1390777,2010-05-07,2010-05-07 16:29:55,2010,Q1,3385000000.0,26000000.0,3359000000.0,0.9923190547,0,1462000000.0,109000000.0,1571000000.0,0.0,2752000000.0,2778000000.0,883000000.0,118000000.0,97000000.0,0.0,0.0,601000000.0,0.1775480059,-42000000.0,889000000.0,0.2626292467,257000000.0,559000000.0,0.165140325,0.46,0.46,1215217391,1215217391,https://www.sec.gov/Archives/edgar/data/1390777/000119312510112944/0001193125-10-112944-index.htm,https://www.sec.gov/Archives/edgar/data/1390777/000119312510112944/d10q.htm,2.7855098396958344,0.4600000001152057,0.9800715565960824,0.9438640431701986,64.58926656358229,25.061359576938443,7.347656531357194,24.426082295920665,17.942468698590243,37525913034.08,-8985086965.919998,16.782608691449017,11.085941812135896,31.507903471099915,32.716576315675674,1.2642223843304248,1.2642223843304248,-2.654383150936484,0.0,-7.544153623778336,-7.83355446026155,0.0148963730607255,0.0305655454394494,0.7305865310110164,0.0983264641738192,0.0,0.542503080925647,5.093220338983051,1.981697171381032,0.0029046595055797,0.1949910554561717,0.4319054652880355,0.0,0.0976010083835484,0.0369437447523089,0.0129985228951255,0.3893805309734513,0.0,15.899998485097235,0.0054511743298702,0.0028086923753297,-91.37871200857428,-66822000000.0,8929000000.0,-110858000000.0,-43713000000.0,5150500000.0,5360500000.0,0.0,19.887740029542098,0.0,0.0,4.525401069518717,0.0,0.0,0.0188323282687059,0.0362075134258838,2010-04-20,0.53,bmo,3017406779.0,2025-04-25,2010-03-31,0.1132075471698112,29.20229508196721,7382258.24590164
2009-12-31,BK,USD,1390777,2010-02-26,2010-02-26 16:21:31,2009,Q4,2862000000.0,0.0,2862000000.0,1.0,0,482000000.0,109000000.0,165000000.0,-2345000000.0,-2180000000.0,-2180000000.0,854000000.0,130000000.0,191000000.0,0.0,0.0,682000000.0,0.2382948987,-10000000.0,672000000.0,0.2348008386,-41000000.0,593000000.0,0.2071977638,0.49,0.49,1200603000,1215217391,https://www.sec.gov/Archives/edgar/data/1390777/000119312510042948/0001193125-10-042948-index.htm,https://www.sec.gov/Archives/edgar/data/1390777/000119312510042948/d10k.htm,2.383802139424939,0.493918472634168,1.0519713843793497,1.0219864518079664,103.28310024212831,24.15702776021716,5.473083109071025,24.13537197558227,17.658626540163567,33580865910.0,-12744134090.0,14.15719473440135,11.733356362683438,26.588175700712583,27.368268875305624,1.1588800051765191,1.1588800051765191,-4.452877040531098,0.0,-10.090367450514648,-10.386417351263244,0.0176588656644321,0.0365386647053259,0.7271629223177003,0.0992866028347406,0.0,0.8743548501702098,5.246153846153846,2.8574660633484164,0.0032161171867768,0.1821247892074199,0.1684136967155835,0.0,0.1056996381182147,0.0285035629453681,0.0125786163522012,0.1884816753926701,0.0,16.377435281793506,0.0119063779357897,0.0031244731074017,-43.35675489733076,-19451000000.0,6571000000.0,-47863000000.0,4583000000.0,5126000000.0,5360500000.0,0.0,300.40880503144655,0.0,0.0,0.2995917512823197,0.0,0.0,0.0204645063326086,0.0299849325713828,2010-01-20,0.51,bmo,3077618181.0,2025-04-25,2009-12-31,0.0784313725490196,27.3771875,10190434.890625
2009-09-30,BK,USD,1390777,2009-11-06,2009-11-06 16:21:23,2009,Q3,-1604000000.0,0.0,-1604000000.0,1.0,0,1157000000.0,104000000.0,1157000000.0,-1992000000.0,-835000000.0,-835000000.0,829000000.0,113000000.0,104000000.0,0.0,0.0,-2439000000.0,1.5205735661,-1526000000.0,-3965000000.0,2.4719451372,-1527000000.0,-2458000000.0,1.5324189526,-2.05,-2.05,1197414000,1197414000,https://www.sec.gov/Archives/edgar/data/1390777/000119312509227567/0001193125-09-227567-index.htm,https://www.sec.gov/Archives/edgar/data/1390777/000119312509227567/d10q.htm,-1.3395534042528314,-2.0527570247216085,1.8414683643251208,1.7621307250458071,66.43316346727197,23.64762730350572,5.61209406270513,23.630089509559767,18.034698107755545,34713031860.0,-11492968140.0,-3.5306175610252235,-21.641541059850372,15.742871591836732,16.451673867298577,1.2268256532956352,1.2268256532956352,7.1651921072319205,0.0,-5.212230448979592,-5.446904331753554,-0.0708091419358954,0.0607840884803658,0.7592154090828769,0.1013268429815996,0.0,0.5409995213407851,-21.58407079646018,-0.9044298605414274,0.0032264539856876,-0.0455655004068348,-0.7213216957605985,0.0,0.1018645610758135,0.0430839002267573,-0.0592269326683291,0.4922279792746113,0.0,,-0.0225884566228751,-0.0129089180772119,-86.53544221129869,-68084000000.0,6720000000.0,-103444000000.0,-44806000000.0,614000000.0,0.0,0.0,-39.22069825436409,0.0,0.0,-2.2947067238912733,0.0,0.0,-0.0868704718148082,0.0793376392793135,2009-10-20,0.48,bmo,1339555555.0,2025-04-25,2009-09-30,0.2291666666666666,28.69609375,10507495.640625
2009-06-30,BK,USD,1390777,2009-08-07,2009-08-07 16:48:41,2009,Q2,2851000000.0,18000000.0,2833000000.0,0.9936864258,0,1153000000.0,106000000.0,1153000000.0,0.0,2672000000.0,2690000000.0,845000000.0,145000000.0,108000000.0,0.0,0.0,267000000.0,0.0936513504,-91000000.0,513000000.0,0.1799368643,12000000.0,412000000.0,0.144510698,0.35,0.35,1171081000,1174466000,https://www.sec.gov/Archives/edgar/data/1390777/000119312509169196/0001193125-09-169196-index.htm,https://www.sec.gov/Archives/edgar/data/1390777/000119312509169196/d10q.htm,2.4345028226057805,0.3518117021794393,0.6301869810884132,0.5780983552802923,63.9964272326167,23.3152104764743,4.770805776884775,23.291300943316475,18.08841574579384,34324384110.0,-8283615890.0,20.82790297936893,12.03941918975798,46.51000556910569,50.700715081240766,1.2584097415310165,1.2584097415310165,-2.905512413188355,0.0,-11.22441177506775,-12.235769409158053,0.0120031286994008,0.0197235876929475,0.7713007772400645,0.1036293421078557,0.0,0.5292781104924332,1.8413793103448275,1.3616236162361623,0.003991331630626,0.3325242718446602,0.4044195019291476,0.0,0.1069739719819518,0.0826558265582655,0.0213960014030164,0.3485714285714286,0.0,13.578233507858796,0.0041558457536164,0.002272539231639,-85.70393508220182,-67124000000.0,5587000000.0,-100234000000.0,-43722000000.0,514500000.0,0.0,0.0,16.699403717993686,0.0,0.0,5.389413988657845,0.0,0.0,0.0151048540841765,0.0520886258081208,2009-07-22,0.52,bmo,3006823529.0,2025-04-25,2009-06-30,-0.0192307692307692,28.414285714285715,17023050.714285713
2009-03-31,BK,USD,1390777,2009-05-08,2009-05-08 16:50:59,2009,Q1,2930000000.0,18000000.0,2912000000.0,0.9938566553,0,1413000000.0,107000000.0,1520000000.0,0.0,2590000000.0,2608000000.0,998000000.0,206000000.0,152000000.0,0.0,0.0,322000000.0,0.1098976109,186000000.0,508000000.0,0.1733788396,138000000.0,322000000.0,0.1098976109,0.28,0.28,1146070000,1146943000,https://www.sec.gov/Archives/edgar/data/1390777/000119312509105511/0001193125-09-105511-index.htm,https://www.sec.gov/Archives/edgar/data/1390777/000119312509105511/d10q.htm,2.5565628626523687,0.2809601507761306,-0.3708324971424084,-0.4807734257069812,75.34880068407689,24.63811111014161,5.859153454850053,24.61455233973492,16.62812917186559,32376477500.0,-23743522500.0,25.13701669254658,11.049992320819111,-76.17994705882353,-58.75948729582577,1.1476950549450549,1.1476950549450549,-8.103591296928327,0.0,55.86711176470588,43.09169237749546,0.0099454920628718,-0.0170185283436099,0.6682382133995037,0.0926439221930626,0.0,0.5965438848327919,1.5631067961165048,-1.148648648648649,0.009729285713679,0.9782608695652174,0.4822525597269624,0.0,0.1057706484239082,-0.2964705882352941,0.0430034129692832,0.8289473684210527,0.0,12.474110692743784,0.0039241622865409,0.0017696585987821,-77.23001212840403,-58742000000.0,6715000000.0,-88386000000.0,-35502000000.0,6009000000.0,4637000000.0,0.0,15.358361774744028,0.0,0.0,5.86,0.0,0.0,0.0114143920595533,0.1099409285645728,2009-04-21,0.63,bmo,3460245283.0,2025-04-25,2009-03-31,-0.1587301587301587,24.72360655737705,16353228.62295082
2008-12-31,BK,USD,1390777,2009-02-27,2009-02-27 16:35:04,2008,Q4,2763000000.0,0.0,2763000000.0,1.0,0,1154000000.0,0.0,1154000000.0,-3436000000.0,-2282000000.0,-2282000000.0,1551000000.0,481000000.0,116000000.0,0.0,0.0,481000000.0,0.1740861383,-49000000.0,-49000000.0,-0.0177343467,-135000000.0,61000000.0,0.022077452,0.02,0.02,1144839000,1150753000,https://www.sec.gov/Archives/edgar/data/1390777/000119312509041050/0001193125-09-041050-index.htm,https://www.sec.gov/Archives/edgar/data/1390777/000119312509041050/d10k.htm,2.413439793717719,0.053282601309005,1.2062831542251793,1.0944770400030048,122.42158067640952,24.53532767489577,5.003323611442307,24.501261749468703,16.256434310850697,32433288870.0,-47996711130.0,132.9233150409836,11.738432453854504,23.48536485879797,25.884508276137268,1.1562669828877004,1.1562669828877004,-17.37123095548317,0.0,-34.755040644460536,-38.30543585794094,0.0018807836678081,0.0386331464879281,0.6463458110516934,0.0763329852807437,0.0,0.8902175563159063,1.0,22.639344262295083,0.0092189232241743,4.901639344262295,0.417661961635903,0.0,0.0941468220553066,0.0926864590876176,0.0463264567499095,0.6736842105263158,0.0,5.41973676765778,-0.0124594734286654,0.0002835218056155,-52.96072198798259,-18802000000.0,5728000000.0,-56959000000.0,5245000000.0,8861500000.0,10122500000.0,0.0,375.17915309446255,0.0,0.0,0.2398853967702726,0.0,0.0,0.0021746880570409,0.1118061142221744,2009-01-20,0.69,bmo,7057714285.0,2025-04-25,2008-12-31,-0.5942028985507246,28.79625,11036122.09375
2008-09-30,BK,USD,1390777,2008-11-07,2008-11-07 12:54:06,2008,Q3,3626000000.0,8000000.0,3618000000.0,0.9977937121,0,1218000000.0,133000000.0,1218000000.0,36000000.0,36000000.0,44000000.0,1339000000.0,636000000.0,223000000.0,0.0,0.0,305000000.0,0.084114727,-40000000.0,264000000.0,0.0728075014,-41000000.0,303000000.0,0.083563155,0.26,0.26,1143445000,1147586000,https://www.sec.gov/Archives/edgar/data/1390777/000119312508229568/0001193125-08-229568-index.htm,https://www.sec.gov/Archives/edgar/data/1390777/000119312508229568/d10q.htm,3.171118855738579,0.264988696439269,-0.2781069487382427,-0.3349527087004622,99.1836074319272,24.061498366777588,3.983575948121685,24.061498366777588,31.893094989264892,37253438100.0,-24475561900.0,30.737160148514853,10.273976309983452,-117.14917641509432,-97.26746240208875,1.3540303892705263,1.3540303892705263,-6.750017071152786,0.0,76.96717578616352,63.90486135770235,0.0081334774843237,-0.0102809302854653,1.3023661541816596,0.1339463945273074,0.0,0.5906554608570271,0.4795597484276729,-1.0495049504950495,0.0074355553239527,0.9141914191419142,0.3359073359073359,0.0,0.0858210908003439,-0.2044025157232704,0.0179260893546607,0.2914798206278027,0.0,11.977502429481277,0.0042778092319192,0.0012390002944159,-106.63586792543586,-82898000000.0,4555000000.0,-120381000000.0,-58262000000.0,5481000000.0,10283500000.0,0.0,154.0126861555433,123423.75,0.0,0.5843674456083804,0.0007291951508522,0.0,0.011012975684222,0.0568457599622194,2008-10-16,0.66,bmo,3306416666.0,2025-04-25,2008-09-30,0.0909090909090908,35.61578125,14154481.390625
2008-06-30,BK,USD,1390777,2008-08-08,2008-08-08 10:46:34,2008,Q2,3397000000.0,18000000.0,3379000000.0,0.9947012069,0,1391000000.0,0.0,1391000000.0,34000000.0,34000000.0,52000000.0,1092000000.0,681000000.0,243000000.0,0.0,0.0,302000000.0,0.0889019723,7000000.0,614000000.0,0.1807477186,312000000.0,309000000.0,0.0909626141,0.27,0.27,1135153000,1142936000,https://www.sec.gov/Archives/edgar/data/1390777/000119312508171298/0001193125-08-171298-index.htm,https://www.sec.gov/Archives/edgar/data/1390777/000119312508171298/d10q.htm,2.992548141087589,0.272210001647355,0.8333678367585691,0.7919637264756381,58.12079957503526,25.167532482405456,4.549166500022464,25.167532482405456,17.83724308529335,42942837990.0,18623837990.0,34.74339643203883,12.641400644686488,45.39412049682876,47.767339254727474,1.5031270954531135,1.5031270954531135,5.482436853105681,0.0,19.68693233615222,20.71617129032258,0.0071956119917355,0.0209348064096124,0.6849032167734257,0.097239408622189,0.0,0.5078183332376084,0.4434654919236417,3.0915032679738563,0.0064504353453422,0.8964401294498382,0.4094789520164851,0.0,0.1163125854143371,0.0496828752642706,0.0138357374153665,0.1934156378600823,0.0,12.41548292722227,0.0023056378209138,0.0017377122933303,-90.83555256427988,-68555000000.0,5164000000.0,-101923000000.0,-43452000000.0,2740000000.0,8661500000.0,0.0,126.03179275831614,47980.0,0.0,0.7141055286945553,0.0018757815756565,0.0,0.010815919353145,0.041404110282931,2008-07-17,0.75,bmo,3780223880.0,2025-04-25,2008-06-30,-0.1066666666666666,42.71453125,8415857.390625
2008-03-31,BK,USD,1390777,2008-05-09,2008-05-09 11:55:51,2008,Q1,3745000000.0,30000000.0,3715000000.0,0.9919893191,0,1398000000.0,130000000.0,1528000000.0,36000000.0,36000000.0,66000000.0,1656000000.0,889000000.0,231000000.0,0.0,0.0,749000000.0,0.2,-3000000.0,1110000000.0,0.2963951936,361000000.0,746000000.0,0.1991989319,0.65,0.65,1134280000,1143761000,https://www.sec.gov/Archives/edgar/data/1390777/000119312508109227/0001193125-08-109227-index.htm,https://www.sec.gov/Archives/edgar/data/1390777/000119312508109227/d10q.htm,3.301653912614169,0.6576859329266143,0.7978629615262546,0.7423211200056423,57.23542687872483,25.10403075078464,4.885037204217653,25.10403075078464,21.383608985435696,47333504400.0,25295504400.0,15.862434450402144,12.63912,52.30221480662983,56.21556342042755,1.6622828586479368,1.6622828586479368,6.754473805073431,0.0,27.950833591160222,30.04216674584323,0.0157605064204796,0.0177886681046164,0.8205794556628622,0.1140166394222558,0.0,0.456390397196749,0.84251968503937,1.2082777036048065,0.0058309648418932,0.3699731903485255,0.3732977303070761,0.0,0.1119086539634518,0.0696132596685082,0.016822429906542,0.2727272727272727,0.0,19.2740181955485,0.00788514581731,0.0040988785775902,-97.856569806397,-78189000000.0,5541000000.0,-110816000000.0,-53541000000.0,5659000000.0,7652500000.0,0.0,17.375166889185582,23181.0,0.0,5.179806362378977,0.0038824899702342,0.0,0.026198419666374,0.0555418415206121,2008-04-17,0.73,bmo,3776736111.0,2025-04-25,2008-03-31,-0.0136986301369863,45.32032786885246,8946487.655737706
2007-12-31,BK,USD,1390777,2008-02-28,2008-02-28 17:03:30,2007,Q4,3471000000.0,0.0,3471000000.0,1.0,0,1368000000.0,0.0,1368000000.0,-2953000000.0,-1585000000.0,-1585000000.0,1790000000.0,1038000000.0,376000000.0,0.0,0.0,1886000000.0,0.5433592625,-858000000.0,1028000000.0,0.2961682512,328000000.0,520000000.0,0.1498127341,0.46,0.45,1134280000,1147906000,https://www.sec.gov/Archives/edgar/data/1390777/000119312508041952/0001193125-08-041952-index.htm,https://www.sec.gov/Archives/edgar/data/1390777/000119312508041952/d10k.htm,3.06009098282611,0.4584405966780689,-0.244207779384279,-0.3156187184822089,91.25083753570549,25.92217089254858,5.422823288782311,25.92217089254858,22.94230701414113,55307492800.0,38834492800.0,26.590140769230768,15.93416675309709,-199.6660389891697,-154.4902033519553,1.881015297758732,1.881015297758732,11.188272198213772,0.0,-140.1967249097473,-108.47623687150838,0.0094019810639472,-0.0064729023478713,0.8497432234805972,0.1264064839923908,0.0,0.8501157068369559,1.8169556840077072,-0.5326923076923077,0.0049541207913876,0.5269230769230769,0.3941227312013829,0.0,0.1176387258671631,-0.2924187725631769,0.0233362143474503,0.2154255319148936,0.0,16.351909630111827,0.0190608116411806,0.0029815829912157,-50.0782434672215,-20467000000.0,6151000000.0,-52168000000.0,4516000000.0,7660500000.0,7747500000.0,0.0,274.7191011235955,0.0,0.0,0.3276073619631902,0.0,0.0,0.0176852702105227,0.0714109390979299,2008-01-17,0.69,bmo,3909313432.0,2025-04-25,2007-12-31,-0.0289855072463766,46.879375,6455711.234375
2007-09-30,BK,USD,1390777,2007-11-09,2007-11-09 12:45:24,2007,Q3,3600000000.0,0.0,3600000000.0,1.0,0,1280000000.0,0.0,1280000000.0,-2879000000.0,-1599000000.0,-1599000000.0,1778000000.0,1109000000.0,224000000.0,0.0,0.0,2001000000.0,0.5558333333,252000000.0,894000000.0,0.2483333333,252000000.0,640000000.0,0.1777777778,0.57,0.56,1125165000,1140797000,https://www.sec.gov/Archives/edgar/data/1390777/000119312507241880/0001193125-07-241880-index.htm,https://www.sec.gov/Archives/edgar/data/1390777/000119312507241880/d10q.htm,3.199530735492128,0.5688054640874894,2.846693596050357,2.744486364222136,40.21810134513605,25.735780974345985,5.900467931370065,25.735780974345985,18.1857771971222,50553663450.0,35738663450.0,19.747524785156248,14.042684291666667,15.783223056509522,16.37100500323834,1.745818401422799,1.745818401422799,9.927406513888888,0.0,11.157871823290664,11.573401376295337,0.0126598144688958,0.0610836048124223,0.668335808267431,0.1051953558150153,0.0,0.4198032775869165,1.8043282236248872,5.0046875,0.005419983069496,0.428125,0.3555555555555555,0.0,0.1213119387732915,0.0359038401498595,0.0319444444444444,0.5133928571428571,0.0,18.14854509092269,0.0211784779888522,0.0039590730820146,-94.40259872996404,-69073000000.0,6639000000.0,-105037000000.0,-45054000000.0,4766500000.0,7908500000.0,0.0,118.15,0.0,0.0,0.7617435463393991,0.0,0.0,0.0221017370583969,0.1022072318282207,2007-10-18,0.61,bmo,3277611940.0,2025-04-25,2007-09-30,0.098360655737705,42.91063492063492,7021067.666666667
2007-06-30,BK,USD,1390777,2007-08-08,2007-08-08 14:56:48,2007,Q2,2032000000.0,0.0,2032000000.0,1.0,0,752000000.0,0.0,752000000.0,-1419000000.0,-667000000.0,-667000000.0,1162000000.0,710000000.0,99000000.0,0.0,0.0,1365000000.0,0.6717519685,-707000000.0,658000000.0,0.3238188976,210000000.0,445000000.0,0.218996063,0.63,0.62,709783000,722661000,https://www.sec.gov/Archives/edgar/data/1390777/000119312507175390/0001193125-07-175390-index.htm,https://www.sec.gov/Archives/edgar/data/1390777/000119312507175390/d10q.htm,2.8628468137444827,0.6269521811595938,-1.4131079498945451,-1.4976408282531422,58.495342942843095,16.665656968397382,6.869705247941977,16.665656968397382,20.93315844420055,31173669360.0,19174669360.0,17.513297393258426,15.341372716535432,-31.080428075772684,-29.326123574788333,2.635359655084961,2.635359655084961,9.436353031496065,0.0,-19.11731740777667,-18.038259040451557,0.0142748675127412,-0.0340992902607728,1.1960436216079129,0.1119897413977345,0.0,0.5102207145689237,1.9225352112676053,-2.253932584269663,0.0053891634654843,0.3775280898876405,0.3700787401574803,0.0,0.055037084530566,-0.0598205383848454,0.0295275590551181,0.6060606060606061,0.0,15.332737025817416,0.0250636920746402,0.0037275925615681,-97.74783278833108,-44470000000.0,4876000000.0,-68178000000.0,-36398000000.0,2608000000.0,7319500000.0,0.0,212.90846456692915,0.0,0.0,0.422716871229457,0.0,0.0,0.0376194099247611,0.0845328783585969,2007-07-19,0.61,bmo,1967492063.0,2025-04-25,2007-06-30,0.0327868852459016,43.20714285714286,3871212.5714285714
2007-03-31,BK,USD,1390777,2007-03-31,2007-03-30 20:00:00,2007,Q1,1902000000.0,0.0,1902000000.0,1.0,0,720000000.0,4000000.0,720000000.0,-1386000000.0,-666000000.0,-666000000.0,1021000000.0,594000000.0,127000000.0,0.0,0.0,1236000000.0,0.6498422713,-591000000.0,645000000.0,0.3391167192,208000000.0,434000000.0,0.2281808623,0.61,0.6,710147000,719976000,,,2.6783187142943645,0.6111410736087035,2.8825017918825258,2.802236720003042,29.59950545450449,16.231850588680935,6.968979661957313,16.231850588680935,17.835743867114836,30522118060.0,26961118060.0,17.581865241935482,16.04738068349106,14.910658553981436,15.33774776884422,2.647880459790058,2.647880459790058,14.17514093585699,0.0,13.171039599413774,13.548300532663315,0.0142191966870335,0.0651986207539097,1.0472802984297735,0.1209037737360788,0.0,0.3221049783549783,2.080808080808081,4.716589861751152,0.0055042051691742,0.3870967741935484,0.3785488958990536,0.0,0.0658801378094704,0.0278456277479237,0.029968454258675,0.4488188976377952,0.0,14.939842314998073,0.0245626361273097,0.0046531574997319,-94.3385665221426,-45099000000.0,4949000000.0,-66892000000.0,-37457000000.0,4886000000.0,7002500000.0,0.0,19.35331230283912,0.0,0.0,4.65036674816626,0.0,0.0,0.0376507330615077,0.0802650718794841,2007-04-18,0.57,bmo,1835263157.0,2025-04-25,2007-03-31,0.0350877192982456,43.03131147540984,3745518.6885245903
2006-12-31,BK,USD,1390777,2006-12-31,2006-12-30 19:00:00,2006,Q4,-272000000.0,0.0,-272000000.0,1.0,0,736000000.0,0.0,736000000.0,2126000000.0,2862000000.0,2862000000.0,1057000000.0,606000000.0,144000000.0,0.0,0.0,2590000000.0,-9.5220588235,-1968000000.0,622000000.0,-2.2867647059,195000000.0,1789000000.0,-6.5772058824,2.38,2.34,750737000,763083000,,,-0.3623106360816104,2.3829916468750043,-1.971396108091116,-2.100602474634925,61.76730332992779,15.223706837414436,6.100671739903588,15.223706837414436,15.70989574245042,31328255010.0,26180255010.0,4.377900364728898,-115.177408125,-21.16773987162162,-19.86572923906151,2.741119521392948,2.741119521392948,-96.2509375367647,0.0,-17.68936149324324,-16.601303113506656,0.0571049999251139,-0.0503379457137533,0.9789132907515968,0.1084045501230548,0.0,0.7759450454526757,4.273927392739274,-0.8272778088317496,0.0052668110607287,0.092230296254891,-2.7058823529411766,0.0,0.0663624207894889,-0.0655405405405405,-0.3566176470588235,0.6736111111111112,0.0,28.570163459993207,0.0568294342071334,0.0185663729671949,-51.12809146212322,-16341000000.0,4580000000.0,-35185000000.0,-8442000000.0,4884500000.0,3733500000.0,0.0,-3098.051470588236,0.0,0.0,-0.0290505179963686,0.0,0.0,0.1565316300638726,0.1292063665438096,2007-01-17,0.55,bmo,1784072727.0,2025-04-25,2006-12-31,0.0545454545454543,38.54444444444445,3789888.222222222
2006-09-30,BK,USD,1390777,2006-09-30,2006-09-29 20:00:00,2006,Q3,1610000000.0,0.0,1610000000.0,1.0,0,644000000.0,0.0,644000000.0,-1169000000.0,-525000000.0,-525000000.0,960000000.0,609000000.0,131000000.0,0.0,0.0,1085000000.0,0.6739130435,-663000000.0,422000000.0,0.2621118012,124000000.0,352000000.0,0.2186335404,0.49,0.49,713946000,723272000,,,2.255072512486939,0.4930344872021133,3.0198362341129443,2.9624089216831524,38.14013945032257,14.66077266347875,8.115459712639332,14.66077266347875,15.693063621058176,26680162020.0,18450162020.0,18.948978707386363,16.571529204968943,12.374843237476806,12.614733815602836,2.548978887933505,2.548978887933505,11.45972796273292,0.0,8.557589063079778,8.723480860520095,0.0131933231790771,0.0792723821697391,1.0122289099073278,0.0993566900483889,0.0,0.4821774404606124,1.7816091954022988,6.125,0.0062968133354686,0.4772727272727273,0.4,0.0,0.0438219738174725,0.0190166975881261,0.0254658385093167,0.3129770992366412,0.0,12.752881908526115,0.0148825770973004,0.0034522326726361,-96.13402134054957,-29679000000.0,5794000000.0,-68533000000.0,-23997000000.0,400000000.0,196500000.0,0.0,22.695652173913043,0.0,0.0,3.9655172413793114,0.0,0.0,0.0336295022451514,0.0574273124297916,2006-10-19,0.55,bmo,1580727272.0,2025-04-25,2006-09-30,0.0181818181818181,35.84047619047619,2717445.0793650798
2006-06-30,BK,USD,1390777,2006-06-30,2006-06-29 20:00:00,2006,Q2,1724000000.0,0.0,1724000000.0,1.0,0,656000000.0,0.0,656000000.0,-1180000000.0,-524000000.0,-524000000.0,910000000.0,552000000.0,102000000.0,0.0,0.0,1200000000.0,0.6960556845,-609000000.0,591000000.0,0.3428074246,200000000.0,448000000.0,0.2598607889,0.59,0.59,756000000,765000000,,,2.2804232804232805,0.5925925925925926,2.7314814814814814,2.675925925925926,30.804232804232804,13.301587301587302,7.125661375661376,13.301587301587302,14.5,25802280000.000004,21224280000.000004,14.398593750000002,14.966519721577727,12.495050847457629,12.75446366782007,2.565859188544153,2.565859188544153,12.311067285382832,0.0,10.278101694915255,10.491487889273358,0.0173628066977026,0.0784039239943136,1.0352028639618138,0.0956089675884681,0.0,0.4004667207792208,2.1739130434782608,4.609375,0.0061622461270864,0.3549107142857143,0.3805104408352668,0.0,0.0428816781623974,0.0203389830508474,0.0243619489559164,0.4117647058823529,0.0,13.31745085797193,0.0152827563995076,0.004298929106053,-99.52579365079364,-35454000000.0,5387000000.0,-75143000000.0,-29822000000.0,386000000.0,181500000.0,0.0,20.56844547563805,0.0,0.0,4.375634517766497,0.0,0.0,0.0445505171042163,0.0555555555555555,2006-07-19,0.56,bmo,1631642857.0,2025-04-25,2006-06-30,0.0535714285714284,35.71936507936508,3517696.015873016
2006-03-31,BK,USD,1390777,2006-03-31,2006-03-30 19:00:00,2006,Q1,1820000000.0,0.0,1820000000.0,1.0,0,668000000.0,0.0,668000000.0,-1341000000.0,-673000000.0,-673000000.0,998000000.0,510000000.0,117000000.0,0.0,0.0,1147000000.0,0.6302197802,-510000000.0,637000000.0,0.35,215000000.0,422000000.0,0.2318681319,0.55,0.55,763851000,773630000,,,2.382663634661734,0.5524637658391492,0.7095624670256372,0.6558870774535871,30.04905406944548,13.223783172372622,7.013147852133466,13.223783172372622,14.243615574241574,29179108200.000004,28506108200.000004,17.286201540284363,16.032477032967034,53.835992988929895,58.24173293413175,2.8887346005346006,2.8887346005346006,15.662696813186816,0.0,52.594295571955726,56.89841956087825,0.0144624022470981,0.0171698187815075,1.0266310266310266,0.1000858982154404,0.0,0.3458699003795066,2.2490196078431373,1.2843601895734598,0.0056204596410523,0.3886255924170616,0.367032967032967,0.0,0.0457866442752217,0.0756457564575645,0.0225274725274725,0.3504273504273504,0.0,12.8209739733809,0.019883425584852,0.0042683605247453,-91.99896314857216,-44125000000.0,5357000000.0,-70179000000.0,-38322000000.0,370500000.0,167000000.0,0.0,18.69230769230769,0.0,0.0,4.814814814814815,0.0,0.0,0.0417780417780417,0.05367538957205,2006-04-20,0.54,bmo,1786296296.0,2025-04-25,2006-03-31,0.0185185185185185,35.61677419354838,3517443.35483871
2005-12-31,BK,USD,1390777,2005-12-31,2005-12-30 19:00:00,2005,Q4,1766000000.0,0.0,1766000000.0,1.0,0,647000000.0,0.0,647000000.0,-1341000000.0,-694000000.0,-694000000.0,956000000.0,464000000.0,123000000.0,0.0,0.0,1072000000.0,0.6070215176,-464000000.0,608000000.0,0.3442808607,203000000.0,405000000.0,0.2293318233,0.53,0.52,764000000,774000000,,,2.31151832460733,0.5301047120418848,-1.1845549738219896,-1.263089005235602,26.02225130890052,12.926701570680628,7.270942408376963,12.926701570680628,14.239528795811518,25792640000.0,24681640000.0,15.921382716049385,14.605118912797282,-28.500154696132597,-26.728124352331605,2.6116484406642364,2.6116484406642364,13.976013590033975,0.0,-27.27253038674033,-25.576829015544043,0.0157021537927098,-0.0374137738517654,1.054576751721345,0.1019898548737734,0.0,0.391991325226551,2.310344827586207,-2.234567901234568,0.0062808615170839,0.4,0.3663646659116648,0.0,0.0423137938463346,-0.0662983425414364,0.0339750849377123,0.4878048780487805,0.0,12.416979174097992,0.0136880644718682,0.0041412313261142,-94.35700261780104,-31400000000.0,5555000000.0,-71998000000.0,-26075000000.0,360000000.0,147500000.0,0.0,18.49943374858437,0.0,0.0,4.865013774104683,0.0,0.0,0.0410085054678007,0.0785340314136125,2006-01-18,0.53,bmo,1766000000.0,2025-04-25,2005-12-31,0.0,33.25619047619048,2214347.3492063493
2005-09-30,BK,USD,1390777,2005-09-30,2005-09-29 20:00:00,2005,Q3,1740000000.0,0.0,1740000000.0,1.0,0,644000000.0,0.0,644000000.0,-1411000000.0,-767000000.0,-767000000.0,870000000.0,378000000.0,122000000.0,0.0,0.0,973000000.0,0.5591954023,-378000000.0,595000000.0,0.341954023,206000000.0,389000000.0,0.2235632184,0.51,0.51,761000000,769000000,,,2.2864651773981604,0.5111695137976346,0.671484888304862,0.633377135348226,26.82654402102497,12.625492772667542,6.80946123521682,12.625492772667542,16.459921156373195,23720370000.0,25317370000.0,15.244453727506428,13.632396551724138,46.4195107632094,49.21238589211618,2.4688145295587014,2.4688145295587014,14.550212643678162,0.0,49.544755381604695,52.52566390041494,0.0163994069232478,0.020320087755798,1.2643630308076603,0.1193718923805593,0.0,0.3155496141459561,2.574074074074074,1.313624678663239,0.0067874152047375,0.4138817480719794,0.3701149425287356,0.0,0.043491932472535,0.0567514677103718,0.0166666666666666,0.2377049180327868,0.0,12.050301139239236,0.0156848241182707,0.0039963016231764,-93.92279894875163,-45056000000.0,5182000000.0,-71386000000.0,-39590000000.0,344000000.0,127500000.0,0.0,18.465517241379317,0.0,0.0,4.873949579831932,0.0,0.0,0.0404870940882597,0.038107752956636,2005-10-20,0.5,bmo,1705200000.0,2025-04-25,2005-09-30,0.02,32.03765625,2400895.5625
2005-06-30,BK,USD,1390777,2005-06-30,2005-06-29 20:00:00,2005,Q2,1726000000.0,0.0,1726000000.0,1.0,0,640000000.0,0.0,640000000.0,-1424000000.0,-784000000.0,-784000000.0,814000000.0,344000000.0,103000000.0,0.0,0.0,942000000.0,0.5457705678,-344000000.0,598000000.0,0.3464658169,200000000.0,398000000.0,0.2305909618,0.52,0.52,765000000,772000000,,,2.256209150326798,0.5202614379084968,-0.3764705882352941,-0.4104575163398692,31.16862745098039,12.380392156862746,6.789542483660131,12.380392156862746,13.598692810457516,23332500000.0,23373500000.0,14.65609296482412,13.518250289687138,-81.015625,-74.30732484076434,2.4635730123535,2.4635730123535,13.542004634994209,0.0,-81.15798611111111,-74.43789808917198,0.0170577520625736,-0.013457623486553,1.0620842572062084,0.0976004967835207,0.0,0.3630261438889973,2.738372093023256,-0.7236180904522613,0.0066002357227043,0.3869346733668342,0.3707995365005794,0.0,0.0414988890290404,-0.0902777777777777,0.015063731170336,0.2524271844660194,0.0,12.038414101180893,0.0160991662885735,0.0040289109792885,-90.84934640522876,-42418000000.0,5194000000.0,-69417000000.0,-37091000000.0,322000000.0,118500000.0,0.0,17.259559675550406,0.0,0.0,5.214501510574018,0.0,0.0,0.0420230176327737,0.0339869281045751,2005-07-20,0.5,bmo,1656960000.0,2025-04-25,2005-06-30,0.04,30.39734375,2321238.921875
2005-03-31,BK,USD,1390777,2005-03-31,2005-03-30 19:00:00,2005,Q1,1633000000.0,0.0,1633000000.0,1.0,0,618000000.0,0.0,618000000.0,-1408000000.0,-790000000.0,-790000000.0,732000000.0,277000000.0,178000000.0,0.0,0.0,843000000.0,0.5162278016,-277000000.0,566000000.0,0.3466013472,187000000.0,379000000.0,0.2320881813,0.49,0.49,771000000,779000000,,,2.118028534370947,0.4915693904020752,-0.5577172503242542,-0.5784695201037614,26.72762645914397,12.107652399481193,6.556420233463035,12.107652399481193,12.25810635538262,23739090000.0,21514090000.0,15.659030343007917,14.537103490508269,-55.20718604651162,-53.22665919282511,2.5430198178896624,2.5430198178896624,13.17458052663809,0.0,-50.032767441860464,-48.23786995515695,0.0159652286587228,-0.0187875777883651,0.9827530798071772,0.0950309207868485,0.0,0.3437284348197562,3.0433212996389893,-1.1345646437994723,0.007034810517168,0.4406332453825857,0.3784445805266381,0.0,0.0443353325667878,-0.0372093023255813,0.0097979179424372,0.0898876404494382,0.0,11.572139147854076,0.0150689357222497,0.004108089359073,-86.07036316472114,-39942000000.0,5055000000.0,-66282000000.0,-34592000000.0,299000000.0,113500000.0,0.0,17.250459277403554,0.0,0.0,5.217252396166134,0.0,0.0,0.040599892876272,0.0207522697795071,2005-04-20,0.49,bmo,1633000000.0,2025-04-25,2005-03-31,0.0,32.43606557377049,2980638.3606557376
2004-12-31,BK,USD,1390777,2004-12-31,2004-12-30 19:00:00,2004,Q4,1713000000.0,0.0,1713000000.0,1.0,0,616000000.0,0.0,616000000.0,-1452000000.0,-836000000.0,-836000000.0,781000000.0,254000000.0,113000000.0,0.0,0.0,877000000.0,0.5119673088,-254000000.0,623000000.0,0.3636894337,272000000.0,351000000.0,0.2049036778,0.46,0.45,771000000,779000000,,,2.2217898832684826,0.4552529182879377,-0.0881971465629053,-0.1400778210116731,29.07003891050584,12.04928664072633,6.511024643320363,12.04928664072633,10.522697795071336,27308820000.0,23089820000.0,19.450726495726496,15.942101576182136,-401.600294117647,-252.85944444444445,2.9395931108719053,2.9395931108719053,13.47917104495038,0.0,-339.55617647058824,-213.79462962962964,0.0128529903525674,-0.0039547662623284,0.8459634015069968,0.0831385077595235,0.0,0.3747275969094631,3.452755905511811,-0.1937321937321937,0.0056025855382986,0.4358974358974359,0.3596030356100408,0.0,0.045171323086037,-0.5882352941176471,0.0233508464681844,0.3539823008849557,0.0,11.109596770169778,0.0138423962422854,0.0038888088722454,-81.2091439688716,-37874000000.0,5020000000.0,-62541000000.0,-32507000000.0,320500000.0,143500000.0,0.0,14.973730297723291,0.0,0.0,6.010526315789473,0.0,0.0,0.0377825618945102,0.0518806744487678,2005-01-19,0.48,bmo,1713000000.0,2025-04-25,2004-12-31,0.0,34.35390625,2359745.953125
2004-09-30,BK,USD,1390777,2004-09-30,2004-09-29 20:00:00,2004,Q3,1538000000.0,0.0,1538000000.0,1.0,0,564000000.0,0.0,564000000.0,-1362000000.0,-798000000.0,-798000000.0,629000000.0,201000000.0,133000000.0,0.0,0.0,740000000.0,0.4811443433,-201000000.0,539000000.0,0.3504551365,185000000.0,354000000.0,0.2301690507,0.46,0.46,772000000,778000000,,,1.9922279792746111,0.4585492227979275,-0.0414507772020725,-0.160621761658031,27.21761658031088,11.7279792746114,6.3264248704663215,11.7279792746114,10.832901554404144,23870240000.0,20119240000.0,16.857514124293786,15.520312093628087,-745.945,-192.50193548387097,2.6364303070466093,2.6364303070466093,13.08143042912874,0.0,-628.72625,-162.25193548387097,0.0148301818498682,-0.0051947529643606,0.9014800088358736,0.0875986047759592,0.0,0.3523804812084632,3.681592039800995,-0.0903954802259887,0.0064515480363833,0.4350282485875706,0.3667100130039011,0.0,0.0447544942312852,-2.875,0.059817945383615,0.6917293233082706,0.0,11.00007977610496,0.0140624151999484,0.0039773046458064,-81.40155440414507,-39271000000.0,4884000000.0,-62753000000.0,-33675000000.0,316500000.0,155000000.0,0.0,20.83224967490247,0.0,0.0,4.320224719101123,0.0,0.0,0.0390987408880053,0.1191709844559585,2004-10-20,0.46,bmo,1538000000.0,2025-04-25,2004-09-30,0.0,30.79828125,2233367.546875
2004-06-30,BK,USD,1390777,2004-06-30,2004-06-29 20:00:00,2004,Q2,1587000000.0,0.0,1587000000.0,1.0,0,570000000.0,0.0,570000000.0,-1412000000.0,-842000000.0,-842000000.0,601000000.0,180000000.0,115000000.0,0.0,0.0,745000000.0,0.4694391934,-180000000.0,565000000.0,0.3560176434,194000000.0,371000000.0,0.2337744171,0.48,0.48,772000000,779000000,,,2.055699481865285,0.4805699481865285,1.7046632124352332,1.5958549222797926,31.73704663212435,11.379533678756475,5.984455958549223,11.379533678756475,11.16580310880829,24125000000.0,19617000000.0,16.256738544474395,15.201638311279144,18.33206686930091,19.58198051948052,2.7461582242458737,2.7461582242458737,12.361058601134216,0.0,14.906534954407295,15.92288961038961,0.0153782383419689,0.0510673575129533,0.960728514513375,0.0865321522309711,0.0,0.3895238244957633,4.138888888888889,3.547169811320755,0.0064248704663212,0.4177897574123989,0.3591682419659735,0.0,0.0427021817585301,0.0638297872340425,0.052930056710775,0.7304347826086957,0.0,11.092560253778396,0.013461604024917,0.0039733964507181,-82.95628238341969,-38833000000.0,4620000000.0,-63973000000.0,-33264000000.0,293000000.0,147000000.0,0.0,15.708884688090738,0.0,0.0,5.729241877256317,0.0,0.0,0.0422310756972111,0.1088082901554404,2004-07-21,0.47,bmo,1553234042.0,2025-04-25,2004-06-30,0.0212765957446808,31.80693548387097,2536469.8225806453
2004-03-31,BK,USD,1390777,2004-03-31,2004-03-30 19:00:00,2004,Q1,1498000000.0,0.0,1498000000.0,1.0,0,574000000.0,0.0,574000000.0,-1426000000.0,-852000000.0,-852000000.0,441000000.0,173000000.0,119000000.0,0.0,0.0,646000000.0,0.4312416555,-173000000.0,473000000.0,0.3157543391,109000000.0,364000000.0,0.2429906542,0.47,0.47,771000000,778000000,,,1.9429312581063551,0.4721141374837873,2.7639429312581063,2.7042801556420235,26.72114137483787,11.361867704280156,5.989623865110247,11.361867704280156,10.600518806744487,25743690000.0,21225690000.0,17.68110576923077,17.1853738317757,12.080567808540591,12.347093525179856,2.938777397260274,2.938777397260274,14.169352469959946,0.0,9.96043641482872,10.180187050359711,0.0141393871663308,0.080990720444505,0.91324200913242,0.0863446013038034,0.0,0.3607584017666138,3.7341040462427744,5.854395604395604,0.0056712926546272,0.4010989010989011,0.3831775700934579,0.0,0.0447049173250442,0.021586109807602,0.0307076101468624,0.3865546218487395,0.0,10.986000789948555,0.0136530042949853,0.0041125296576658,-81.78761348897535,-37053000000.0,4618000000.0,-62981000000.0,-31523000000.0,261500000.0,120000000.0,0.0,18.56475300400534,0.0,0.0,4.84789644012945,0.0,0.0,0.0415525114155251,0.059662775616083,2004-04-21,0.45,bmo,1431422222.0,2025-04-25,2004-03-31,0.0444444444444443,34.46354838709677,3161932.580645161
2003-12-31,BK,USD,1390777,2003-12-31,2003-12-30 19:00:00,2003,Q4,1521000000.0,0.0,1521000000.0,1.0,0,548000000.0,0.0,548000000.0,-1434000000.0,-886000000.0,-886000000.0,585000000.0,166000000.0,123000000.0,0.0,0.0,635000000.0,0.4174884944,-166000000.0,469000000.0,0.3083497699,162000000.0,307000000.0,0.2018408941,0.4,0.39,771000000,778000000,,,1.972762645914397,0.3981841763942931,3.6731517509727625,3.632944228274967,29.006485084306096,10.931258106355385,5.623865110246433,10.931258106355385,10.583657587548638,27062100000.0,22927100000.0,22.03754071661238,17.79230769230769,9.555826271186442,9.661585148161372,3.2109753203607023,3.2109753203607023,15.073701512163051,0.0,8.095727401129944,8.18532666904677,0.0113442785297519,0.1035026845662383,0.9485049833887044,0.0865179605398443,0.0,0.3868679426329227,3.825301204819277,9.224755700325732,0.0053580468625864,0.4723127035830619,0.3602892833662064,0.0,0.0442871521802655,0.0109463276836158,0.0203813280736357,0.2520325203252032,0.0,9.896197003684424,0.0115753983906606,0.0034765868297378,-79.69455252918289,-35783000000.0,4336000000.0,-61391000000.0,-30293000000.0,246500000.0,103500000.0,0.0,12.662721893491124,0.0,0.0,7.107476635514018,0.0,0.0,0.0364261983863312,0.040207522697795,2004-01-21,0.44,bmo,1521000000.0,2025-04-25,2003-12-31,0.0,33.18046875,2298566.203125
2003-09-30,BK,USD,1390777,2003-09-30,2003-09-29 20:00:00,2003,Q3,1470000000.0,0.0,1470000000.0,1.0,0,533000000.0,0.0,533000000.0,-1444000000.0,-911000000.0,-911000000.0,575000000.0,168000000.0,113000000.0,0.0,0.0,559000000.0,0.3802721088,-168000000.0,391000000.0,0.2659863946,131000000.0,260000000.0,0.1768707483,0.34,0.34,766000000,774000000,,,1.919060052219321,0.3394255874673629,0.0130548302872062,-0.0248041775456919,29.533942558746737,10.734986945169712,5.549608355091384,10.734986945169712,10.981723237597912,23631100000.0,22824100000.0,22.72221153846154,16.075578231292518,2363.11,-1243.7421052631578,2.873780858567433,2.873780858567433,15.526598639455782,0.0,2282.41,-1201.2684210526315,0.0110024501610166,-0.0008040252040742,1.002553812477198,0.0866030065235889,0.0,0.3753564755629855,3.327380952380953,0.0384615384615384,0.0061359818205669,0.5576923076923077,0.3625850340136054,0.0,0.0417257571460086,2.9,0.0197278911564625,0.2566371681415929,0.0,9.054496569780715,0.0102896485809608,0.0028502208921191,-83.73074412532637,-38112000000.0,4251000000.0,-64068000000.0,-33052000000.0,261500000.0,133500000.0,0.0,17.081632653061224,0.0,0.0,5.268817204301075,0.0,0.0,0.0316186306700717,0.0378590078328981,2003-10-22,0.42,bmo,1470000000.0,2025-04-25,2003-09-30,0.0,31.7721875,2090844.59375
2003-06-30,BK,USD,1390777,2003-06-30,2003-06-29 20:00:00,2003,Q2,1394000000.0,0.0,1394000000.0,1.0,0,498000000.0,0.0,498000000.0,-1244000000.0,-746000000.0,-746000000.0,595000000.0,197000000.0,105000000.0,0.0,0.0,648000000.0,0.4648493544,-197000000.0,451000000.0,0.3235294118,156000000.0,295000000.0,0.2116212339,0.39,0.39,751000000,757000000,,,1.8561917443408789,0.3928095872170439,1.9893475366178428,1.9387483355525963,39.14114513981358,10.802929427430094,5.512649800266312,10.802929427430094,11.535286284953395,22882970000.0,20281970000.0,19.39234745762712,16.415329985652797,15.316579651941096,15.71632554945055,2.820531246148157,2.820531246148157,14.549476327116212,0.0,13.575615796519411,13.92992445054945,0.01289168320371,0.063628104218989,1.043510415382719,0.0849965864824705,0.0,0.4440432672139989,3.2893401015228427,5.064406779661017,0.0059432844600154,0.4610169491525424,0.3572453371592539,0.0,0.0398879563069756,0.0254350736278447,0.0272596843615494,0.3619047619047619,0.0,9.7713162166252,0.0121773807891052,0.003084773765829,-82.44074567243675,-37109000000.0,4140000000.0,-61852000000.0,-32028000000.0,244000000.0,128500000.0,0.0,15.7532281205165,0.0,0.0,5.713114754098361,0.0,0.0,0.0363613952915074,0.0505992010652463,2003-07-17,0.41,bmo,1394000000.0,2025-04-25,2003-06-30,0.0,28.33936507936508,2600944.206349206
2003-03-31,BK,USD,1390777,2003-03-31,2003-03-30 19:00:00,2003,Q1,1230000000.0,0.0,1230000000.0,1.0,0,423000000.0,0.0,423000000.0,-1012000000.0,-589000000.0,-589000000.0,576000000.0,190000000.0,89000000.0,0.0,0.0,641000000.0,0.5211382114,-190000000.0,451000000.0,0.3666666667,156000000.0,295000000.0,0.2398373984,0.41,0.41,722000000,726000000,,,1.703601108033241,0.4085872576177285,-0.7257617728531855,-0.7686980609418282,26.378116343490305,9.520775623268698,5.89196675900277,9.520775623268698,10.145429362880886,15689060000.0,14311060000.0,13.295813559322037,12.755333333333333,-29.940954198473285,-28.26857657657657,2.282377073028804,2.282377073028804,11.6350081300813,0.0,-27.311183206106872,-25.78569369369369,0.0188029110730661,-0.0353749682900059,1.037969159150422,0.0896942726404183,0.0,0.329675776376284,3.373684210526316,-1.776271186440678,0.0087321993796951,0.4644067796610169,0.3439024390243902,0.0,0.0329360889022979,-0.0591603053435114,0.0252032520325203,0.348314606741573,0.0,9.355560969384156,0.0186437537977423,0.0038347545757071,-74.02493074792244,-39220000000.0,4254000000.0,-53385000000.0,-35623000000.0,224000000.0,108000000.0,0.0,17.853658536585368,0.0,0.0,5.040983606557377,0.0,0.0,0.0429153331393657,0.0429362880886426,2003-04-16,0.41,bmo,1230000000.0,2025-04-25,2003-03-31,0.0,25.05131147540984,3439097.131147541
2002-12-31,BK,USD,1390777,2002-12-31,2002-12-30 19:00:00,2002,Q4,1246000000.0,0.0,1246000000.0,1.0,0,379000000.0,0.0,379000000.0,-1254000000.0,-875000000.0,-875000000.0,627000000.0,215000000.0,85000000.0,0.0,0.0,371000000.0,0.297752809,-215000000.0,156000000.0,0.1252006421,56000000.0,100000000.0,0.0802568218,0.14,0.14,722000000,726000000,,,1.7257617728531855,0.1385041551246537,3.40027700831025,3.3407202216066483,25.68698060941828,9.257617728531857,5.691135734072022,9.257617728531857,9.371191135734072,18338800000.0,15037800000.0,45.847,14.718138041733548,7.469979633401222,7.603150912106136,2.743686415320167,2.743686415320167,12.068860353130017,0.0,6.125376782077393,6.234577114427861,0.0054529194930966,0.1315244181734901,0.980101735487732,0.0842680730640596,0.0,0.3312779377727521,1.7255813953488373,24.55,0.0074704997055423,1.37,0.3041733547351525,0.0,0.0331232312837664,0.0175152749490835,0.0345104333868378,0.5058823529411764,0.0,5.371211850601289,0.0106876016906575,0.0013304064391671,-72.51662049861496,-37849000000.0,4109000000.0,-52306000000.0,-34082000000.0,235500000.0,112000000.0,0.0,14.735152487961477,0.0,0.0,6.107843137254902,0.0,0.0,0.0149611011370436,0.0595567867036011,2003-01-22,0.15,bmo,1329066666.0,2025-04-25,2002-12-31,-0.0666666666666665,27.69265625,3765155.140625
2002-09-30,BK,USD,1390777,2002-09-30,2002-09-29 20:00:00,2002,Q3,1054000000.0,0.0,1054000000.0,1.0,0,397000000.0,0.0,397000000.0,-1097000000.0,-700000000.0,-700000000.0,649000000.0,231000000.0,56000000.0,0.0,0.0,354000000.0,0.3358633776,-231000000.0,123000000.0,0.1166982922,44000000.0,79000000.0,0.0749525617,0.11,0.11,721000000,727000000,,,1.4618585298196949,0.1095700416088765,-4.079056865464633,-4.133148404993065,27.790568654646325,9.199722607489598,5.866851595006935,9.199722607489598,12.069348127600556,21961660000.0,22233660000.0,69.49892405063291,20.83648956356736,-7.467412444746684,-7.36968456375839,3.310969395447008,3.310969395447008,21.09455407969639,0.0,-7.559897993879633,-7.460959731543624,0.003597177991099,-0.1356910178920901,1.2770993517262177,0.1045970340918912,0.0,0.3479810790429835,1.5324675324675323,-37.22784810126582,0.0062381441111464,1.7341772151898731,0.3766603415559772,0.0,0.0296714287478237,-0.0132607956477388,0.0370018975332068,0.6964285714285714,0.0,4.762385405454608,0.0095152062631737,0.0010052936984627,-75.05790568654646,-38044000000.0,4230000000.0,-54050000000.0,-34665000000.0,257500000.0,88000000.0,0.0,22.7988614800759,0.0,0.0,3.947565543071161,0.0,0.0,0.0119101462385044,0.0540915395284327,2002-10-16,0.11,bmo,1054000000.0,2025-04-25,2002-09-30,0.0,33.85234375,2653033.859375
2002-06-30,BK,USD,1390777,2002-06-30,2002-06-29 20:00:00,2002,Q2,1278000000.0,0.0,1278000000.0,1.0,0,418000000.0,0.0,418000000.0,-897000000.0,-479000000.0,-479000000.0,675000000.0,252000000.0,39000000.0,0.0,0.0,799000000.0,0.6251956182,-252000000.0,547000000.0,0.4280125196,186000000.0,361000000.0,0.2824726135,0.5,0.5,722000000,729000000,,,1.7700831024930748,0.5,5.833795013850415,5.786703601108033,27.52354570637119,9.155124653739612,5.869806094182826,9.155124653739612,13.378116343490303,25334980000.000004,24091980000.000004,17.545,19.823928012519566,6.014952516619184,6.063901388224031,3.8328260211800314,3.8328260211800314,18.85131455399061,0.0,5.719843304843306,5.766390617520345,0.0142490738102023,0.164910333459904,1.423146747352496,0.1164160633624157,0.0,0.3405378873787722,3.1706349206349205,11.66759002770083,0.0054470143651188,0.3822714681440443,0.3270735524256651,0.0,0.0293546191448548,0.0080721747388414,0.0266040688575899,0.8717948717948718,0.0,10.148652735933506,0.0207105292842399,0.0046026544949192,-74.9819944598338,-38963000000.0,4238000000.0,-54075000000.0,-35578000000.0,252000000.0,62000000.0,0.0,17.464788732394368,0.0,0.0,5.153225806451613,0.0,0.0,0.0546142208774583,0.0470914127423822,2002-07-17,0.51,bmo,1278000000.0,2025-04-25,2002-06-30,0.0,38.36828125,2490386.1875
2002-03-31,BK,USD,1390777,2002-03-31,2002-03-30 19:00:00,2002,Q1,1222000000.0,0.0,1222000000.0,1.0,0,384000000.0,0.0,384000000.0,-810000000.0,-426000000.0,-426000000.0,662000000.0,250000000.0,52000000.0,0.0,0.0,796000000.0,0.651391162,-250000000.0,546000000.0,0.4468085106,184000000.0,362000000.0,0.2962356792,0.5,0.5,722000000,730000000,,,1.6925207756232687,0.5013850415512465,-0.7880886426592798,-0.9155124653739612,25.90443213296399,8.800554016620499,5.686980609418282,8.800554016620499,12.16759002770083,31601940000.000004,31816940000.000004,21.82454419889503,25.86083469721768,-55.53943760984183,-47.80928895612709,4.973550519357885,4.973550519357885,26.03677577741408,0.0,-55.9172934973638,-48.1345537065053,0.0114549929529642,-0.0209164374085894,1.343248347497639,0.1111632086898761,0.0,0.3325556919838625,3.184,-1.5718232044198894,0.0043351768910389,0.3784530386740331,0.3142389525368249,0.0,0.0292788392659451,-0.1616871704745167,0.0752864157119476,1.7692307692307692,0.0,9.963959462943851,0.0229128170777109,0.0048570393527525,-71.37119113573407,-38051000000.0,4106000000.0,-51466000000.0,-34750000000.0,246000000.0,81500000.0,0.0,18.85433715220949,0.0,0.0,4.7734375,0.0,0.0,0.0569719861504564,0.1274238227146814,2002-04-17,0.51,bmo,1245960784.0,2025-04-25,2002-03-31,-0.0196078431372549,43.467666666666666,2491100.8
2001-12-31,BK,USD,1390777,2001-12-31,2001-12-30 19:00:00,2001,Q4,1363000000.0,0.0,1363000000.0,1.0,0,386000000.0,0.0,386000000.0,-867000000.0,-481000000.0,-481000000.0,741000000.0,382000000.0,82000000.0,0.0,0.0,882000000.0,0.6471019809,-382000000.0,500000000.0,0.3668378577,169000000.0,331000000.0,0.2428466618,0.46,0.45,722000000,730000000,,,1.8878116343490303,0.4584487534626039,4.408587257617729,4.299168975069252,31.725761772853183,8.749307479224377,5.862880886426593,8.749307479224377,13.126038781163436,31219280000.0,30473280000.0,23.5795166163142,22.904827586206896,9.80813069431354,10.057757731958764,4.942105429792623,4.942105429792623,22.357505502567864,0.0,9.573760603204525,9.81742268041237,0.0106024226055181,0.0994257394789373,1.4397657115719489,0.1122493057698241,0.0,0.3862020626814859,2.30890052356021,9.61631419939577,0.0041320619822109,0.3897280966767371,0.2831988261188554,0.0,0.0257204566491823,0.0248193528118127,0.0579603815113719,0.9634146341463414,0.0,9.499997627315896,0.02314978986599,0.0041930049023954,-71.50277008310249,-36780000000.0,4233000000.0,-51566000000.0,-33704000000.0,285000000.0,108000000.0,0.0,15.583272193690387,0.0,0.0,5.77542372881356,0.0,0.0,0.0523982903276871,0.1094182825484764,2002-01-17,0.45,bmo,1332711111.0,2025-04-25,2001-12-31,0.0222222222222222,39.8365625,2228435.09375
2001-09-30,BK,USD,1390777,2001-09-30,2001-09-29 20:00:00,2001,Q3,1234000000.0,0.0,1234000000.0,1.0,0,418000000.0,0.0,418000000.0,-785000000.0,-367000000.0,-367000000.0,922000000.0,511000000.0,75000000.0,0.0,0.0,867000000.0,0.7025931929,-511000000.0,356000000.0,0.2884927066,113000000.0,243000000.0,0.1969205835,0.33,0.33,731000000,741000000,,,1.6880984952120384,0.332421340629275,-0.0683994528043775,-0.1053351573187414,25.83994528043776,10.89876880984952,10.89876880984952,8.846785225718195,15.6374829001368,26286760000.0,27956760000.0,27.04399176954733,21.302074554294972,-525.7352,-341.3864935064935,4.064753363228699,4.064753363228699,22.655397082658023,0.0,-559.1352,-363.0748051948052,0.009244197459101,-0.0029292312936246,1.6885727539817534,0.1217703536023729,0.0,0.281953122708205,1.6966731898238747,-0.205761316872428,0.0050595813253516,0.5473251028806584,0.3387358184764992,0.0,0.0,-0.54,0.0218800648298217,0.36,0.0,8.13445478273322,0.0202034877030504,0.0027097249015912,-85.59575923392613,-48955000000.0,7967000000.0,-62487000000.0,-48015000000.0,305500000.0,107000000.0,0.0,24.359805510534844,0.0,0.0,3.694610778443114,0.0,0.0,0.0375753827122313,0.0369357045143638,2001-10-18,0.51,bmo,1209803921.0,2025-04-25,2001-09-30,0.0196078431372549,44.34864406779661,3297378.0
2001-06-30,BK,USD,1390777,2001-06-30,2001-06-29 20:00:00,2001,Q2,1312000000.0,0.0,1312000000.0,1.0,0,391000000.0,0.0,391000000.0,-633000000.0,-242000000.0,-242000000.0,925000000.0,469000000.0,63000000.0,0.0,0.0,1070000000.0,0.8155487805,-469000000.0,601000000.0,0.4580792683,216000000.0,385000000.0,0.293445122,0.53,0.52,731000000,742000000,,,1.7948016415868673,0.5266757865937073,1.9534883720930232,1.9124487004103967,30.850889192886456,10.652530779753764,10.652530779753764,8.600547195622434,10.627906976744184,37193280000.0,34484280000.0,24.15148051948052,28.348536585365853,26.04571428571429,26.60463519313305,5.915902656274854,5.915902656274854,26.28375,0.0,24.148655462184877,24.6668669527897,0.0103513322836813,0.0375874351495754,1.1611261332909175,0.0950137314365295,0.0,0.3933118550040487,2.281449893390192,3.709090909090909,0.0035759147889081,0.3454545454545454,0.2980182926829268,0.0,0.0,0.0210084033613445,0.0228658536585365,0.4761904761904761,0.0,10.095456853768027,0.0297590818295648,0.0050109981648032,-63.31634746922025,-35214000000.0,7787000000.0,-46215000000.0,-34279000000.0,287000000.0,106000000.0,0.0,19.0015243902439,0.0,0.0,4.736462093862816,0.0,0.0,0.0612374741530141,0.0410396716826265,2001-07-16,0.53,bmo,1336754716.0,2025-04-25,2001-06-30,-0.0188679245283019,54.43698412698413,2039598.873015873
2001-03-31,BK,USD,1390777,2001-03-31,2001-03-30 19:00:00,2001,Q1,1313000000.0,0.0,1313000000.0,1.0,0,394000000.0,0.0,394000000.0,-527000000.0,-133000000.0,-133000000.0,1033000000.0,578000000.0,64000000.0,0.0,0.0,1180000000.0,0.8987052551,-578000000.0,602000000.0,0.458492003,218000000.0,384000000.0,0.2924600152,0.53,0.52,732000000,743000000,,,1.7937158469945356,0.5245901639344263,1.919398907103825,1.8797814207650272,29.87704918032787,10.32103825136612,10.32103825136612,8.271857923497267,9.05327868852459,38203080000.0,37837080000.0,24.871796875,29.096024371667937,27.190804270462632,27.763866279069767,6.309344343517754,6.309344343517754,28.817273419649656,0.0,26.930306049822065,27.497877906976743,0.0100515455821886,0.036018038336176,0.999009083402147,0.0827802334651649,0.0,0.4099154908741239,2.041522491349481,3.6588541666666665,0.0034290428939237,0.3411458333333333,0.3000761614623001,0.0,0.0,0.0206405693950177,0.022086824067022,0.453125,0.0,9.881044698963697,0.0341557848119223,0.005255018953649,-59.32411202185792,-31910000000.0,7555000000.0,-43351000000.0,-30982000000.0,325500000.0,124500000.0,0.0,20.35795887281036,0.0,0.0,4.420875420875421,0.0,0.0,0.0634186622625928,0.0396174863387978,2001-04-16,0.52,bmo,1313000000.0,2025-04-25,2001-03-31,0.0,54.086129032258064,2850574.7580645164
2000-12-31,BK,USD,1390777,2000-12-31,2000-12-30 19:00:00,2000,Q4,1288000000.0,0.0,1288000000.0,1.0,0,391000000.0,0.0,391000000.0,-450000000.0,-59000000.0,-59000000.0,1130000000.0,649000000.0,63000000.0,0.0,0.0,1229000000.0,0.9541925466,-649000000.0,580000000.0,0.450310559,208000000.0,372000000.0,0.2888198758,0.51,0.5,732000000,743000000,,,1.7595628415300546,0.5081967213114754,-0.2158469945355191,-0.273224043715847,35.93306010928962,10.453551912568306,10.453551912568306,8.404371584699453,8.852459016393443,42814680000.0,40183680000.0,28.773306451612903,33.241211180124225,-270.9789873417721,-214.0734,6.959473342002601,6.959473342002601,31.198509316770185,0.0,-254.32708860759493,-200.9184,0.0086886086734736,-0.0046712949857385,0.9478218465539662,0.0756153227688876,0.0,0.4495429862727242,1.8936825885978428,-0.4247311827956989,0.0031064111655161,0.3575268817204301,0.3035714285714285,0.0,0.0,-0.2658227848101265,0.0326086956521739,0.6666666666666666,0.0,9.803018254120554,0.0382443924318952,0.0048240267655678,-58.59767759562842,-32641000000.0,7652000000.0,-42805000000.0,-31717000000.0,364000000.0,137500000.0,0.0,24.736024844720497,0.0,0.0,3.638418079096045,0.0,0.0,0.0604681404421326,0.0573770491803278,2001-01-16,0.5,bmo,1288000000.0,2025-04-25,2000-12-31,0.0,57.67380952380952,2243882.984126984
2000-09-30,BK,USD,1390777,2000-09-30,2000-09-29 20:00:00,2000,Q3,1264000000.0,0.0,1264000000.0,1.0,0,371000000.0,0.0,371000000.0,-431000000.0,-60000000.0,-60000000.0,1107000000.0,628000000.0,62000000.0,0.0,0.0,1204000000.0,0.9525316456,-628000000.0,576000000.0,0.4556962025,213000000.0,363000000.0,0.2871835443,0.5,0.49,734000000,747000000,,,1.7220708446866484,0.494550408719346,0.2833787465940054,0.2343324250681198,30.803814713896458,10.107629427792917,10.107629427792917,8.064032697547685,12.618528610354224,43614280000.0,42979280000.0,30.0373829201102,34.50496835443038,209.68403846153845,253.5713953488372,7.368521709748268,7.368521709748268,34.00259493670886,0.0,206.63115384615384,249.87953488372096,0.008322962112409,0.0039436624885244,1.4586923466801824,0.1144956172340171,0.0,0.3887423043095866,1.9171974522292992,0.5730027548209367,0.0026596793527257,0.3195592286501377,0.2935126582278481,0.0,0.0,0.173076923076923,0.0284810126582278,0.5806451612903226,0.0,9.47267596807858,0.0345492593267158,0.004813749022,-61.44346049046322,-36140000000.0,7419000000.0,-45006000000.0,-35239000000.0,352500000.0,129500000.0,0.0,26.62974683544304,0.0,0.0,3.379679144385027,0.0,0.0,0.0613279270146984,0.0490463215258855,2000-10-16,0.49,bmo,1264000000.0,2025-04-25,2000-09-30,0.0,53.706984126984125,1609437.5714285714
2000-06-30,BK,USD,1390777,2000-06-30,2000-06-29 20:00:00,2000,Q2,1243000000.0,0.0,1243000000.0,1.0,0,366000000.0,0.0,366000000.0,-403000000.0,-37000000.0,-37000000.0,1107000000.0,644000000.0,61000000.0,0.0,0.0,1206000000.0,0.9702333065,-644000000.0,562000000.0,0.4521319389,206000000.0,356000000.0,0.2864038616,0.49,0.48,733000000,745000000,,,1.6957708049113234,0.485675306957708,-2.5852660300136425,-2.597544338335607,33.58526603001364,9.559345156889496,9.559345156889496,7.512960436562073,13.034106412005457,36129570000.0,36143570000.0,25.37188904494382,29.06642799678198,-19.065736147757256,-18.97561449579832,6.560662792809152,6.560662792809152,29.077691069991957,0.0,-19.07312401055409,-18.98296743697479,0.0098534247709009,-0.0526992156286388,1.6179408026148538,0.1162259819204028,0.0,0.4054835931024395,1.872670807453416,-5.323033707865169,0.0032660228173211,0.3314606741573033,0.2944489139179405,0.0,0.0,-0.0047493403693931,0.0072405470635559,0.1475409836065573,0.0,9.060868376664514,0.0360129666005855,0.0046438214998499,-61.10197817189631,-36580000000.0,7007000000.0,-44705000000.0,-35695000000.0,343500000.0,124000000.0,0.0,23.96621078037007,0.0,0.0,3.755287009063444,0.0,0.0,0.0646449972761939,0.0122783083219645,2000-07-17,0.47,bmo,1216553191.0,2025-04-25,2000-06-30,0.0212765957446808,47.08920634920635,1864236.4285714289
2000-03-31,BK,USD,1390777,2000-03-31,2000-03-30 19:00:00,2000,Q1,1184000000.0,0.0,1184000000.0,1.0,0,359000000.0,0.0,359000000.0,-423000000.0,-64000000.0,-64000000.0,1033000000.0,586000000.0,61000000.0,0.0,0.0,1120000000.0,0.9459459459,-586000000.0,534000000.0,0.4510135135,196000000.0,338000000.0,0.285472973,0.46,0.46,732000000,741000000,,,1.6174863387978142,0.4617486338797814,-0.4385245901639344,-0.4644808743169399,29.39344262295082,9.185792349726777,9.185792349726777,7.136612021857924,13.066939890710383,32244600000.0,31125600000.0,23.84955621301775,27.23361486486486,-100.45046728971964,-94.8370588235294,6.172396630934149,6.172396630934149,26.28851351351351,0.0,-96.9644859813084,-91.54588235294116,0.0104823753434683,-0.0105444012330746,1.7187978560490047,0.1180810352309938,0.0,0.3543573708342109,1.9112627986348123,-0.9497041420118344,0.0036285145419698,0.3461538461538461,0.3032094594594595,0.0,0.0,-0.0591900311526479,0.0160472972972972,0.3114754098360656,0.0,8.610732788881313,0.0346352285361492,0.0044449704764534,-64.93715846994536,-39851000000.0,6724000000.0,-47445000000.0,-38957000000.0,337500000.0,134000000.0,0.0,27.06081081081081,0.0,0.0,3.3258426966292136,0.0,0.0,0.0647013782542113,0.0259562841530054,2000-04-17,0.45,bmo,1157688888.0,2025-04-25,2000-03-31,0.0222222222222222,38.70444444444445,2075736.7936507936
1999-12-31,BK,USD,1390777,1999-12-31,1999-12-30 19:00:00,1999,Q4,1127000000.0,0.0,1127000000.0,1.0,0,329000000.0,0.0,329000000.0,-440000000.0,-111000000.0,-111000000.0,943000000.0,502000000.0,59000000.0,0.0,0.0,1016000000.0,0.9015084295,-502000000.0,514000000.0,0.4560780834,186000000.0,328000000.0,0.2910381544,0.45,0.44,732000000,741000000,,,1.539617486338798,0.448087431693989,-0.8811475409836066,-1.5068306010928962,33.09289617486339,9.075136612021858,9.075136612021858,7.025956284153006,11.551912568306012,31036800000.0,28864800000.0,23.65609756097561,27.539307897071872,-48.11906976744186,-28.138531278331826,6.034765700952751,6.034765700952751,25.61206743566992,0.0,-44.75162790697674,-26.16935630099728,0.0105680998041035,-0.0355384575729456,1.5465681508846976,0.1063994863288565,0.0,0.4021794346579271,2.0239043824701195,-1.9664634146341464,0.0037697185276832,0.3567073170731707,0.2919254658385093,0.0,0.0,-0.710077519379845,0.4063886424134871,7.762711864406779,0.0,8.416380510504988,0.0343510868099693,0.0043876076836641,-59.63080601092896,-36482000000.0,6643000000.0,-43570000000.0,-35589000000.0,301500000.0,123500000.0,0.0,25.474711623779942,0.0,0.0,3.5329153605015677,0.0,0.0,0.0637760062220493,0.6256830601092896,2000-01-18,0.43,bmo,1100790697.0,2025-04-25,1999-12-31,0.0232558139534883,41.4696875,1847030.703125
1999-09-30,BK,USD,1390777,1999-09-30,1999-09-29 20:00:00,1999,Q3,1948000000.0,0.0,1948000000.0,1.0,0,300000000.0,0.0,300000000.0,-516000000.0,-216000000.0,-216000000.0,834000000.0,417000000.0,50000000.0,0.0,0.0,1732000000.0,0.8891170431,-417000000.0,1315000000.0,0.6750513347,542000000.0,773000000.0,0.3968172485,1.04,1.02,741000000,754000000,,,2.6288798920377867,1.0431848852901484,-1.114709851551957,-1.244264507422402,19.423751686909583,8.631578947368421,8.631578947368421,6.607287449392713,11.770580296896089,26261040000.0,23593040000.0,8.493221216041396,13.481026694045177,-31.793026634382564,-28.482689804772235,5.363774509803921,5.363774509803921,12.11141683778234,0.0,-28.563002421307505,-25.588980477223423,0.0294352394269229,-0.0351090436631603,1.6962826797385622,0.1314956141739763,0.0,0.2889173228346456,4.15347721822542,-1.0699481865284974,0.0039983184215095,0.1358344113842173,0.1540041067761807,0.0,0.0,-0.1162227602905569,0.0492813141683778,1.92,0.0,12.453272822812885,0.0557969110397021,0.0122391462680895,-56.89068825910931,-36123000000.0,6396000000.0,-42085000000.0,-35275000000.0,289500000.0,121000000.0,0.0,13.121149897330596,0.0,0.0,6.859154929577465,0.0,0.0,0.1578839869281045,0.1295546558704453,1999-10-18,0.42,bmo,1948000000.0,2025-04-25,1999-09-30,0.0,38.75171875,1798283.65625
1999-06-30,BK,USD,1390777,1999-06-30,1999-06-29 20:00:00,1999,Q2,1067000000.0,0.0,1067000000.0,1.0,0,311000000.0,0.0,311000000.0,-444000000.0,-133000000.0,-133000000.0,839000000.0,423000000.0,57000000.0,0.0,0.0,934000000.0,0.8753514527,-423000000.0,511000000.0,0.4789128397,188000000.0,323000000.0,0.3027179007,0.42,0.42,761000000,773000000,,,1.402102496714849,0.4244415243101183,0.2562417871222076,0.2575558475689882,18.922470433639948,8.909329829172142,8.909329829172142,6.938239159001314,13.195795006570302,29595290000.0,29096290000.0,22.90657120743034,27.73691658856607,151.77071794871796,150.9963775510204,5.605168560606061,5.605168560606061,27.26925023430178,0.0,149.21174358974358,148.45045918367347,0.0109138987994373,0.0066226754324759,1.821780303030303,0.1419338655176993,0.0,0.2674492674492674,2.208037825059101,0.6037151702786377,0.0036154401595659,0.3312693498452012,0.2914714151827554,0.0,0.0,0.0051282051282051,0.0009372071227741,0.0175438596491228,0.0,8.140007868864753,0.0292728943799675,0.0047660503755293,-60.9326544021025,-40250000000.0,6780000000.0,-46296000000.0,-39396000000.0,313000000.0,143000000.0,0.0,24.882849109653232,0.0,0.0,3.616949152542373,0.0,0.0,0.0611742424242424,0.0013140604467805,1999-07-19,0.42,bmo,1067000000.0,2025-04-25,1999-06-30,0.0,39.18761904761905,1450871.6666666667
1999-03-31,BK,USD,1390777,1999-03-31,1999-03-30 19:00:00,1999,Q1,1052000000.0,0.0,1052000000.0,1.0,0,312000000.0,0.0,312000000.0,-434000000.0,-122000000.0,-122000000.0,857000000.0,430000000.0,49000000.0,0.0,0.0,930000000.0,0.8840304183,-430000000.0,500000000.0,0.4752851711,184000000.0,316000000.0,0.3003802281,0.41,0.41,766000000,779000000,,,1.3733681462140992,0.412532637075718,0.381201044386423,0.3368146214099217,16.885117493472585,8.885117493472585,8.885117493472585,6.926892950391645,12.323759791122717,29176940000.000004,28855940000.000004,23.08302215189873,27.734733840304187,99.92102739726027,113.08891472868218,5.498857896720694,5.498857896720694,27.42960076045628,0.0,98.82171232876712,111.84472868217055,0.0108304709129881,0.0088425996694649,1.6980776479457218,0.1387926121046875,0.0,0.2559624884223526,2.1627906976744184,0.9240506329113924,0.0036330060657491,0.3354430379746835,0.2965779467680608,0.0,0.0,0.1164383561643835,0.0323193916349809,0.6938775510204082,0.0,8.01843574833901,0.0295149141307622,0.004867754209221,-58.65372062663185,-38559000000.0,6806000000.0,-44846000000.0,-37703000000.0,343000000.0,174000000.0,0.0,28.31749049429658,0.0,0.0,3.178247734138973,0.0,0.0,0.0595552205050885,0.0443864229765013,1999-04-19,0.41,bmo,1052000000.0,2025-04-25,1999-03-31,0.0,38.252786885245904,1883661.5573770488
1998-12-31,BK,USD,1390777,1998-12-31,1998-12-30 19:00:00,1998,Q4,1031000000.0,0.0,1031000000.0,1.0,0,315000000.0,0.0,315000000.0,-386000000.0,-71000000.0,-71000000.0,900000000.0,467000000.0,49000000.0,0.0,0.0,960000000.0,0.9311348206,-467000000.0,493000000.0,0.4781765276,180000000.0,313000000.0,0.3035887488,0.41,0.4,766000000,779000000,,,1.345953002610966,0.4086161879895561,1.7506527415143602,1.7219321148825066,17.52088772845953,8.809399477806789,8.809399477806789,7.1122715404699735,11.305483028720626,32677560000.0,32367560000.0,26.1002875399361,31.69501454898157,24.36805369127517,24.77449583017437,5.998083700440529,5.998083700440529,31.39433559650824,0.0,24.13688292319165,24.53946929492039,0.0095784385370266,0.0403640908317512,1.5038546255506609,0.1290175267310205,0.0,0.2705048402615508,2.0556745182012848,4.284345047923322,0.0032132142057118,0.3354632587859425,0.3055286129970902,0.0,0.0,0.0164056674123788,0.0213385063045586,0.4489795918367347,0.0,8.086362526396067,0.0326228603869035,0.0049289009968033,-56.224216710182766,-37151000000.0,6748000000.0,-42979000000.0,-36295000000.0,347500000.0,180500000.0,0.0,30.98933074684772,0.0,0.0,2.904225352112676,0.0,0.0,0.0574522760646108,0.0287206266318537,1999-01-19,0.4,bmo,1031000000.0,2025-04-25,1998-12-31,0.0,34.9796875,1456616.875
1998-09-30,BK,USD,1390777,1998-09-30,1998-09-29 20:00:00,1998,Q3,987000000.0,0.0,987000000.0,1.0,0,294000000.0,0.0,294000000.0,-314000000.0,-20000000.0,-20000000.0,906000000.0,491000000.0,48000000.0,0.0,0.0,967000000.0,0.9797365755,-491000000.0,476000000.0,0.4822695035,175000000.0,301000000.0,0.304964539,0.4,0.39,751000000,779000000,,,1.3142476697736352,0.4007989347536618,-0.1318242343541944,-0.1691078561917443,18.59254327563249,8.40745672436751,8.40745672436751,6.676431424766977,12.716378162450066,21786510000.0,20485510000.0,18.09510797342193,22.073465045592705,-220.0657575757576,-171.54732283464566,4.345135620263263,4.345135620263263,20.75532928064843,0.0,-206.92434343434343,-161.3032283464567,0.0138158888229459,-0.0058292952841001,1.8067411248504188,0.1419638939384442,0.0,0.2766430699005841,1.969450101832994,-0.3289036544850498,0.0047735961381607,0.3455149501661129,0.2978723404255319,0.0,0.0,-0.2828282828282828,0.0283687943262411,0.5833333333333334,0.0,7.759374882524734,0.0319363500348695,0.0047169811320754,-57.62982689747004,-37399000000.0,6314000000.0,-43195000000.0,-36549000000.0,352000000.0,162500000.0,0.0,31.003039513677813,0.0,0.0,2.902941176470588,0.0,0.0,0.0600319106501794,0.0372836218375499,1998-10-19,0.39,bmo,987000000.0,2025-04-25,1998-09-30,0.0,31.54421875,1769495.921875
1998-06-30,BK,USD,1390777,1998-06-30,1998-06-29 20:00:00,1998,Q2,969000000.0,0.0,969000000.0,1.0,0,287000000.0,0.0,287000000.0,-327000000.0,-40000000.0,-40000000.0,870000000.0,462000000.0,46000000.0,0.0,0.0,929000000.0,0.9587203302,-462000000.0,467000000.0,0.4819401445,172000000.0,295000000.0,0.3044375645,0.4,0.38,748000000,784000000,,,1.2954545454545454,0.3943850267379679,0.25,0.2219251336898395,15.79946524064171,8.379679144385026,8.379679144385026,6.641711229946524,13.485294117647058,24130480000.0,24526480000.0,20.449559322033892,24.90245614035088,129.04,145.3643373493976,4.857181964573269,4.857181964573269,25.31112487100103,0.0,131.15764705882353,147.74987951807228,0.012225202316738,0.0068792663884017,1.9373993558776168,0.152770502991921,0.0,0.238013364073307,2.01082251082251,0.6360544217687075,0.0040612536509841,0.3322033898305084,0.2961816305469556,0.0,0.0,0.1122994652406417,0.0216718266253869,0.4565217391304347,0.0,7.676998623986281,0.0301826642882214,0.004682316715077,-59.68449197860963,-39000000000.0,6268000000.0,-44553000000.0,-38157000000.0,357500000.0,161000000.0,0.0,33.808049535603715,0.0,0.0,2.662087912087912,0.0,0.0,0.0593800322061191,0.0280748663101604,1998-07-20,0.38,bmo,918000000.0,2025-04-25,1998-06-30,0.0526315789473684,32.38444444444445,1801916.142857143
1998-03-31,BK,USD,1390777,1998-03-31,1998-03-30 19:00:00,1998,Q1,948000000.0,0.0,948000000.0,1.0,0,283000000.0,0.0,283000000.0,-336000000.0,-53000000.0,-53000000.0,834000000.0,439000000.0,44000000.0,0.0,0.0,895000000.0,0.944092827,-439000000.0,456000000.0,0.4810126582,172000000.0,284000000.0,0.2995780591,0.39,0.37,738000000,780000000,,,1.2845528455284554,0.3848238482384823,0.1856368563685637,0.1626016260162601,14.619241192411923,8.281842818428185,8.281842818428185,6.520325203252033,12.682926829268292,24568020000.0,25432020000.0,21.626778169014084,25.915632911392404,179.3286131386861,204.7335,5.105573566084788,5.105573566084788,26.827025316455696,0.0,185.63518248175183,211.9335,0.0115597431132016,0.0048843984985359,1.8539068994181216,0.1496535874251396,0.0,0.2334402045221181,2.0387243735763096,0.4823943661971831,0.0039075187988287,0.3380281690140845,0.2985232067510548,0.0,0.0,0.1240875912408759,0.0179324894514767,0.3863636363636363,0.0,7.513752346254218,0.029567806105546,0.0047642213685393,-57.515921409214094,-36581000000.0,6112000000.0,-42359000000.0,-35743000000.0,353500000.0,176000000.0,0.0,33.32278481012658,0.0,0.0,2.700854700854701,0.0,0.0,0.0590191188694929,0.0230352303523035,1998-04-20,0.36,bmo,921666666.0,2025-04-25,1998-03-31,0.0277777777777778,30.738196721311475,1544989.0163934426
1997-12-31,BK,USD,1390777,1997-12-31,1997-12-30 19:00:00,1997,Q4,1089000000.0,0.0,1089000000.0,1.0,0,277000000.0,0.0,277000000.0,-448000000.0,-171000000.0,-171000000.0,839000000.0,439000000.0,46000000.0,0.0,0.0,918000000.0,0.8429752066,-439000000.0,479000000.0,0.4398530762,181000000.0,296000000.0,0.2718089991,0.4,0.38,738000000,780000000,,,1.475609756097561,0.4010840108401084,-0.3699186991869919,-0.3902439024390244,18.06368563685637,8.13279132791328,8.13279132791328,6.777777777777778,12.533875338753388,22612320000.0,23528320000.0,19.098243243243243,20.76429752066116,-82.82901098901098,-78.515,4.520655737704918,4.520655737704918,21.60543617998163,0.0,-86.18432234432234,-81.69555555555556,0.013090209231074,-0.0127364197923963,1.7614954018392643,0.1469455145844799,0.0,0.2819678210172843,2.091116173120729,-0.9161073825503356,0.0043781443036362,0.3344594594594595,0.2543617998163452,0.0,0.0,-0.0549450549450549,0.0137741046831955,0.3260869565217391,0.0,7.820825509696309,0.0310017817037766,0.004936542085689,-54.68970189701897,-34854000000.0,6002000000.0,-40272000000.0,-34019000000.0,327000000.0,179500000.0,0.0,29.421487603305785,0.0,0.0,3.058988764044944,0.0,0.0,0.0591763294682127,0.0203252032520325,1998-01-20,0.36,bmo,1028500000.0,2025-04-25,1997-12-31,0.0555555555555556,27.435625,1600132.734375
1997-09-30,BK,USD,1390777,1997-09-30,1997-09-29 20:00:00,1997,Q3,990000000.0,0.0,990000000.0,1.0,0,269000000.0,0.0,269000000.0,-386000000.0,-117000000.0,-117000000.0,921000000.0,435000000.0,52000000.0,0.0,0.0,873000000.0,0.8818181818,-435000000.0,438000000.0,0.4424242424,165000000.0,270000000.0,0.2727272727,0.36,0.34,750000000,794117647,,,1.32,0.36,0.8426666666666667,0.8253333333333334,16.412,7.989333333333334,7.989333333333334,6.656,12.190666666666669,19080000000.0,20753000000.0,17.666666666666668,19.272727272727277,30.18987341772152,30.823909531502423,3.822115384615385,3.822115384615385,20.962626262626262,0.0,32.837025316455694,33.52665589660743,0.0141509433962264,0.0324423480083857,1.7443910256410255,0.1422364509490052,0.0,0.2545017764857881,2.0068965517241377,2.323529411764706,0.0048742138364779,0.3444444444444444,0.2717171717171717,0.0,0.0,0.0205696202531645,0.0131313131313131,0.25,0.0,7.34258809957361,0.0293063034947111,0.0044101793472934,-56.93,-36929000000.0,5992000000.0,-42623000000.0,-36078000000.0,296500000.0,160500000.0,0.0,27.09090909090909,0.0,0.0,3.3221476510067114,0.0,0.0,0.0540865384615384,0.0173333333333333,1997-10-21,0.35,bmo,990000000.0,2025-04-25,1997-09-30,0.0,24.75078125,1464217.6875
1997-06-30,BK,USD,1390777,1997-06-30,1997-06-29 20:00:00,1997,Q2,970000000.0,0.0,970000000.0,1.0,0,263000000.0,0.0,263000000.0,-371000000.0,-108000000.0,-108000000.0,912000000.0,431000000.0,50000000.0,0.0,0.0,862000000.0,0.8886597938,-431000000.0,431000000.0,0.4443298969,162000000.0,266000000.0,0.2742268041,0.35,0.33,760000000,806060606,,,1.2763157894736843,0.35,0.0381578947368421,0.0276315789473684,16.189473684210526,7.811842105263158,7.811842105263158,6.496052631578947,11.182894736842105,17571200000.0,15631200000.0,16.514285714285716,18.11463917525773,605.903448275862,836.7238095238096,3.5590844642495445,3.5590844642495445,16.114639175257732,0.0,539.0068965517241,744.3428571428572,0.0151384083044982,0.0011951374977235,1.634190804132064,0.1317396557917768,0.0,0.2508511697361871,2.0,0.1078066914498141,0.0054065743944636,0.3571428571428571,0.2711340206185567,0.0,0.0,0.2758620689655172,0.0082474226804123,0.16,0.0,7.152371248312282,0.031127053922703,0.0043434244472747,-56.2891447368421,-37626000000.0,5937000000.0,-42706000000.0,-36769000000.0,283500000.0,149000000.0,0.0,27.371134020618555,0.0,0.0,3.288135593220339,0.0,0.0,0.053878873810006,0.0105263157894736,1997-07-14,0.33,bmo,940606060.0,2025-04-25,1997-06-30,0.0303030303030303,21.6171875,2052062.171875
1997-03-31,BK,USD,1390777,1997-03-31,1997-03-30 19:00:00,1997,Q1,943000000.0,0.0,943000000.0,1.0,0,257000000.0,0.0,257000000.0,-376000000.0,-119000000.0,-119000000.0,887000000.0,399000000.0,52000000.0,0.0,0.0,824000000.0,0.8738069989,-399000000.0,425000000.0,0.4506892895,160000000.0,263000000.0,0.2788971368,0.34,0.32,773529412,821875000,,,1.2190874521006578,0.3399999998965779,0.5662357412726279,0.5546007602875739,15.729201516128,7.265399237333719,7.265399237333719,6.489733838330119,11.170874521316843,15068352945.76,13361352945.76,14.323529416121676,15.979165371961823,34.40263229625571,35.1243658409324,3.001663933418327,3.001663933418327,14.168985096246024,0.0,30.505372022283105,31.145344861911425,0.017453798762658,0.0284702649018261,1.6418326693227092,0.141168813373527,0.0,0.2600071068748563,2.0651629072681703,1.6528301886792454,0.0063709683696394,0.3650190114068441,0.2725344644750795,0.0,0.0,0.0205479452054794,0.009544008483563,0.173076923076923,0.0,7.046024684041621,0.0302798347061596,0.004504658810633,-52.21908743658735,-35402000000.0,5620000000.0,-40325000000.0,-34537000000.0,293500000.0,160500000.0,0.0,25.95970307529162,0.0,0.0,3.4669117647058822,0.0,0.0,0.0523904382470119,0.0116349809850539,1997-04-14,0.31,bmo,882161290.0,2025-04-25,1997-03-31,0.0645161290322581,20.00901639344262,1999046.754098361
1996-12-31,BK,USD,1390777,1996-12-31,1996-12-30 19:00:00,1996,Q4,931000000.0,0.0,931000000.0,1.0,0,264000000.0,0.0,264000000.0,-399000000.0,-135000000.0,-135000000.0,882000000.0,392000000.0,59000000.0,0.0,0.0,796000000.0,0.8549946294,-392000000.0,404000000.0,0.4339419979,154000000.0,248000000.0,0.2663802363,0.32,0.3,773529412,821875000,,,1.2035741441205858,0.320608364921488,0.4653992394021599,0.4537642584171059,12.317566536177166,7.403726233489361,7.403726233489361,6.628060834485761,10.457262354233531,13838441180.68,14116441180.68,13.950041512782258,14.864061418560688,38.44011439077778,39.42575834951567,2.699130325859177,2.699130325859177,15.1626650705478,0.0,39.212336613,40.21778114153846,0.0179210936233363,0.025364128474964,1.5012677979325142,0.138025643324666,0.0,0.2168491551188561,2.0306122448979598,1.44,0.0063590977373129,0.3548387096774194,0.2835660580021482,0.0,0.0,0.025,0.0096670247046186,0.1525423728813559,0.0,6.914677454643437,0.0303029380145027,0.004447233928091,-52.06492393853539,-35548000000.0,5727000000.0,-40195000000.0,-34673000000.0,308000000.0,181000000.0,0.0,30.451127819548876,0.0,0.0,2.955555555555556,0.0,0.0,0.0483713672713087,0.0116349809850539,1997-01-16,0.3,bmo,899966666.0,2025-04-25,1996-12-31,0.0333333333333333,17.305625,2013423.484375
1996-09-30,BK,USD,1390777,1996-09-30,1996-09-29 20:00:00,1996,Q3,899000000.0,0.0,899000000.0,1.0,0,253000000.0,0.0,253000000.0,-359000000.0,-106000000.0,-106000000.0,856000000.0,389000000.0,62000000.0,0.0,0.0,793000000.0,0.8820912125,-389000000.0,404000000.0,0.4493882091,155000000.0,246000000.0,0.2736373749,0.32,0.3,768750000,820000000,,,1.169430894308943,0.32,-0.0208130081300813,-0.0403252032520325,9.317723577235771,6.656260162601626,6.656260162601626,6.656260162601626,10.809756097560976,11969437500.0,14105437500.0,12.1640625,13.31416852057842,-748.08984375,-386.1108870967742,2.339151358217706,2.339151358217706,15.690141824249164,0.0,-881.58984375,-455.0141129032258,0.0205523442517662,-0.0025899295601819,1.5479773304670703,0.1511987478048408,0.0,0.174144327010569,2.038560411311054,-0.0642570281124498,0.0073520581063228,0.3577235772357723,0.2814238042269188,0.0,0.0,-0.9375,0.0166852057842046,0.2419354838709677,0.0,6.922793740299627,0.0312663095250159,0.0046957318469878,-51.87934959349594,-35397000000.0,5117000000.0,-39807000000.0,-34514000000.0,298500000.0,186000000.0,0.0,30.13348164627364,0.0,0.0,2.9867109634551494,0.0,0.0,0.0480750439710768,0.0195121951219512,1996-10-15,0.3,bmo,,2025-04-25,1996-09-30,0.0,14.52171875,1902891.171875
1996-06-30,BK,USD,1390777,1996-06-30,1996-06-29 20:00:00,1996,Q2,1334000000.0,0.0,1334000000.0,1.0,0,249000000.0,0.0,249000000.0,-709000000.0,-460000000.0,-460000000.0,910000000.0,422000000.0,59000000.0,0.0,0.0,874000000.0,0.6551724138,-422000000.0,452000000.0,0.3388305847,174000000.0,275000000.0,0.2061469265,0.36,0.33,763888889,833333333,,,1.7463272724732617,0.3599999999476364,0.5982545453675266,0.5864727271874222,8.824581816898244,6.633163635398812,6.633163635398812,6.633163635398812,11.095854543840604,10472916668.19,13689916668.19,9.520833334718182,7.850762120082459,22.91666667,23.37704613435268,2.066887047205447,2.066887047205447,10.262306347968517,0.0,29.95605397853392,30.55784970578125,0.0262582056854585,0.0427770041712197,1.58950069074403,0.1564886237783434,0.0,0.1684298707515557,2.071090047393365,1.643884892086331,0.0077342351291714,0.2945454545454545,0.1866566716641679,0.0,0.0,0.0196936542669584,0.0067466266866566,0.1525423728813559,0.0,7.329981271389124,0.0339618822697985,0.005343229642295,-51.62661817430885,-34743000000.0,5067000000.0,-39363000000.0,-33855000000.0,276500000.0,178500000.0,0.0,19.97001499250375,0.0,0.0,4.506756756756757,0.0,0.0,0.0542727452141306,0.0117818181801044,1996-07-17,0.3,bmo,,2025-04-25,1996-06-30,0.0,13.386666666666668,3376364.761904762
1996-03-31,BK,USD,1390777,1996-03-31,1996-03-30 19:00:00,1996,Q1,929000000.0,0.0,929000000.0,1.0,0,247000000.0,0.0,247000000.0,-362000000.0,-115000000.0,-115000000.0,928000000.0,419000000.0,57000000.0,0.0,0.0,814000000.0,0.8762109795,-419000000.0,395000000.0,0.4251883746,152000000.0,241000000.0,0.2594187298,0.29,0.29,831034483,831034483,,,1.1178838171026892,0.2899999999157676,0.1335684646914946,0.1167219916673421,6.617053939986747,6.310207467046828,6.310207467046828,6.310207467046828,11.822614104449864,11501517244.72,17121517244.72,11.931034486224066,12.38053524727664,103.61727247495496,118.57234272907216,2.193271785797102,2.193271785797102,18.43005085545748,0.0,154.24790310558558,176.51048705896906,0.0209537572193473,0.0084336699181605,1.7936689549961862,0.1764165275615657,0.0,0.1321668848017267,1.9427207637231505,0.4567901234567901,0.0070425491069175,0.3360995850622407,0.2658772874058127,0.0,0.0,0.1261261261261261,0.015069967707212,0.2456140350877192,0.0,6.4167050509214825,0.0290432987450426,0.0045201342911266,-50.99818463249015,-37795000000.0,5244000000.0,-42317000000.0,-36897000000.0,263500000.0,185000000.0,0.0,24.89773950484392,0.0,0.0,3.614785992217899,0.0,0.0,0.0459572845156369,0.0168464730241524,1996-04-11,0.29,bmo,,2025-04-25,1996-03-31,-0.0344827586206894,13.366825396825398,2677350.523809524
1995-12-31,BK,USD,1390777,1995-12-31,1995-12-30 19:00:00,1995,Q4,944000000.0,0.0,944000000.0,1.0,0,237000000.0,0.0,237000000.0,-345000000.0,-108000000.0,-108000000.0,966000000.0,445000000.0,53000000.0,0.0,0.0,836000000.0,0.8855932203,-445000000.0,391000000.0,0.4141949153,150000000.0,238000000.0,0.2521186441,0.31,0.28,777419355,860714286,,,1.214273858669238,0.3061410787746595,0.8463900413181763,0.8206639002446755,9.50709543371222,6.72995850482781,6.72995850482781,6.72995850482781,12.775601657100498,9989838711.75,13783838711.75,10.493528058560925,10.582456262447034,15.18212570174772,15.658054407131662,1.9093728424598624,1.9093728424598624,14.601524059057205,0.0,20.948083148556236,21.604762871081505,0.023824208464954,0.0638648949606751,1.813264525993884,0.1766008935219657,0.0,0.1751205796968935,1.8786516853932584,2.730290456431536,0.0074075270017084,0.3109243697478991,0.2510593220338983,0.0,0.0,0.0303951367781155,0.0211864406779661,0.3773584905660377,0.0,6.808606834549584,0.0292575452798109,0.0044303797468354,-52.60288380651392,-36086000000.0,5232000000.0,-40827000000.0,-35184000000.0,257500000.0,209000000.0,0.0,25.741525423728817,0.0,0.0,3.4962962962962965,0.0,0.0,0.0454892966360856,0.0257261410735008,1996-01-16,0.27,bmo,,2025-04-25,1995-12-31,0.037037037037037,12.141746031746033,2288834.777777778
1995-09-30,BK,USD,1390777,1995-09-30,1995-09-29 20:00:00,1995,Q3,917000000.0,0.0,917000000.0,1.0,0,232000000.0,0.0,232000000.0,-334000000.0,-102000000.0,-102000000.0,947000000.0,435000000.0,47000000.0,0.0,0.0,815000000.0,0.8887677208,-435000000.0,380000000.0,0.4143947655,146000000.0,232000000.0,0.2529989095,0.29,0.28,800000000,828571429,,,1.14625,0.29,1.03875,1.025,5.97875,6.375,6.375,6.375,12.28625,9856000000.0,16249000000.0,10.620689655172416,10.748091603053435,11.8604091456077,12.019512195121951,1.9325490196078432,1.9325490196078432,17.719738276990185,0.0,19.553549939831527,19.815853658536582,0.023538961038961,0.0831980519480519,1.8419607843137256,0.1838823966958326,0.0,0.1210749373916393,1.8735632183908049,3.5361702127659576,0.0073051948051948,0.3103448275862069,0.2529989094874591,0.0,0.0,0.01323706377858,0.0119956379498364,0.2340425531914893,0.0,6.449563938748107,0.0293198820501625,0.0045412727308317,-51.2753125,-36500000000.0,5100000000.0,-40959000000.0,-35594000000.0,262500000.0,234500000.0,0.0,24.04580152671756,0.0,0.0,3.742857142857143,0.0,0.0,0.0454901960784313,0.01375,1995-10-16,0.27,bmo,,2025-04-25,1995-09-30,0.037037037037037,11.073333333333334,2536818.6666666665
1995-06-30,BK,USD,1390777,1995-06-30,1995-06-29 20:00:00,1995,Q2,854000000.0,0.0,854000000.0,1.0,0,223000000.0,0.0,223000000.0,-233000000.0,-10000000.0,-10000000.0,981000000.0,477000000.0,50000000.0,0.0,0.0,844000000.0,0.9882903981,-477000000.0,367000000.0,0.4297423888,141000000.0,223000000.0,0.2611241218,0.29,0.28,768965517,796428571,,,1.1105829599898691,0.2900000000910314,0.791973094419005,0.7737668163863842,11.225470855541628,6.196636773245581,6.196636773245581,6.196636773245581,12.107174891692836,8227931031.9,12762931031.9,9.224137928139012,9.63457966264637,13.510559986699509,13.82845551579832,1.7267431336621195,1.7267431336621195,14.944884112295082,0.0,20.95719381264368,21.45030425529412,0.0271028037468253,0.0723146557370452,1.8537250786988453,0.1652139757593895,0.0,0.2014375480312825,1.769392033542977,2.7066666666666666,0.0076568459015694,0.2825112107623318,0.2611241217798595,0.0,0.0,0.0229885057471264,0.0163934426229508,0.28,0.0,6.35869915612615,0.031798006706548,0.0041710309741134,-51.83197311044053,-35330000000.0,4765000000.0,-39787000000.0,-34430000000.0,277000000.0,244000000.0,0.0,29.50819672131148,0.0,0.0,3.05,0.0,0.0,0.0467995802728226,0.0182062780326208,1995-07-13,0.26,bmo,,2025-04-25,1995-06-30,0.0384615384615384,9.92746031746032,3203003.1428571427
1995-03-31,BK,USD,1390777,1995-03-31,1995-03-30 19:00:00,1995,Q1,810000000.0,0.0,810000000.0,1.0,0,222000000.0,0.0,222000000.0,-243000000.0,-21000000.0,-21000000.0,936000000.0,445000000.0,48000000.0,0.0,0.0,789000000.0,0.9740740741,-445000000.0,344000000.0,0.424691358,131000000.0,210000000.0,0.2592592593,0.28,0.27,750000000,777777778,,,1.08,0.28,-0.3613333333333333,-0.3733333333333333,12.965333333333334,6.062666666666667,6.062666666666667,6.062666666666667,13.950666666666669,6555000000.0,11896000000.0,7.803571428571428,8.092592592592593,-24.18819188191882,-23.410714285714285,1.4416098526500989,1.4416098526500989,14.68641975308642,0.0,-43.89667896678967,-42.48571428571429,0.0320366132723112,-0.0427154843630816,2.203210908291181,0.1916220351951033,0.0,0.230167134766794,1.7730337078651686,-1.272300469483568,0.0096109839816933,0.3,0.2740740740740741,0.0,0.0,-0.033210332103321,0.0111111111111111,0.1875,0.0,6.180194171706906,0.0285227575138763,0.0040168324407039,-50.40466666666666,-33440000000.0,4547000000.0,-37735000000.0,-32534000000.0,282000000.0,230000000.0,0.0,30.444444444444443,0.0,0.0,2.956204379562044,0.0,0.0,0.0461842973389047,0.012,1995-04-17,0.25,bmo,,2025-04-25,1995-03-31,0.08,8.277936507936507,2439067.380952381
1994-12-31,BK,USD,1390777,1994-12-31,1994-12-30 19:00:00,1994,Q4,775000000.0,0.0,775000000.0,1.0,0,210000000.0,0.0,210000000.0,-285000000.0,-75000000.0,-75000000.0,855000000.0,378000000.0,54000000.0,0.0,0.0,700000000.0,0.9032258065,-378000000.0,322000000.0,0.415483871,121000000.0,198000000.0,0.255483871,0.27,0.26,750000000,777777778,,,1.0333333333333334,0.264,1.448,1.4346666666666668,10.472,5.728,5.728,5.728,11.189333333333334,5760000000.0,9879000000.0,7.272727272727272,7.432258064516129,5.303867403314917,5.353159851301116,1.340782122905028,1.340782122905028,12.74709677419355,0.0,9.096685082872929,9.181226765799256,0.034375,0.1868055555555555,1.8654562383612665,0.163955891077968,0.0,0.2008681925808997,1.851851851851852,5.402985074626866,0.0109375,0.3181818181818182,0.2709677419354839,0.0,0.0,0.009208103130755,0.0129032258064516,0.1851851851851851,0.0,5.833036944851284,0.0299798642702662,0.0040508193702817,-48.682,-32400000000.0,4296000000.0,-36439000000.0,-31486000000.0,265000000.0,196000000.0,0.0,33.677419354838705,0.0,0.0,2.6724137931034484,0.0,0.0,0.0460893854748603,0.0133333333333333,1995-01-17,0.24,bmo,,2025-04-25,1994-12-31,0.0416666666666667,7.858888888888889,2002346.873015873
1994-09-30,BK,USD,1390777,1994-09-30,1994-09-29 20:00:00,1994,Q3,769000000.0,0.0,769000000.0,1.0,0,219000000.0,0.0,219000000.0,-343000000.0,-124000000.0,-124000000.0,783000000.0,335000000.0,48000000.0,0.0,0.0,645000000.0,0.8387516255,-335000000.0,310000000.0,0.4031209363,116000000.0,191000000.0,0.2483745124,0.26,0.24,734615385,795833333,,,1.046806282174447,0.2599999998638743,2.005130889002549,1.99151832356465,12.4350785275209,5.745863871337244,5.745863871337244,5.745863871337244,12.982303658124447,5766730772.25,11209730772.25,7.548076927028796,7.498999703836151,3.914956396639511,3.94171618062201,1.3662001355721392,1.3662001355721392,14.577023110858258,0.0,7.610136301595384,7.662153637901572,0.0331210190909394,0.2536966017279809,2.180052120350628,0.1829205263785631,0.0,0.2610620701177912,1.9253731343283584,7.632124352331606,0.0093640577534593,0.2827225130890052,0.2847854356306892,0.0,0.0,0.0067888662593346,0.0130039011703511,0.2083333333333333,0.0,5.797698131993791,0.0254376834692666,0.0037967638055102,-50.05340311515528,-26536000000.0,4221000000.0,-36710000000.0,-25618000000.0,237000000.0,179500000.0,0.0,28.08842652795839,0.0,0.0,3.2041666666666666,0.0,0.0,0.0452499407723288,0.0136125654378991,1994-10-13,0.22,bmo,,2025-04-25,1994-09-30,0.1363636363636363,8.25484375,1187422.8125
1994-06-30,BK,USD,1390777,1994-06-30,1994-06-29 20:00:00,1994,Q2,730000000.0,0.0,730000000.0,1.0,0,212000000.0,0.0,212000000.0,-372000000.0,-160000000.0,-160000000.0,698000000.0,289000000.0,50000000.0,0.0,0.0,570000000.0,0.7808219178,-289000000.0,281000000.0,0.3849315068,105000000.0,173000000.0,0.2369863014,0.23,0.22,752173913,786363636,,,0.9705202312699722,0.2300000000132948,0.0624855491365598,0.0398843930658892,14.406242775399203,5.480115607253186,5.480115607253186,5.480115607253186,15.114855492203173,5754130434.45,8748130434.45,8.3152173908237,7.882370458150684,122.42830711595744,191.804347815,1.3959559520742355,1.3959559520742355,11.983740321164383,0.0,186.1304347755319,291.60434781500004,0.030065359478862,0.0052136461524038,2.688015526443474,0.2116644697881445,0.0,0.2505828824954161,1.972318339100346,0.2655367231638418,0.0097321394844871,0.3236994219653179,0.2904109589041095,0.0,0.0,0.3617021276595745,0.0232876712328767,0.34,0.0,5.325373063849566,0.0201427824507212,0.0033048694290026,-49.47459537858234,-33107000000.0,4122000000.0,-37155000000.0,-32181000000.0,227500000.0,155000000.0,0.0,28.84931506849315,0.0,0.0,3.11965811965812,0.0,0.0,0.041969917515769,0.0226011560706705,1994-07-14,0.21,bmo,,2025-04-25,1994-06-30,0.0952380952380953,7.597903225806451,1819495.5322580645
1994-03-31,BK,USD,1390777,1994-03-31,1994-03-30 19:00:00,1994,Q1,733000000.0,0.0,733000000.0,1.0,0,211000000.0,0.0,211000000.0,-416000000.0,-205000000.0,-205000000.0,626000000.0,243000000.0,48000000.0,0.0,0.0,528000000.0,0.7203274216,-243000000.0,285000000.0,0.3888130969,107000000.0,173000000.0,0.2360163711,0.24,0.22,720833333,786363636,,,1.0168786131869958,0.2400000001109826,-0.2150289018335393,-0.2233526012593538,8.659421969322276,5.589364164434388,5.589364164434388,5.589364164434388,12.334335265819346,4872833331.08,10057833331.08,7.041666663410404,6.647794448949522,-31.43763439406452,-30.266045534658385,1.2094398935418218,1.2094398935418218,13.72146429888131,0.0,-64.88924729729032,-62.471014478757766,0.0355029585962992,-0.0330403256300819,2.146438322164309,0.1801366438926845,0.0,0.1615951993999249,2.1728395061728394,-0.8707865168539326,0.0094400930371662,0.2658959537572254,0.2878581173260573,0.0,0.0,-0.0387096774193548,0.0081855388813096,0.125,0.0,5.49386626174163,0.0218086383871854,0.0036035660723212,-52.12196534202172,-33532000000.0,4029000000.0,-37516000000.0,-32598000000.0,221500000.0,120500000.0,0.0,27.13506139154161,0.0,0.0,3.316742081447964,0.0,0.0,0.0429386944651278,0.0083236994258144,1994-04-12,0.19,bmo,,2025-04-25,1994-03-31,0.0526315789473684,7.205079365079365,2570328.8571428573
1993-12-31,BK,USD,1390777,1993-12-31,1993-12-30 19:00:00,1993,Q4,688000000.0,0.0,688000000.0,1.0,0,199000000.0,0.0,199000000.0,-411000000.0,-212000000.0,-212000000.0,626000000.0,246000000.0,49000000.0,0.0,0.0,476000000.0,0.6918604651,-246000000.0,230000000.0,0.3343023256,73000000.0,151000000.0,0.2194767442,0.22,0.2,720833333,786363636,,,0.9544508674933876,0.2094797688829964,0.1664739885162885,0.1512138729022954,8.519306362321066,5.649017343652725,5.649017343652725,5.649017343652725,10.166011565394689,5442291664.15,7744291664.15,9.0104166625,7.910307651380814,45.35243053458333,49.92928132247706,1.33651563461444,1.33651563461444,11.256237883938953,0.0,64.53576386791666,71.04854737752294,0.0277456647527147,0.0200283275367278,1.7391944990176815,0.1554911518025732,0.0,0.1685027276097664,1.934959349593496,0.7643312101910829,0.0095547984578885,0.3443708609271523,0.2892441860465116,0.0,0.0,0.0916666666666666,0.0159883720930232,0.2244897959183673,0.0,5.159988766479948,0.0244743702267576,0.0033153295569314,-48.78589597631718,-31399000000.0,4072000000.0,-35111000000.0,-30454000000.0,219500000.0,115500000.0,0.0,29.04069767441861,0.0,0.0,3.099099099099099,0.0,0.0,0.037082514734774,0.0152601156139931,1994-01-14,0.19,bmo,,2025-04-25,1993-12-31,0.0526315789473684,7.3275,2696979.03125
1993-09-30,BK,USD,1390777,1993-09-30,1993-09-29 20:00:00,1993,Q3,711000000.0,0.0,711000000.0,1.0,0,202000000.0,0.0,202000000.0,-410000000.0,-208000000.0,-208000000.0,628000000.0,252000000.0,57000000.0,0.0,0.0,503000000.0,0.7074542897,-252000000.0,251000000.0,0.35302391,100000000.0,145000000.0,0.2039381153,0.2,0.19,725000000,763157895,,,0.9806896551724138,0.2,0.7862068965517242,0.7572413793103449,8.532413793103448,5.466206896551724,5.466206896551724,5.466206896551724,10.513103448275862,5437500000.0,8119500000.0,9.375,7.647679324894515,9.539473684210526,9.904371584699453,1.3720666161998487,1.3720666161998487,11.419831223628693,0.0,14.244736842105263,14.789617486338798,0.0266666666666666,0.1009655172413793,1.859702245773404,0.1618215352186896,0.0,0.1708696928455154,1.996031746031746,3.904109589041096,0.0091954022988505,0.3448275862068966,0.2841068917018284,0.0,0.0,0.0368421052631578,0.0295358649789029,0.3684210526315789,0.0,4.95963013081447,0.0220860954401502,0.0031837344106797,-48.59620689655173,-31070000000.0,3963000000.0,-35178000000.0,-30117000000.0,203000000.0,121500000.0,0.0,27.468354430379748,0.0,0.0,3.2764976958525347,0.0,0.0,0.0365884430986626,0.0289655172413793,1993-10-15,0.17,bmo,,2025-04-25,1993-09-30,0.0588235294117645,7.319375,2462116.234375
1993-06-30,BK,USD,1390777,1993-06-30,1993-06-29 20:00:00,1993,Q2,655000000.0,0.0,655000000.0,1.0,0,183000000.0,0.0,183000000.0,-395000000.0,-212000000.0,-212000000.0,561000000.0,232000000.0,39000000.0,0.0,0.0,443000000.0,0.6763358779,-232000000.0,211000000.0,0.3221374046,81000000.0,123000000.0,0.1877862595,0.19,0.18,647368421,683333333,,,1.011788617968438,0.1900000000154471,0.1946341463572873,0.1822764227790468,9.08292683000674,5.553252032971809,5.553252032971809,5.553252032971809,11.625528456229718,5094789473.27,8019789473.27,10.355263157052846,7.778304539343512,40.43483708944445,43.17618197686441,1.4171876142614743,1.4171876142614743,12.243953394305343,0.0,63.649122803730165,67.96431757008475,0.0241423125813782,0.023160917760997,2.028929068150209,0.1777073943233036,0.0,0.182389181066867,1.9094827586206893,0.9618320610687024,0.0076548795989736,0.3170731707317073,0.2793893129770992,0.0,0.0,0.0634920634920634,0.0122137404580152,0.2051282051282051,0.0,4.872386729610508,0.0208620644061447,0.0029967109270313,-48.547703255979485,-27206000000.0,3595000000.0,-31381000000.0,-26353000000.0,209500000.0,121000000.0,0.0,25.96946564885496,0.0,0.0,3.4656084656084656,0.0,0.0,0.0342141863699582,0.0123577235782404,1993-07-13,0.16,bmo,,2025-04-25,1993-06-30,0.1875,7.360793650793651,2537022.3174603176
1993-03-31,BK,USD,1390777,1993-03-31,1993-03-30 19:00:00,1993,Q1,641000000.0,0.0,641000000.0,1.0,0,183000000.0,0.0,183000000.0,-385000000.0,-202000000.0,-202000000.0,561000000.0,240000000.0,42000000.0,0.0,0.0,439000000.0,0.6848673947,-240000000.0,199000000.0,0.3104524181,74000000.0,117000000.0,0.1825273011,0.19,0.18,615789474,650000000,,,1.0409401704063554,0.1899999999025641,2.091623930551304,2.0802564091896123,9.332735037949025,5.799059826085952,5.799059826085952,5.799059826085952,11.955384609253649,4710789476.1,7068789476.1,10.065789478846154,7.34912554773791,3.657445245419255,3.6774312850117097,1.3191793548305797,1.3191793548305797,11.027752692823714,0.0,5.488190587034162,5.518180699531616,0.0248366012944528,0.271928942377727,1.9943993279193504,0.1778410367817814,0.0,0.1826041793963094,1.8291666666666664,10.304,0.0080665884546086,0.3247863247863248,0.2854914196567862,0.0,0.0,0.0054347826086956,0.0109204368174727,0.1666666666666666,0.0,4.979054201733912,0.0216413254468859,0.0029215671585886,-49.62166664121966,-26755000000.0,3571000000.0,-30499000000.0,-25893000000.0,215500000.0,132500000.0,0.0,32.29329173166927,0.0,0.0,2.7869565217391306,0.0,0.0,0.0327639316718006,0.0113675213616918,1993-04-14,0.15,bmo,,2025-04-25,1993-03-31,0.2,7.451290322580645,2468146.0483870967
1992-12-31,BK,USD,1390777,1992-12-31,1992-12-30 19:00:00,1992,Q4,605000000.0,0.0,605000000.0,1.0,0,176000000.0,0.0,176000000.0,-353000000.0,-177000000.0,-177000000.0,596000000.0,269000000.0,46000000.0,0.0,0.0,428000000.0,0.7074380165,-269000000.0,159000000.0,0.2628099174,54000000.0,97000000.0,0.1603305785,0.17,0.16,615789474,650000000,,,0.9824786319747972,0.1575213674405873,2.333589742393031,2.312478631292746,9.878376063310236,5.708119655192418,5.708119655192418,5.708119655192418,10.854358968792637,4396736844.36,5494736844.36,11.331795990618556,7.267333627041322,3.0596637747807933,3.087596098567416,1.2508497423499287,1.2508497423499287,9.082209660099172,0.0,3.8237556328183713,3.858663514297753,0.0220618161681494,0.3238765590045863,1.8250355618776672,0.1568114595810213,0.0,0.1831589378880177,1.5910780669144982,13.685714285714283,0.0088702147480188,0.4020618556701031,0.2909090909090909,0.0,0.0,0.0090466249130132,0.0214876033057851,0.2826086956521739,0.0,4.497876532988548,0.0249815723381617,0.0023711163802586,-50.60211535866558,-28025000000.0,3515000000.0,-31110000000.0,-27307000000.0,223000000.0,142500000.0,0.0,29.90082644628099,0.0,0.0,3.009950248756219,0.0,0.0,0.0275960170697012,0.0211111111002849,1992-12-30,,bmo,,2025-04-25,1992-12-31,,6.393125,2137623.84375
1992-09-30,BK,USD,1390777,1992-09-30,1992-09-29 20:00:00,1992,Q3,604000000.0,0.0,604000000.0,1.0,0,168000000.0,0.0,168000000.0,-328000000.0,-160000000.0,-160000000.0,603000000.0,296000000.0,42000000.0,0.0,0.0,444000000.0,0.7350993377,-296000000.0,148000000.0,0.2450331126,50000000.0,98000000.0,0.1622516556,0.14,0.14,700000000,700000000,,,0.8628571428571429,0.14,-1.3571428571428572,-1.3671428571428572,7.801428571428572,4.88,4.88,4.88,13.08,4081000000.0,10645000000.0,10.410714285714285,6.756622516556291,-4.29578947368421,-4.264367816091954,1.194672131147541,1.194672131147541,17.624172185430464,0.0,-11.205263157894738,-11.12330198537095,0.0240137221269296,-0.2345013477088948,2.5936768149882905,0.2090658108969064,0.0,0.1608774106236607,1.5,-9.793814432989691,0.0093114432737074,0.3877551020408163,0.2781456953642384,0.0,0.0,-0.0073684210526315,0.0115894039735099,0.1666666666666666,0.0,3.92071422064909,0.0206794682422452,0.002312466079898,-47.5975,-29762000000.0,3416000000.0,-33257000000.0,-29056000000.0,239000000.0,163500000.0,0.0,36.50662251655629,0.0,0.0,2.4653061224489794,0.0,0.0,0.0286885245901639,0.01,1993-01-16,0.14,bmo,,2025-04-25,1992-09-30,0.0714285714285712,5.5284375,1606353.859375
1992-06-30,BK,USD,1390777,1992-06-30,1992-06-29 20:00:00,1992,Q2,564000000.0,0.0,564000000.0,1.0,0,163000000.0,0.0,163000000.0,-275000000.0,-112000000.0,-112000000.0,612000000.0,320000000.0,41000000.0,0.0,0.0,452000000.0,0.8014184397,-320000000.0,132000000.0,0.2340425532,45000000.0,87000000.0,0.1542553191,0.14,0.14,621428571,621428571,,,0.9075862075224732,0.1400000000965517,0.5825287360339279,0.5696551728066588,10.965057478826475,5.392413796822354,5.392413796822354,5.392413796822354,11.68275862874673,3324642854.85,7010642854.85,9.553571421982758,5.894756834840425,9.184096284116022,9.391646482627118,0.992134543375112,0.992134543375112,12.430217827748228,0.0,19.366416726104973,19.804075861158196,0.0261682243171124,0.106477602393768,2.071023575052223,0.1678883324866342,0.0,0.198602147507257,1.4125,4.160919540229885,0.0102266623768025,0.3908045977011494,0.2890070921985815,0.0,0.0,0.0220994475138121,0.0141843971631205,0.1951219512195122,0.0,4.1214200794999005,0.0257550869636976,0.0021046520066768,-49.88063221830848,-28436000000.0,3351000000.0,-30939000000.0,-27721000000.0,243000000.0,185000000.0,0.0,37.180851063829785,0.0,0.0,2.4206008583690988,0.0,0.0,0.0259623992837958,0.0128735632272691,1992-06-29,,bmo,,2025-04-25,1992-06-30,,5.402063492063492,2215529.53968254
1992-03-31,BK,USD,1390777,1992-03-31,1992-03-30 19:00:00,1992,Q1,585000000.0,0.0,585000000.0,1.0,0,161000000.0,0.0,161000000.0,-284000000.0,-123000000.0,-123000000.0,640000000.0,341000000.0,36000000.0,0.0,0.0,462000000.0,0.7897435897,-341000000.0,121000000.0,0.2068376068,41000000.0,72000000.0,0.1230769231,0.13,0.13,553846154,553846154,,,1.0562499997065973,0.1299999999638889,0.1805555555054012,0.1661111110649691,8.749722219791744,5.335416665184606,5.335416665184606,5.335416665184606,11.719861107855596,3051692308.54,6672692308.54,10.596153849097222,5.216568048786325,30.5169230854,33.17056857108695,1.0327215934145515,1.0327215934145515,11.406311638529914,0.0,66.7269230854,72.52926422326087,0.0235934664181286,0.030147207089831,2.081218274111675,0.1531794067100052,0.0,0.1484641141359732,1.3548387096774193,1.25,0.0114690461754792,0.4861111111111111,0.2752136752136752,0.0,0.0,0.08,0.0136752136752136,0.2222222222222222,0.0,3.9504548777741975,0.0284885791321157,0.0017933198834342,-58.06350692831569,-29246000000.0,2955000000.0,-32095000000.0,-28522000000.0,260500000.0,203500000.0,0.0,38.92307692307692,0.0,0.0,2.312252964426877,0.0,0.0,0.0243654822335025,0.0144444444404321,1992-03-30,,bmo,,2025-04-25,1992-03-31,,4.961269841269841,1917935.7142857143
1991-12-31,BK,USD,1390777,1991-12-31,1991-12-30 19:00:00,1991,Q4,575800000.0,0.0,575800000.0,1.0,0,145600000.0,0.0,145600000.0,-202400000.0,-56800000.0,-56800000.0,692100000.0,411400000.0,40300000.0,0.0,0.0,519000000.0,0.901354637,-411400000.0,107600000.0,0.1868704411,41700000.0,65900000.0,0.1144494616,0.12,0.12,553846154,553846154,,,1.0396388886001002,0.1189861110780594,0.796069444223314,0.7830694442269251,7.794583331168171,5.239722220766744,5.239722220766744,5.239722220766744,11.498499996805972,2265230769.86,5967230769.860001,8.593439946358119,3.934058301250434,5.137742730460421,5.223036130643302,0.7805757304824259,0.7805757304824259,10.363374035880517,0.0,13.534204513177592,13.758890407793409,0.029091958698792,0.1914595218158741,2.0527222605099933,0.1510931872368487,0.0,0.1351550524702275,1.2615459406903258,6.690440060698028,0.0154509644075526,0.5311077389984825,0.2528655783258076,0.0,0.0,0.0163302336130641,0.0125043417853421,0.1786600496277915,0.0,3.745359639475544,0.0310808040382935,0.001671485821539,-57.78861109505872,-29339000000.0,2902000000.0,-31939000000.0,-28605000000.0,264150000.0,226750000.0,0.0,41.88954498089614,0.0,0.0,2.1485074626865672,0.0,0.0,0.0227084769124741,0.0129999999963888,1991-12-30,,bmo,,2025-04-25,1991-12-31,,4.01515625,1443941.46875
1991-09-30,BK,USD,1390777,1991-09-30,1991-09-29 20:00:00,1991,Q3,567700000.0,0.0,567700000.0,1.0,0,146300000.0,0.0,146300000.0,-155900000.0,-9600000.0,-9600000.0,761800000.0,464500000.0,39900000.0,0.0,0.0,558100000.0,0.98308966,-464500000.0,93600000.0,0.1648758147,34800000.0,58800000.0,0.1035758323,0.09,0.09,653333333,653333333,,,0.8689285718719023,0.0900000000459183,0.0104081632706164,0.0041326530633329,7.548673473239119,4.3972959206108655,4.3972959206108655,4.3972959206108655,8.788316331014448,2639466665.32,5678866665.32,11.2222222164966,4.64940402557689,388.1568625470589,977.5802464148148,0.9187464462111457,0.9187464462111457,10.003288119288356,0.0,835.1274507823529,2103.2839501185185,0.0222772277341382,0.0010229339265675,1.8368895541090884,0.1308712515747601,0.0,0.149561865915415,1.2015069967707213,0.1156462585034013,0.01307082239503,0.5867346938775511,0.2577065351418002,0.0,0.0,0.6029411764705882,0.0072221243614585,0.1027568922305764,0.0,2.9840449466755903,0.0363264689113788,0.0014582031366247,-49.47501278034439,-29523300000.0,2872900000.0,-32258600000.0,-28774400000.0,286900000.0,237050000.0,0.0,41.26651400387529,0.0,0.0,2.180945063388398,0.0,0.0,0.0204671238121758,0.0062755102072834,1991-09-29,,bmo,,2025-04-25,1991-09-30,,4.1196875,1727237.90625
1991-06-30,BK,USD,1390777,1991-06-30,1991-06-29 20:00:00,1991,Q2,531300000.0,0.0,531300000.0,1.0,0,148300000.0,0.0,148300000.0,-79700000.0,68600000.0,68600000.0,793600000.0,504600000.0,37800000.0,0.0,0.0,599900000.0,1.1291172596,-504600000.0,95300000.0,0.1793713533,34700000.0,60600000.0,0.1140598532,0.1,0.1,606000000,606000000,,,0.8767326732673267,0.1,0.8566006600660065,0.8466996699669967,8.042739273927392,4.694719471947194,4.694719471947194,4.694719471947194,9.101980198019804,2260380000.0,5255180000.0,9.325,4.254432523997742,4.354421113465614,4.4053400896511405,0.7945096660808436,0.7945096660808436,9.89117259552042,0.0,10.12363706414949,10.242019099590722,0.0268096514745308,0.2269972305541546,1.7614059753954303,0.1211614204164923,0.0,0.1431595331598367,1.1888624653190647,8.566006600660065,0.0153071607428839,0.570957095709571,0.2791266704310182,0.0,0.0,0.0115584665767674,0.0112930547713156,0.1587301587301587,0.0,3.2500952004335484,0.0410976530413602,0.0014651943800366,-55.12487623762376,-31047700000.0,2845000000.0,-33327300000.0,-30283400000.0,322500000.0,257200000.0,0.0,53.1055900621118,0.0,0.0,1.694736842105263,0.0,0.0,0.0213005272407732,0.0099009900990099,1991-06-29,,bmo,,2025-04-25,1991-06-30,,3.78828125,1954181.53125
1991-03-31,BK,USD,1390777,1991-03-31,1991-03-30 19:00:00,1991,Q1,559100000.0,0.0,559100000.0,1.0,0,153700000.0,0.0,153700000.0,-222700000.0,-69000000.0,-69000000.0,940600000.0,609600000.0,37000000.0,0.0,0.0,490100000.0,0.8765873726,-609600000.0,-119500000.0,-0.213736362,-56200000.0,-63300000.0,-0.1132176713,-0.13,-0.13,486923077,486923077,,,1.1482306475279256,-0.1299999999794628,-0.2604107424549114,-0.2844391784700728,8.597867297219926,5.7699052123586245,5.7699052123586245,5.7699052123586245,7.763033174129062,1821092307.98,2612092307.98,-7.192307693443918,3.2571853120729743,-14.361926719085174,-13.14868092404332,0.6481908908987365,0.6481908908987365,4.67195905558934,0.0,-20.600097066088328,-18.85987225978339,-0.0347593582832788,-0.0760532562754205,1.1284570208222104,0.0803925297630367,0.0,0.1319501638425009,0.8039698162729659,2.003159557661927,0.0246555321788186,-0.7093206951026856,0.2749060990878197,0.0,0.0,-0.0922712933753943,0.0209264890001788,0.3162162162162162,0.0,,0.0345938378395556,-0.0016051120155186,-66.1128554397926,-29722200000.0,2809500000.0,-32109000000.0,-28930100000.0,353700000.0,274400000.0,0.0,53.36254695045609,0.0,0.0,1.68657616892911,0.0,0.0,-0.0225306994127068,0.0240284360151613,1991-03-30,,bmo,,2025-04-25,1991-03-31,,3.1704918032786886,1765634.7049180327
1990-12-31,BK,USD,1390777,1990-12-31,1990-12-30 19:00:00,1990,Q4,566600000.0,0.0,566600000.0,1.0,0,158300000.0,0.0,158300000.0,72600000.0,230900000.0,230900000.0,1062000000.0,734700000.0,37300000.0,0.0,0.0,797500000.0,1.4075185316,-734700000.0,62800000.0,0.110836569,-2200000.0,65000000.0,0.1147193788,0.13,0.13,486923077,486923077,,,1.163633491127388,0.133491311195341,1.2166192731095389,1.189510268374485,11.339368086676243,5.926398103329163,5.926398103329163,5.926398103329163,14.112906790819446,1144269230.95,3568869230.95,4.401035503653846,2.019536235351218,1.9315820914078323,1.97560295398826,0.3965309044425962,0.3965309044425962,6.298745554094599,0.0,6.02442476527684,6.161721738518646,0.0568048132746131,0.5061745822870148,2.1267630037772465,0.1352106966527795,0.0,0.1490210645480825,1.0854770654688988,9.113846153846154,0.0391516251492718,0.6892307692307692,0.2793858100953053,0.0,0.0,0.0222822417285617,0.0232968584539357,0.353887399463807,0.0,4.219035399623629,0.07443955541129,0.0014320366425129,-75.37304501178942,-33676300000.0,2885700000.0,-36606900000.0,-32854100000.0,391800000.0,288000000.0,0.0,59.7087892693258,0.0,0.0,1.5073157754722,0.0,0.0,0.0225248639844751,0.0271090047350538,1990-12-30,,bmo,,2025-04-25,1990-12-31,,2.3765625,1856987.03125
1990-09-30,BK,USD,1390777,1990-09-30,1990-09-29 20:00:00,1990,Q3,551700000.0,0.0,551700000.0,1.0,0,175100000.0,0.0,175100000.0,164300000.0,339400000.0,339400000.0,1125800000.0,794900000.0,38600000.0,0.0,0.0,891100000.0,1.6151894145,-794900000.0,96200000.0,0.1743701287,25600000.0,70600000.0,0.1279680986,0.12,0.12,588333333,588333333,,,0.9377337115794524,0.1200000000679886,0.3222662891344285,0.2952407933684083,10.260000005813032,4.862209634482839,4.862209634482839,4.862209634482839,13.329008506135416,1400233332.54,4494433332.54,4.958333330524079,2.5380339542142467,7.385196901582278,8.061216652504317,0.4894893842340767,0.4894893842340767,8.146516825339859,0.0,23.70481715474683,25.87468815509499,0.0504201680957935,0.1240507535161379,2.463469202265259,0.1473820702924844,0.0,0.1546696109257614,1.121021512139892,2.685552407932011,0.0324231675856802,0.6430594900849859,0.3173826354903027,0.0,0.0,0.0838607594936708,0.0288200108754758,0.4119170984455959,0.0,3.6232535131483146,0.0530357043531478,0.0014765395434439,-65.62916434313267,-35219000000.0,2860600000.0,-38509900000.0,-34387000000.0,409300000.0,308250000.0,0.0,66.5089722675367,0.0,0.0,1.3532008830022075,0.0,0.0,0.0246801370341886,0.0270254957660201,1990-09-29,,bmo,,2025-04-25,1990-09-30,,3.2919047619047617,1306668.238095238
1990-06-30,BK,USD,1390777,1990-06-30,1990-06-29 20:00:00,1990,Q2,570800000.0,0.0,570800000.0,1.0,0,173800000.0,0.0,173800000.0,153700000.0,327500000.0,327500000.0,1119400000.0,791500000.0,38300000.0,0.0,0.0,898300000.0,1.5737561317,-791500000.0,106800000.0,0.1871058164,36400000.0,70400000.0,0.1233356692,0.12,0.12,586666667,586666667,,,0.9729545449017304,0.1199999999318181,0.0533522726969589,0.0265909090758006,9.90221590346465,4.877897724501194,4.877897724501194,4.877897724501194,18.92863635288146,2475733334.74,9225733334.74,8.79166667166193,4.337304370602663,79.09691165303514,158.70085479102562,0.8651267899290631,0.8651267899290631,16.162812429467415,0.0,294.75186372971245,591.3931624833333,0.0284360189411891,0.0063011632881044,3.603906768703917,0.2106754368941955,0.0,0.1446447133126992,1.1349336702463677,0.4446022727272727,0.01813604048948,0.6377840909090909,0.3044849334267694,0.0,0.0,0.5015974440894568,0.0275052557813594,0.4099216710182767,0.0,3.6290940809890953,0.0384727425405173,0.0014380994208789,-68.13805393855792,-36783100000.0,2861700000.0,-39871600000.0,-35946200000.0,400600000.0,322200000.0,0.0,64.78801681850035,0.0,0.0,1.3891457775614504,0.0,0.0,0.024600761784953,0.0267613636211583,1990-06-29,,bmo,,2025-04-25,1990-06-30,,4.451746031746032,1589799.0317460315
1990-03-31,BK,USD,1390777,1990-03-30,1990-03-29 19:00:00,1990,Q1,565500000.0,0.0,565500000.0,1.0,0,172300000.0,0.0,172300000.0,186000000.0,358300000.0,358300000.0,1090300000.0,757400000.0,34400000.0,0.0,0.0,923800000.0,1.6335985853,-757400000.0,166400000.0,0.2942528736,64100000.0,102300000.0,0.1809018568,0.18,0.18,568333333,568333333,,,0.9950146633401844,0.1800000001055718,0.7829912028052735,0.7553665693579863,8.687859242632175,4.954662759504201,4.954662759504201,4.954662759504201,17.932434028112866,2580233331.82,8268133331.82,6.305555551857283,4.562746829036252,5.798277150157303,6.010326885208479,0.9163085804964666,0.9163085804964666,14.62092543204244,0.0,18.58007490296629,19.25956983885395,0.0396475771157647,0.1663803016207018,3.350332043041301,0.1971788596306057,0.0,0.1275480768079824,1.2196989701610774,4.349951124144672,0.0171302337098416,0.4320625610948191,0.3046861184792219,0.0,0.0,0.0352808988764044,0.027763041556145,0.4563953488372093,0.0,4.479551784248191,0.0388080999981603,0.0021381142375835,-70.02875370676173,-36443800000.0,2815900000.0,-39702100000.0,-35597000000.0,451650000.0,358350000.0,0.0,62.11671087533157,0.0,0.0,1.4488854727132974,0.0,0.0,0.0363294151070705,0.0276246334472871,1990-03-31,,,,,,,4.984920634920635,1120512.507936508
1989-12-31,BK,USD,1390777,1989-12-30,1989-12-29 19:00:00,1989,Q4,531800000.0,841000000.0,-309200000.0,-0.5814215871,0,369400000.0,841000000.0,1210400000.0,0.0,1210400000.0,2051400000.0,0.0,841000000.0,25800000.0,0.0,0.0,162400000.0,0.3053779616,0.0,162400000.0,0.3053779616,55800000.0,106600000.0,0.2004512975,0.2,0.2,543168000,543168000,,,0.979070932013668,0.196256038647343,0.4527144437816661,0.4379860356280193,10.43323612583952,5.089217332390716,5.089217332390716,5.089217332390716,17.349696594792036,2943970560.0,7996670560.0,6.904246153846153,5.535860398646108,11.972226807532438,12.374823759457014,1.0649967659081865,1.0649967659081865,15.036988642346747,0.0,32.520010542985,33.61357962847238,0.036209601226447,0.0808092316656862,3.104872843034403,0.1756736565247203,0.0,0.1438812072052356,0.193103448275862,2.3067542120075046,0.0129565940959409,0.3578220598153846,0.6946220383602858,0.0,0.0,0.0325335503559721,0.0150432493418578,0.3100775313983539,0.0,4.740544984818096,0.0078750046171462,0.0021819000542404,-73.71651128196065,-36772100000.0,2764300000.0,-39912200000.0,-35920300000.0,256500000.0,196400000.0,0.0,86.81835276419706,42.03567181926278,0.0,1.0366471734892788,2.141038696537678,0.0,0.0385631082009912,0.0147284081536467,1990-03-29,,bmo,,2025-04-25,1989-12-31,,,
1989-09-30,BK,USD,1390777,1989-09-30,1989-09-29 20:00:00,1989,Q3,562200000.0,837200000.0,-275000000.0,-0.4891497688,0,978800000.0,837200000.0,1816000000.0,0.0,1816000000.0,2653200000.0,0.0,837200000.0,29400000.0,0.0,0.0,-416600000.0,-0.7410174315,0.0,-416600000.0,-0.7410174315,-145300000.0,-271300000.0,-0.482568481,-0.5,-0.5,543168000,543168000,,,1.0350388829975257,-0.4994771415105455,0.2820490161423353,0.25516967126193,0.0,5.040797690585602,5.040797690585602,5.040797690585602,17.904589371980677,3508865280.0,12396865280.0,-3.2333812016218206,6.241311419423693,22.90382036553525,25.31648831168831,1.281543199415632,1.281543199415632,22.05063194592672,0.0,80.9194861618799,89.44347243867244,-0.0773184429582887,0.0394999491117538,3.246165084002922,0.179291146390172,0.0,0.0,-0.4976110845676063,-0.5646885366752672,0.0098451640866873,-0.127332673939108,1.7410174315190323,0.0,0.0,0.0953002610966057,0.0259694059053717,0.4965986394557822,0.0,,0.0059150569048968,-0.0054727371754785,-86.22562448450572,-45866000000.0,2738000000.0,-46835000000.0,-45013000000.0,0.0,0.0,0.0,0.0,0.0,0.0,0.0,0.0,0.0,-0.0990869247626004,0.0268793448804053,1989-12-29,,bmo,,2025-04-25,1989-09-30,,,
1989-09-30,BK,USD,1390777,1989-09-30,1989-09-29 20:00:00,1989,Q3,562200000.0,837200000.0,-275000000.0,-0.4891497688,0,978800000.0,837200000.0,1816000000.0,0.0,1816000000.0,2653200000.0,0.0,837200000.0,29400000.0,0.0,0.0,-416600000.0,-0.7410174315,0.0,-416600000.0,-0.7410174315,-145300000.0,-271300000.0,-0.482568481,-0.5,-0.5,543168000,543168000,,,1.0350388829975257,-0.4994771415105455,0.2820490161423353,0.25516967126193,0.0,5.040797690585602,5.040797690585602,5.040797690585602,17.904589371980677,3508865280.0,12396865280.0,-3.2333812016218206,6.241311419423693,22.90382036553525,25.31648831168831,1.281543199415632,1.281543199415632,22.05063194592672,0.0,80.9194861618799,89.44347243867244,-0.0773184429582887,0.0394999491117538,3.246165084002922,0.179291146390172,0.0,0.0,-0.4976110845676063,-0.5646885366752672,0.0098451640866873,-0.127332673939108,1.7410174315190323,0.0,0.0,0.0953002610966057,0.0259694059053717,0.4965986394557822,0.0,,0.0059150569048968,-0.0054727371754785,-86.22562448450572,-45866000000.0,2738000000.0,-46835000000.0,-45013000000.0,0.0,0.0,0.0,0.0,0.0,0.0,0.0,0.0,0.0,-0.0990869247626004,0.0268793448804053,1989-09-29,,bmo,,2025-04-25,1989-09-30,,,
1989-06-30,BK,USD,1390777,1989-06-30,1989-06-29 20:00:00,1989,Q2,542900000.0,871900000.0,-329000000.0,-0.6060047891,0,374600000.0,871900000.0,1246500000.0,0.0,1246500000.0,2118400000.0,0.0,871900000.0,59500000.0,0.0,0.0,168300000.0,0.310001842,0.0,168300000.0,0.310001842,54000000.0,114300000.0,0.2105360103,0.22,0.22,516480000,516480000,,,1.0511539653035935,0.2213057620817843,1.047087980173482,0.9924876084262702,0.0,5.95957249070632,5.95957249070632,5.95957249070632,18.75174256505576,3336460800.0,12149460800.0,7.297595800524935,6.145626818935347,6.169491124260355,6.508897385875927,1.0839703703703705,1.0839703703703705,22.37881893534721,0.0,22.465718934911244,23.701640265314087,0.0342578579073969,0.153635852697565,2.8632228719948016,0.1777065311636723,0.0,0.0,0.1930267232480789,4.731408573928259,0.0098451640866873,0.2873841123779527,0.6899981580401547,0.0,0.0,0.0521449704142011,0.0519432676367655,0.4739495798319327,0.0,5.44747409026344,-0.0025092202318229,0.0023047607525255,-90.06157063197026,-45552000000.0,3078000000.0,-46515000000.0,-44694000000.0,,,,0.0,0.0,0.0,0.0,0.0,0.0,0.0371345029239766,0.0546003717472119,1989-06-29,,bmo,,2025-04-25,1989-06-30,,,
1989-03-31,BK,USD,1390777,1989-03-31,1989-03-30 19:00:00,1989,Q1,0.0,0.0,0.0,0.0,0,0.0,0.0,0.0,0.0,0.0,0.0,0.0,0.0,0.0,0.0,0.0,0.0,0.0,0.0,0.0,0.0,0.0,0.0,0.0,0.19,0.18,516480000,516480000,,,0.0,0.0,,,,,,,,3011078400.0,,0.0,0.0,0.0,0.0,0.0,0.0,0.0,0.0,0.0,0.0,0.0,,0.0,0.0,0.0,0.0,0.0,0.0,0.0109090497427101,0.0,0.0,0.0,0.0,0.0,0.0,0.0,0.0,,0.0,0.0,,,,,,,,,0.0,0.0,0.0,0.0,0.0,0.0,0.0,,1989-03-30,,bmo,,2025-04-25,1989-03-31,,,
1988-12-31,BK,USD,1390777,1988-12-31,1988-12-30 19:00:00,1988,Q4,0.0,0.0,0.0,0.0,0,0.0,0.0,0.0,0.0,0.0,0.0,0.0,0.0,0.0,0.0,0.0,0.0,0.0,0.0,0.0,0.0,0.0,0.0,0.0,0.0,0.0,506464000,506464000,,,0.0,0.0,,,,,,,,2481673600.0,,0.0,0.0,0.0,0.0,0.0,0.0,0.0,0.0,0.0,0.0,0.0,,0.0,0.0,0.0,0.0,0.0,0.0,0.0129795428571428,0.0,0.0,0.0,0.0,0.0,0.0,0.0,0.0,,0.0,0.0,,,,,,,,,0.0,0.0,0.0,0.0,0.0,0.0,0.0,,1988-12-30,,bmo,,2025-04-25,1988-12-31,,,
1988-09-30,BK,USD,1390777,1988-09-30,1988-09-29 20:00:00,1988,Q3,0.0,0.0,0.0,0.0,0,0.0,0.0,0.0,0.0,0.0,0.0,0.0,0.0,0.0,0.0,0.0,0.0,0.0,0.0,0.0,0.0,0.0,0.0,0.0,0.19,0.18,506464000,506464000,,,0.0,0.0,,,,,,,,2365186880.0,,0.0,0.0,0.0,0.0,0.0,0.0,0.0,0.0,0.0,0.0,0.0,,0.0,0.0,0.0,0.0,0.0,0.0,0.012767618843683,0.0,0.0,0.0,0.0,0.0,0.0,0.0,0.0,,0.0,0.0,,,,,,,,,0.0,0.0,0.0,0.0,0.0,0.0,0.0,,1988-09-29,,bmo,,2025-04-25,1988-09-30,,,
1988-06-30,BK,USD,1390777,1988-06-30,1988-06-29 20:00:00,1988,Q2,0.0,0.0,0.0,0.0,0,0.0,0.0,0.0,0.0,0.0,0.0,0.0,0.0,0.0,0.0,0.0,0.0,0.0,0.0,0.0,0.0,0.0,0.0,0.0,0.18,0.17,506464000,506464000,,,0.0,0.0,,,,,,,,2324669760.0,,0.0,0.0,0.0,0.0,0.0,0.0,0.0,0.0,0.0,0.0,0.0,,0.0,0.0,0.0,0.0,0.0,0.0,0.0129901481481481,0.0,0.0,0.0,0.0,0.0,0.0,0.0,0.0,,0.0,0.0,,,,,,,,,0.0,0.0,0.0,0.0,0.0,0.0,0.0,,1988-06-29,,bmo,,2025-04-25,1988-06-30,,,
1988-03-31,BK,USD,1390777,1988-03-31,1988-03-30 19:00:00,1988,Q1,0.0,0.0,0.0,0.0,0,0.0,0.0,0.0,0.0,0.0,0.0,0.0,0.0,0.0,0.0,0.0,0.0,0.0,0.0,0.0,0.0,0.0,0.0,0.0,0.2,0.19,264888000,264888000,,,0.0,0.0,,,,,,,,1101934080.0,,0.0,0.0,0.0,0.0,0.0,0.0,0.0,0.0,0.0,0.0,0.0,,0.0,0.0,0.0,0.0,0.0,0.0,0.0143328798076923,0.0,0.0,0.0,0.0,0.0,0.0,0.0,0.0,,0.0,0.0,,,,,,,,,0.0,0.0,0.0,0.0,0.0,0.0,0.0,,1988-03-30,,bmo,,2025-04-25,1988-03-31,,,
1987-12-31,BK,USD,1390777,1987-12-31,1987-12-30 19:00:00,1987,Q4,0.0,0.0,0.0,0.0,0,0.0,0.0,0.0,0.0,0.0,0.0,0.0,0.0,0.0,0.0,0.0,0.0,0.0,0.0,0.0,0.0,0.0,0.0,0.0,0.0,0.0,264736000,264736000,,,0.0,0.0,,,,,,,,902749760.0,,0.0,0.0,0.0,0.0,0.0,0.0,0.0,0.0,0.0,0.0,0.0,,0.0,0.0,0.0,0.0,0.0,0.0,0.0174852727272727,0.0,0.0,0.0,0.0,0.0,0.0,0.0,0.0,,0.0,0.0,,,,,,,,,0.0,0.0,0.0,0.0,0.0,0.0,0.0,,1987-12-30,,bmo,,2025-04-25,1987-12-31,,,
1987-09-30,BK,USD,1390777,1987-09-30,1987-09-29 20:00:00,1987,Q3,0.0,0.0,0.0,0.0,0,0.0,0.0,0.0,0.0,0.0,0.0,0.0,0.0,0.0,0.0,0.0,0.0,0.0,0.0,0.0,0.0,0.0,0.0,0.0,0.17,0.16,264808000,264808000,,,0.0,0.0,,,,,,,,1437907440.0,,0.0,0.0,0.0,0.0,0.0,0.0,0.0,0.0,0.0,0.0,0.0,,0.0,0.0,0.0,0.0,0.0,0.0,0.0773480662983425,0.0,0.0,0.0,0.0,0.0,0.0,0.0,0.0,,0.0,0.0,,,,,,,,,0.0,0.0,0.0,0.0,0.0,0.0,0.0,,1987-09-29,,bmo,,2025-04-25,1987-09-30,,,
1987-06-30,BK,USD,1390777,1987-06-30,1987-06-29 20:00:00,1987,Q2,0.0,0.0,0.0,0.0,0,0.0,0.0,0.0,0.0,0.0,0.0,0.0,0.0,0.0,0.0,0.0,0.0,0.0,0.0,0.0,0.0,0.0,0.0,0.0,-0.15,-0.15,262352000,262352000,,,0.0,0.0,,,,,,,,1511147520.0,,0.0,0.0,0.0,0.0,0.0,0.0,0.0,0.0,0.0,0.0,0.0,,0.0,0.0,0.0,0.0,0.0,0.0,0.0729166666666666,0.0,0.0,0.0,0.0,0.0,0.0,0.0,0.0,,0.0,0.0,,,,,,,,,0.0,0.0,0.0,0.0,0.0,0.0,0.0,,1987-06-29,,bmo,,2025-04-25,1987-06-30,,,
1987-03-31,BK,USD,1390777,1987-03-31,1987-03-30 19:00:00,1987,Q1,0.0,0.0,0.0,0.0,0,0.0,0.0,0.0,0.0,0.0,0.0,0.0,0.0,0.0,0.0,0.0,0.0,0.0,0.0,0.0,0.0,0.0,0.0,0.0,0.18,0.17,262352000,262352000,,,0.0,0.0,,,,,,,,1503276960.0,,0.0,0.0,0.0,0.0,0.0,0.0,0.0,0.0,0.0,0.0,0.0,,0.0,0.0,0.0,0.0,0.0,0.0,0.0732984293193717,0.0,0.0,0.0,0.0,0.0,0.0,0.0,0.0,,0.0,0.0,,,,,,,,,0.0,0.0,0.0,0.0,0.0,0.0,0.0,,1987-03-30,,bmo,,2025-04-25,1987-03-31,,,
1986-12-31,BK,USD,1390777,1986-12-31,1986-12-30 19:00:00,1986,Q4,0.0,0.0,0.0,0.0,0,0.0,0.0,0.0,0.0,0.0,0.0,0.0,0.0,0.0,0.0,0.0,0.0,0.0,0.0,0.0,0.0,0.0,0.0,0.0,0.0,0.0,239952000,239952000,,,0.0,0.0,,,,,,,,1235752800.0,,0.0,0.0,0.0,0.0,0.0,0.0,0.0,0.0,0.0,0.0,0.0,,0.0,0.0,0.0,0.0,0.0,0.0,0.0817087378640776,0.0,0.0,0.0,0.0,0.0,0.0,0.0,0.0,,0.0,0.0,,,,,,,,,0.0,0.0,0.0,0.0,0.0,0.0,0.0,,1986-12-30,,bmo,,2025-04-25,1986-12-31,,,
1986-09-30,BK,USD,1390777,1986-09-30,1986-09-29 20:00:00,1986,Q3,0.0,0.0,0.0,0.0,0,0.0,0.0,0.0,0.0,0.0,0.0,0.0,0.0,0.0,0.0,0.0,0.0,0.0,0.0,0.0,0.0,0.0,0.0,0.0,0.16,0.14,259952000,259952000,,,0.0,0.0,,,,,,,,1310158080.0,,0.0,0.0,0.0,0.0,0.0,0.0,0.0,0.0,0.0,0.0,0.0,,0.0,0.0,0.0,0.0,0.0,0.0,0.0755555555555555,0.0,0.0,0.0,0.0,0.0,0.0,0.0,0.0,,0.0,0.0,,,,,,,,,0.0,0.0,0.0,0.0,0.0,0.0,0.0,,1986-09-29,,bmo,,2025-04-25,1986-09-30,,,
1986-06-30,BK,USD,1390777,1986-06-30,1986-06-29 20:00:00,1986,Q2,0.0,0.0,0.0,0.0,0,0.0,0.0,0.0,0.0,0.0,0.0,0.0,0.0,0.0,0.0,0.0,0.0,0.0,0.0,0.0,0.0,0.0,0.0,0.0,0.15,0.14,238496000,238496000,,,0.0,0.0,,,,,,,,1340347520.0,,0.0,0.0,0.0,0.0,0.0,0.0,0.0,0.0,0.0,0.0,0.0,,0.0,0.0,0.0,0.0,0.0,0.0,0.0677580071174377,0.0,0.0,0.0,0.0,0.0,0.0,0.0,0.0,,0.0,0.0,,,,,,,,,0.0,0.0,0.0,0.0,0.0,0.0,0.0,,1986-06-29,,bmo,,2025-04-25,1986-06-30,,,
1986-03-31,BK,USD,1390777,1986-03-31,1986-03-30 19:00:00,1986,Q1,0.0,0.0,0.0,0.0,0,0.0,0.0,0.0,0.0,0.0,0.0,0.0,0.0,0.0,0.0,0.0,0.0,0.0,0.0,0.0,0.0,0.0,0.0,0.0,0.17,0.15,239952000,239952000,,,0.0,0.0,,,,,,,,1389322080.0,,0.0,0.0,0.0,0.0,0.0,0.0,0.0,0.0,0.0,0.0,0.0,,0.0,0.0,0.0,0.0,0.0,0.0,0.0657685664939551,0.0,0.0,0.0,0.0,0.0,0.0,0.0,0.0,,0.0,0.0,,,,,,,,,0.0,0.0,0.0,0.0,0.0,0.0,0.0,,1986-03-30,,bmo,,2025-04-25,1986-03-31,,,
1985-12-31,BK,USD,1390777,1985-12-31,1985-12-30 19:00:00,1985,Q4,0.0,0.0,0.0,0.0,0,0.0,0.0,0.0,0.0,0.0,0.0,0.0,0.0,0.0,0.0,0.0,0.0,0.0,0.0,0.0,0.0,0.0,0.0,0.0,0.0,0.0,231400000,231400000,,,0.0,0.0,,,,,,,,1050556000.0,,0.0,0.0,0.0,0.0,0.0,0.0,0.0,0.0,0.0,0.0,0.0,,0.0,0.0,0.0,0.0,0.0,0.0,0.0838766519823788,0.0,0.0,0.0,0.0,0.0,0.0,0.0,0.0,,0.0,0.0,,,,,,,,,0.0,0.0,0.0,0.0,0.0,0.0,0.0,,1985-12-30,,bmo,,2025-04-25,1985-12-31,,,
1985-09-30,BK,USD,1390777,1985-09-30,1985-09-29 20:00:00,1985,Q3,0.0,0.0,0.0,0.0,0,0.0,0.0,0.0,0.0,0.0,0.0,0.0,0.0,0.0,0.0,0.0,0.0,0.0,0.0,0.0,0.0,0.0,0.0,0.0,0.14,0.13,233712000,233712000,,,0.0,0.0,,,,,,,,810980640.0,,0.0,0.0,0.0,0.0,0.0,0.0,0.0,0.0,0.0,0.0,0.0,,0.0,0.0,0.0,0.0,0.0,0.0,0.0982132564841498,0.0,0.0,0.0,0.0,0.0,0.0,0.0,0.0,,0.0,0.0,,,,,,,,,0.0,0.0,0.0,0.0,0.0,0.0,0.0,,1985-09-29,,bmo,,2025-04-25,1985-09-30,,,
