date,symbol,reportedCurrency,cik,fillingDate,acceptedDate,calendarYear,period,revenue,costOfRevenue,grossProfit,grossProfitRatio,researchAndDevelopmentExpenses,generalAndAdministrativeExpenses,sellingAndMarketingExpenses,sellingGeneralAndAdministrativeExpenses,otherExpenses,operatingExpenses,costAndExpenses,interestIncome,interestExpense,depreciationAndAmortization,ebitda,ebitdaratio,operatingIncome,operatingIncomeRatio,totalOtherIncomeExpensesNet,incomeBeforeTax,incomeBeforeTaxRatio,incomeTaxExpense,netIncome,netIncomeRatio,eps,epsdiluted,weightedAverageShsOut,weightedAverageShsOutDil,link,finalLink,revenuePerShare,netIncomePerShare,operatingCashFlowPerShare,freeCashFlowPerShare,cashPerShare,bookValuePerShare,tangibleBookValuePerShare,shareholdersEquityPerShare,interestDebtPerShare,marketCap,enterpriseValue,peRatio,priceToSalesRatio,pocfratio,pfcfRatio,pbRatio,ptbRatio,evToSales,enterpriseValueOverEBITDA,evToOperatingCashFlow,evToFreeCashFlow,earningsYield,freeCashFlowYield,debtToEquity,debtToAssets,netDebtToEBITDA,currentRatio,interestCoverage,incomeQuality,dividendYield,payoutRatio,salesGeneralAndAdministrativeToRevenue,researchAndDdevelopementToRevenue,intangiblesToTotalAssets,capexToOperatingCashFlow,capexToRevenue,capexToDepreciation,stockBasedCompensationToRevenue,grahamNumber,roic,returnOnTangibleAssets,grahamNetNet,workingCapital,tangibleAssetValue,netCurrentAssetValue,investedCapital,averageReceivables,averagePayables,averageInventory,daysSalesOutstanding,daysPayablesOutstanding,daysOfInventoryOnHand,receivablesTurnover,payablesTurnover,inventoryTurnover,roe,capexPerShare,report_date,epsEstimated,time,revenueEstimated,updatedFromDate,fiscalDateEnding,surprise(%),QuarterAvgPrice,QuarterAvgVolume
2025-03-31,BKR,USD,1701605,2025-04-23,2025-04-23 16:31:11,2025,Q1,6427000000.0,4952000000.0,1475000000.0,0.2295005446,146000000,0.0,0.0,577000000.0,0.0,723000000.0,5675000000.0,0.0,51000000.0,285000000.0,897000000.0,0.1395674498,752000000.0,0.1170063793,-191000000.0,561000000.0,0.0872880037,152000000.0,402000000.0,0.062548623,0.41,0.4,992000000,999000000,https://www.sec.gov/Archives/edgar/data/1701605/000170160525000075/0001701605-25-000075-index.htm,https://www.sec.gov/Archives/edgar/data/1701605/000170160525000075/bkr-20250331.htm,6.47883064516129,0.4052419354838709,0.7147177419354839,0.4122983870967742,3.3034274193548385,17.344758064516128,7.210685483870968,17.179435483870968,6.123991935483871,43598400000.0,46345400000.0,27.1134328358209,6.78363155437996,61.49280677009873,106.59755501222494,2.5582912803661544,2.5582912803661544,7.211047144857631,51.66711259754738,65.3672778561354,113.31393643031784,0.0092205218540129,0.0093810782047047,0.3534796385400774,0.1580687483600105,3.0624303232998886,1.3372240749563284,14.745098039215684,1.7334963325183377,0.0052524863297735,0.5696517412935324,0.0,0.0227166640734401,0.2637890317501968,0.0,0.0,0.0,0.0077796794772055,12.515635139100755,0.0214402860415001,0.0143279751933563,-10.09475806451613,4247000000.0,7153000000.0,-4063000000.0,19468000000.0,6916000000.0,4503500000.0,5057500000.0,93.96296872568853,81.14903069466882,93.79846526655896,0.9578241430700448,1.109070548712206,0.9595039720984304,0.023588780659547,0.0,2025-04-22,0.472,amc,6497260395.0,2025-05-11,2025-03-31,0.0805084745762712,44.62491666666666,7614907.583333333
2024-12-31,BKR,USD,1701605,2025-02-04,2025-02-04 07:05:30,2024,Q4,7364000000.0,5761000000.0,1603000000.0,0.2176806084,0,0.0,0.0,585000000.0,281000000.0,866000000.0,6699000000.0,0.0,55000000.0,292000000.0,1325000000.0,0.1799293862,665000000.0,0.0903041825,127000000.0,792000000.0,0.1075502444,-399000000.0,1179000000.0,0.1601032048,1.19,1.18,997156539,999000000,https://www.sec.gov/Archives/edgar/data/1701605/000170160525000035/0001701605-25-000035-index.htm,https://www.sec.gov/Archives/edgar/data/1701605/000170160525000035/bkr-20241231.htm,7.384998956517899,1.1823620002355515,1.1933933674981396,0.8393867635260024,3.3735926792132283,17.10363351485779,7.046035126085655,16.943177263765605,6.095331838364448,40903361229.78001,43562361229.78001,8.67331663057252,5.554503154505705,34.372572462,48.869009832473125,2.421033514636283,2.421033514636283,5.915584088780555,32.877253758324535,36.60702624351261,52.04583181574672,0.0288240370608374,0.0204628660050219,0.3564960047351287,0.1570002346010479,2.006792452830189,1.324840274035871,12.090909090909092,0.9908409658617818,0.0050851566655251,0.1764206955046649,0.0,0.0,0.261423767692829,0.2966386554621849,0.0479359043997827,1.2089041095890412,0.006518196632265,21.23068066733747,0.0393321116772444,0.0416107856285734,-10.154373565212111,4220000000.0,7026000000.0,-4097000000.0,19376000000.0,7021000000.0,4486500000.0,5104000000.0,87.04236827810972,70.95643117514321,77.39281374761326,1.0339792193204156,1.268383971818582,1.1628986677432378,0.0697839597514057,0.3540066039721372,2025-01-30,0.624,amc,7069502922.0,2025-04-30,2024-12-31,0.1217948717948717,40.3321875,6069895.90625
2024-09-30,BKR,USD,1701605,2024-10-23,2024-10-23 16:11:51,2024,Q3,6908000000.0,5366000000.0,1542000000.0,0.2232194557,0,0.0,0.0,612000000.0,0.0,612000000.0,5978000000.0,0.0,55000000.0,278000000.0,1342000000.0,0.1942675159,930000000.0,0.13462652,79000000.0,1009000000.0,0.1460625362,235000000.0,766000000.0,0.1108859294,0.77,0.77,993000000,999000000,https://www.sec.gov/Archives/edgar/data/1701605/000170160524000131/0001701605-24-000131-index.htm,https://www.sec.gov/Archives/edgar/data/1701605/000170160524000131/bkr-20240930.htm,6.956696878147029,0.771399798590131,1.0171198388721048,0.7150050352467271,2.6827794561933533,16.458207452165155,6.2245720040281975,16.303121852970797,6.133937562940584,35896950000.0,39268950000.0,11.715714751958224,5.196431673422119,35.54153465346534,50.55908450704225,2.2173667304960154,2.2173667304960154,5.684561378112334,29.26151266766021,38.88014851485149,55.30838028169014,0.0213388602652871,0.019778839149287,0.3728457594663042,0.1608313349320543,2.512667660208644,1.2953870211102425,16.90909090909091,1.3065976714100906,0.0058222216650718,0.2728459530026109,0.0,0.0,0.2707700506261657,0.297029702970297,0.0434279096699478,1.079136690647482,0.0076722640416907,16.821565342139557,0.0287753874375537,0.0279888921368021,-10.78147029204431,3778000000.0,6181000000.0,-4619000000.0,19090000000.0,6985500000.0,4540000000.0,5190000000.0,90.1563404748118,74.3179276928811,88.12150577711516,0.9982658959537573,1.211013315278718,1.021317091739627,0.0473160788189511,0.3021148036253776,2024-10-22,0.61,amc,7210701016.0,2025-04-25,2024-09-30,0.098360655737705,35.14328125,6480003.203125
2024-06-30,BKR,USD,1701605,2024-07-26,2024-07-26 16:34:49,2024,Q2,7139000000.0,5649000000.0,1490000000.0,0.2087127049,0,0.0,0.0,643000000.0,38000000.0,643000000.0,6292000000.0,0.0,47000000.0,283000000.0,1154000000.0,0.1616472895,847000000.0,0.1186440678,-23000000.0,824000000.0,0.1154223281,243000000.0,579000000.0,0.081103796,0.58,0.58,996000000,1001000000,https://www.sec.gov/Archives/edgar/data/1701605/000170160524000111/0001701605-24-000111-index.htm,https://www.sec.gov/Archives/edgar/data/1701605/000170160524000111/bkr-20240630.htm,7.167670682730924,0.5813253012048193,0.3493975903614458,0.0562248995983935,3.343373493975903,15.784136546184738,5.6194779116465865,15.636546184738956,5.965863453815261,34800240000.0,38411240000.0,15.0260103626943,4.874665919596582,100.0006896551724,621.4328571428572,2.2345087967124693,2.2345087967124693,5.3804790586916935,33.285303292894284,110.3771264367816,685.915,0.0166378162909221,0.001609184304476,0.3785154745087967,0.1608195111305106,3.129116117850953,1.2656920387732402,18.02127659574468,0.6010362694300518,0.0060057057077767,0.3609671848013817,0.0,0.0,0.276189436927106,0.8390804597701149,0.0409020871270486,1.0318021201413428,0.0070037820423028,14.301160729624184,0.0247766857372099,0.0218227046585255,-9.792921686746988,3344000000.0,5597000000.0,-5005000000.0,18419000000.0,6962000000.0,4622000000.0,5232500000.0,88.89060092449922,74.0679766330324,81.66755177907595,1.0124804992199687,1.215100021510002,1.1020288724151386,0.0371773468601515,0.2931726907630522,2024-07-25,0.49,amc,6808761667.0,2025-04-25,2024-06-30,0.1632653061224489,32.79761904761905,6300780.603174604
2024-03-31,BKR,USD,1701605,2024-04-24,2024-04-24 16:17:20,2024,Q1,6418000000.0,5140000000.0,1278000000.0,0.199127454,0,0.0,0.0,618000000.0,29000000.0,618000000.0,5758000000.0,0.0,41000000.0,283000000.0,965000000.0,0.1503583671,660000000.0,0.1028357744,-19000000.0,641000000.0,0.0998753506,178000000.0,455000000.0,0.0708943596,0.46,0.45,998000000,1004000000,https://www.sec.gov/Archives/edgar/data/1701605/000170160524000067/0001701605-24-000067-index.htm,https://www.sec.gov/Archives/edgar/data/1701605/000170160524000067/bkr-20240331.htm,6.430861723446894,0.4559118236472946,0.7855711422845691,0.4519038076152304,3.7685370741482966,15.5811623246493,5.391783567134269,15.5811623246493,6.059118236472946,33373120000.0,36662120000.0,18.33687912087912,5.199925210345902,42.56775510204081,73.99804878048779,2.146181350482315,2.146181350482315,5.712390152695543,37.99183419689119,46.76290816326531,81.29073170731708,0.0136337267837109,0.013513869844953,0.3862379421221865,0.1617080854042702,3.4082901554404144,1.2459215418468776,16.097560975609756,1.7230769230769232,0.0062924892847896,0.4615384615384615,0.0,0.0,0.2737944589537169,0.4247448979591837,0.0518853225303833,1.176678445229682,0.0079464007478965,12.642460714767758,0.0197736890354124,0.0168693459884324,-10.025801603206412,3241000000.0,5381000000.0,-5171000000.0,18341000000.0,6974000000.0,4533000000.0,5216500000.0,96.38049236522282,80.45719844357977,93.48443579766536,0.9337989233231484,1.11860718171926,0.962727102453643,0.0292604501607717,0.3336673346693387,2024-04-23,0.4,amc,6372641147.0,2025-04-25,2024-03-31,0.0749999999999999,30.837540983606555,9558617.50819672
2023-12-31,BKR,USD,1701605,2024-02-05,2024-02-05 07:52:57,2023,Q4,6835000000.0,5388000000.0,1447000000.0,0.2117044623,658000000,0.0,0.0,634000000.0,-84000000.0,634000000.0,6022000000.0,0.0,45000000.0,274000000.0,842000000.0,0.123189466,651000000.0,0.0952450622,-129000000.0,522000000.0,0.0763716167,71000000.0,440000000.0,0.0643745428,0.44,0.43,1001000000,1010000000,https://www.sec.gov/Archives/edgar/data/1701605/000170160524000033/0001701605-24-000033-index.htm,https://www.sec.gov/Archives/edgar/data/1701605/000170160524000033/bkr-20231231.htm,6.828171828171828,0.4395604395604395,0.9310689310689312,0.5754245754245755,3.684315684315684,15.503496503496503,5.283716283716283,15.352647352647352,6.05994005994006,34214180000.0,37589180000.0,19.439875,5.005732260424287,36.71049356223176,59.39961805555556,2.2263261322228005,2.2263261322228005,5.4995142648134605,44.64273159144893,40.33173819742489,65.25899305555555,0.0128601649959168,0.0168351250855639,0.3917881311816762,0.1629719853836784,4.008313539192399,1.2547917789238705,14.466666666666669,2.066518847006652,0.0058455295435985,0.4545454545454545,0.0,0.096269202633504,0.2768980917580186,0.3819742489270386,0.0520848573518653,1.2992700729927007,0.0071689831748354,12.322311853779183,0.0233373728471227,0.0164701478570091,-9.874875124875125,3310000000.0,5289000000.0,-5125000000.0,18432000000.0,6790000000.0,4297000000.0,5029000000.0,93.1602048280907,74.6826280623608,85.0890868596882,0.9660777385159012,1.2050995303064191,1.0577149587750294,0.0286309213951067,0.3556443556443556,2024-01-23,0.48,amc,6915210000.0,2025-04-25,2023-12-31,0.0625,34.10730158730159,6802888.238095238
2023-09-30,BKR,USD,1701605,2023-10-26,2023-10-26 16:04:16,2023,Q3,6641000000.0,5298000000.0,1343000000.0,0.20222858,0,0.0,0.0,627000000.0,94000000.0,627000000.0,5925000000.0,49000000.0,49000000.0,268000000.0,1076000000.0,0.1620237916,714000000.0,0.1075139286,45000000.0,759000000.0,0.1142900166,235000000.0,518000000.0,0.0780003012,0.51,0.51,1009000000,1017000000,https://www.sec.gov/Archives/edgar/data/1701605/000170160523000078/0001701605-23-000078-index.htm,https://www.sec.gov/Archives/edgar/data/1701605/000170160523000078/bkr-20230930.htm,6.581764122893954,0.5133795837462835,0.8037661050545094,0.5242814667988107,4.264618434093162,15.257680872150644,5.1962338949454905,15.257680872150644,6.64816650148662,35637880000.0,39095880000.0,17.199749034749036,5.366342418310495,43.94313193588163,67.368393194707,2.3148996427411497,2.3148996427411497,5.887047131456106,36.33446096654275,48.20700369913687,73.90525519848771,0.0145350958025561,0.0148437561381316,0.4325430334524196,0.18218878248974,3.2137546468401488,1.2744263070735746,14.571428571428571,1.547709923664122,0.0056681261623867,0.3899613899613899,0.0,0.0,0.2777564979480164,0.3477188655980271,0.0424634844149977,1.0561797752808988,0.0075289865984038,13.275620201680312,0.019980252374209,0.0196226986892946,-9.406590683845392,3480000000.0,5243000000.0,-4994000000.0,18400000000.0,6461500000.0,4138500000.0,4960500000.0,88.15690408071073,70.03963759909401,84.32616081540205,1.0209069946195235,1.2849866601988844,1.0672844480257857,0.0336472880805456,0.2794846382556987,2023-10-25,0.4,amc,6533200000.0,2025-04-25,2023-09-30,0.0499999999999999,35.40047619047619,7023303.079365079
2023-06-30,BKR,USD,1701605,2023-07-19,2023-07-19 16:32:54,2023,Q2,6315000000.0,5004000000.0,1311000000.0,0.2076009501,0,0.0,0.0,695000000.0,158000000.0,695000000.0,5699000000.0,58000000.0,58000000.0,276000000.0,948000000.0,0.1501187648,774000000.0,0.1225653207,-160000000.0,614000000.0,0.0972288203,200000000.0,410000000.0,0.0649247823,0.41,0.4,1010000000,1015000000,https://www.sec.gov/Archives/edgar/data/1701605/000170160523000063/0001701605-23-000063-index.htm,https://www.sec.gov/Archives/edgar/data/1701605/000170160523000063/bkr-20230630.htm,6.252475247524752,0.4059405940594059,0.8495049504950495,0.5762376237623762,3.844554455445544,15.110891089108913,5.013861386138614,15.110891089108913,6.635643564356435,31926100000.0,35765100000.0,19.46713414634146,5.055597783056215,37.20990675990676,54.85584192439863,2.091868693487092,2.091868693487092,5.663515439429928,37.72689873417721,41.684265734265736,61.4520618556701,0.0128421573571466,0.0182295989801447,0.4353295767265103,0.1840800155154739,4.04957805907173,1.2838924539030137,13.344827586206897,2.072463768115942,0.0060138883233467,0.4682926829268293,0.0,0.0,0.2825478624664062,0.3216783216783216,0.0437054631828978,1.0,0.0077593032462391,11.748097393761118,0.0212328709937894,0.0158331724271094,-9.56039603960396,3495000000.0,5064000000.0,-5025000000.0,18416000000.0,6354500000.0,4208500000.0,4871500000.0,91.46793349168644,74.71223021582733,89.15467625899281,0.9839513867248364,1.2046220510351469,1.0094815412547913,0.02686410693225,0.2732673267326733,2023-07-19,0.33,bmo,6264670000.0,2025-04-25,2023-06-30,0.1818181818181818,29.155806451612904,6787512.0
2023-03-31,BKR,USD,1701605,2023-04-19,2023-04-19 16:28:48,2023,Q1,5716000000.0,4567000000.0,1149000000.0,0.2010146956,0,0.0,0.0,655000000.0,386000000.0,655000000.0,5222000000.0,64000000.0,64000000.0,269000000.0,1093000000.0,0.1912176347,880000000.0,0.1539538139,-120000000.0,760000000.0,0.132960112,179000000.0,576000000.0,0.1007697691,0.57,0.57,1010000000,1018000000,https://www.sec.gov/Archives/edgar/data/1701605/000170160523000049/0001701605-23-000049-index.htm,https://www.sec.gov/Archives/edgar/data/1701605/000170160523000049/bkr-20230331.htm,5.659405940594059,0.5702970297029702,0.4564356435643564,0.195049504950495,3.485148514851485,14.701980198019802,4.762376237623762,14.701980198019802,6.656435643564357,29148600000.0,33392600000.0,12.651302083333334,5.099475157452765,63.2290672451193,147.96243654822334,1.9630008754798305,1.9630008754798305,5.841952414275717,30.551326623970724,72.4351409978308,169.50558375634515,0.0197608118400197,0.0067584721050067,0.4484477069162906,0.1900291079276297,3.882891125343092,1.2259760956175298,13.75,0.7934595524956971,0.0065869372800065,0.3333333333333333,0.0,0.0,0.2864847896809543,0.5726681127982647,0.0461861441567529,0.9814126394052044,0.0085724282715185,13.735033740324704,0.029027305924459,0.0230372355317361,-9.467079207920792,2836000000.0,4810000000.0,-4807000000.0,17388000000.0,6124500000.0,4280500000.0,4686500000.0,99.05353393981804,84.00919640902123,94.31574337639589,0.9085995867111748,1.0713112831339433,0.9542415378186376,0.0387904909421509,0.2613861386138614,2023-04-19,0.26,bmo,5511560000.0,2025-04-25,2023-03-31,0.0769230769230769,30.245806451612903,6805333.048387097
2022-12-31,BKR,USD,1701605,2023-02-14,2023-02-14 16:16:46,2022,Q4,5905000000.0,4568000000.0,1337000000.0,0.2264182896,556000000,0.0,0.0,645000000.0,-254000000.0,645000000.0,5213000000.0,64000000.0,64000000.0,255000000.0,664000000.0,0.1124470787,438000000.0,0.0741744285,-93000000.0,345000000.0,0.0584250635,157000000.0,182000000.0,0.0308213378,0.18,0.18,1000000000,1009000000,https://www.sec.gov/Archives/edgar/data/1701605/000170160523000044/0001701605-23-000044-index.htm,https://www.sec.gov/Archives/edgar/data/1701605/000170160523000044/bkr-20221231.htm,5.905,0.182,0.898,0.657,3.236,14.525,4.415,14.525,6.721,29530000000.0,33699000000.0,40.56318681318682,5.000846740050805,32.88418708240535,44.94672754946728,2.0330464716006884,2.0330464716006884,5.706858594411516,50.75150602409639,37.52672605790646,51.29223744292238,0.0061632238401625,0.0222485607856417,0.4583132530120481,0.1947573213188613,6.278614457831325,1.3175620767494356,6.84375,4.776595744680851,0.0064341347781916,1.043956043956044,0.0,0.0941574936494496,0.2957783563968286,0.2683741648106904,0.0408128704487722,0.9450980392156862,0.0088060965283657,7.712319689950618,0.0100356666892135,0.0075609654771301,-9.658,3517000000.0,4415000000.0,-5064000000.0,18165000000.0,5770500000.0,4049000000.0,4349000000.0,90.8077900084674,84.68038528896673,90.37434325744309,0.9911043974488084,1.0628199162401115,0.9958578591672116,0.0125301204819277,0.241,2023-01-23,0.41,bmo,6059211471.0,2025-04-25,2022-12-31,-0.073170731707317,27.588412698412696,8324127.142857143
2022-09-30,BKR,USD,1701605,2022-10-20,2022-10-20 16:04:48,2022,Q3,5369000000.0,4245000000.0,1124000000.0,0.2093499721,0,0.0,0.0,620000000.0,-60000000.0,620000000.0,4865000000.0,65000000.0,65000000.0,255000000.0,464000000.0,0.0864220525,444000000.0,0.0826969641,-125000000.0,144000000.0,0.026820637,153000000.0,-9000000.0,-0.0016762898,-0.0089,-0.0089,1008000000,1008000000,https://www.sec.gov/Archives/edgar/data/1701605/000170160522000151/0001701605-22-000151-index.htm,https://www.sec.gov/Archives/edgar/data/1701605/000170160522000151/bkr-20220930.htm,5.326388888888889,-0.0089285714285714,0.5922619047619048,0.4136904761904761,3.670634920634921,14.25297619047619,4.912698412698413,14.25297619047619,6.666666666666667,21127680000.0,24931680000.0,-586.8800000000001,3.935123859191656,35.38974874371859,50.66589928057554,1.4705700563792026,1.4705700563792026,4.643635686347551,53.73206896551724,41.76160804020101,59.78820143884892,-0.0004259814612868,0.0197371410396219,0.4632143105728405,0.2006633499170812,8.198275862068966,1.514527205493925,6.830769230769231,-66.33333333333333,0.0086142917726887,-20.22222222222222,0.0,0.0,0.2838836122418212,0.3015075376884422,0.0335257962376606,0.7086614173228346,0.0098714844477556,,-0.0011687655308933,-0.000378947368421,-8.784970238095237,4870000000.0,4952000000.0,-4463000000.0,18666000000.0,5577500000.0,3782000000.0,4081500000.0,93.5872601974297,80.56537102473499,87.15901060070672,0.9616693533942324,1.1171052631578948,1.0325954755533933,-0.000626435581541,0.1785714285714285,2022-10-19,0.25,bmo,5413690824.0,2025-04-25,2022-09-30,0.04,25.03765625,9803258.5625
2022-06-30,BKR,USD,1701605,2022-07-21,2022-07-21 16:13:43,2022,Q2,5047000000.0,4077000000.0,970000000.0,0.1921933822,0,0.0,0.0,624000000.0,-570000000.0,624000000.0,4701000000.0,0.0,60000000.0,274000000.0,-321000000.0,-0.0636021399,-224000000.0,-0.0443828017,-630000000.0,-655000000.0,-0.1297800674,182000000.0,-837000000.0,-0.1658410937,-0.84,-0.84,998809524,1001000000,https://www.sec.gov/Archives/edgar/data/1701605/000170160522000113/0001701605-22-000113-index.htm,https://www.sec.gov/Archives/edgar/data/1701605/000170160522000113/bkr-20220630.htm,5.053015493672846,-0.8379976160499647,0.3213825982700581,0.147175208553578,3.897640046932512,15.10398092679781,5.302312275508498,15.10398092679781,6.7270083419829305,28835630957.88,32566630957.88,-8.612792998172043,5.7134200431702,89.83062603700934,196.16075481551024,1.9114166086358213,1.9114166086358213,6.452671083392114,-101.4536789965109,101.4536789965109,221.5417071964626,-0.029026588709732,0.0050978596658669,0.441402624950285,0.1972861671555121,-11.623052959501557,1.51456,-3.733333333333333,-0.3835125448028674,0.0063463150942424,-0.2186379928315412,0.0,0.0,0.2900482920036737,0.5420560747663551,0.0344759262928472,0.6327272727272727,0.0099068753715078,,-0.0117254309918911,-0.0349288486416558,-8.579213347589185,4824000000.0,5296000000.0,-4468000000.0,19145000000.0,5655000000.0,3759500000.0,4101500000.0,99.3619972260749,83.09050772626932,89.44812362030905,0.9057788944723618,1.0831562167906483,1.0061697926949655,-0.0554819037518228,0.1742073897164801,2022-07-20,0.22,bmo,5335320703.0,2025-04-25,2022-06-30,-0.5,33.810483870967744,10730251.85483871
2022-03-31,BKR,USD,1701605,2022-04-20,2022-04-20 16:26:54,2022,Q1,4835000000.0,3865000000.0,970000000.0,0.2006204757,0,0.0,0.0,621000000.0,-28000000.0,621000000.0,4486000000.0,0.0,64000000.0,277000000.0,528000000.0,0.1092037229,279000000.0,0.0577042399,-92000000.0,187000000.0,0.0386763185,107000000.0,72000000.0,0.0148914168,0.0768,0.0759,938000000,948000000,https://www.sec.gov/Archives/edgar/data/1701605/000170160522000079/0001701605-22-000079-index.htm,https://www.sec.gov/Archives/edgar/data/1701605/000170160522000079/bkr-20220331.htm,5.154584221748401,0.0767590618336887,0.0767590618336887,-0.1119402985074626,4.521321961620469,17.53411513859275,6.759061833688699,17.53411513859275,7.1950959488272925,34152580000.0,37646580000.0,118.5853472222222,7.063615305067217,474.3413888888888,-325.26266666666663,2.07652337812367,2.07652337812367,7.786262668045501,71.3003409090909,522.8691666666666,-358.5388571428571,0.0021081862629411,-0.0030744383001225,0.4064571046391439,0.1910327484711665,6.617424242424242,1.608728943338438,4.359375,0.9,0.0054168674811683,2.5694444444444446,0.0,0.0,0.288820940732697,2.458333333333333,0.0366080661840744,0.6389891696750902,0.0107549120992761,5.50298102238694,0.004610742410092,0.0028930767067143,-8.450959488272922,5565000000.0,6340000000.0,-3840000000.0,20476000000.0,5694500000.0,3750000000.0,4065000000.0,106.80868665977248,87.4385510996119,96.65976714100904,0.8426280934123388,1.029294274300932,0.9311009395326428,0.0043776980604365,0.1886993603411514,2022-04-20,0.19,bmo,5007760971.0,2025-04-25,2022-03-31,-0.2105263157894737,30.356451612903225,11521540.241935484
2021-12-31,BKR,USD,1701605,2022-02-11,2022-02-11 16:42:53,2021,Q4,5519000000.0,4315000000.0,1204000000.0,0.2181554629,492000000,0.0,0.0,633000000.0,208000000.0,633000000.0,4948000000.0,0.0,95000000.0,273000000.0,1055000000.0,0.1911578184,574000000.0,0.1040043486,114000000.0,687000000.0,0.1244790723,352000000.0,293000000.0,0.0530893278,0.33,0.32,896000000,906000000,https://www.sec.gov/Archives/edgar/data/1701605/000170160522000050/0001701605-22-000050-index.htm,https://www.sec.gov/Archives/edgar/data/1701605/000170160522000050/bkr-20211231.htm,6.159598214285714,0.3270089285714285,0.8627232142857143,0.71875,5.462053571428571,18.689732142857142,7.428571428571429,18.689732142857142,7.613839285714286,21557760000.0,24431760000.0,18.39399317406144,3.906098930965755,27.88843467011643,33.474782608695655,1.2873378717305626,1.2873378717305626,4.426845443015039,23.1580663507109,31.60641655886158,37.93751552795031,0.0135913935399596,0.0298732335827098,0.4017078705362474,0.1903077967636075,2.724170616113744,1.643215532286213,6.042105263157895,2.300595238095238,0.0086279836123975,0.6348122866894198,0.0,0.0891465845261822,0.2854475500735544,0.166882276843467,0.023373799601377,0.4725274725274725,0.0371444102192426,11.726613273863892,0.0106749850386995,0.0116002850581993,-8.348493303571429,5897000000.0,6656000000.0,-3537000000.0,20864000000.0,5488500000.0,3629500000.0,4044500000.0,92.15256387026636,78.11123986095016,82.99188876013905,0.9766413024243497,1.1522029372496665,1.0844433274692131,0.0174967156335841,0.1439732142857142,2022-01-20,0.28,bmo,5053610000.0,2025-04-25,2021-12-31,-0.1071428571428572,24.69359375,9010315.84375
2021-09-30,BKR,USD,1701605,2021-10-22,2021-10-22 07:57:00,2021,Q3,5093000000.0,4083000000.0,1010000000.0,0.1983114078,0,0.0,0.0,607000000.0,-102000000.0,607000000.0,4690000000.0,0.0,67000000.0,262000000.0,538000000.0,0.1056351855,378000000.0,0.074219517,-169000000.0,209000000.0,0.0410367171,193000000.0,8000000.0,0.0015707834,0.0094,0.0093,851000000,857000000,https://www.sec.gov/Archives/edgar/data/1701605/000170160521000113/0001701605-21-000113-index.htm,https://www.sec.gov/Archives/edgar/data/1701605/000170160521000113/bkr-20210930.htm,5.984723854289071,0.0094007050528789,0.4888366627497062,0.3584018801410106,5.086956521739131,20.01880141010576,8.072855464159812,20.01880141010576,8.027027027027026,21045230000.0,23883230000.0,657.6634375,4.132187315923817,50.589495192307695,69.00075409836066,1.2353386945292322,1.2353386945292322,4.689422737090124,44.39262081784386,57.411610576923074,78.30567213114755,0.0003801336454864,0.0144925952341694,0.3970415590514205,0.1890864363189086,5.275092936802974,1.5915116527688689,5.641791044776119,26.0,0.0089331406689306,23.5,0.0,0.0,0.2841887509784189,0.2668269230769231,0.0217946200667582,0.4236641221374045,0.0,2.0577400395318746,0.0010930648577117,0.0003124267749746,-9.820799059929495,5533000000.0,6870000000.0,-3849000000.0,20681000000.0,5366500000.0,3553500000.0,4161000000.0,94.11741606126056,77.45775165319618,90.59515062454078,0.9562523469770936,1.161923733636881,0.9934306569343064,0.0004695938013618,0.1304347826086956,2021-10-20,0.22,bmo,5331550000.0,2025-04-25,2021-09-30,-0.2727272727272727,22.2715625,7914825.984375
2021-06-30,BKR,USD,1701605,2021-07-23,2021-07-23 07:54:30,2021,Q2,5142000000.0,4166000000.0,976000000.0,0.1898094127,0,0.0,0.0,642000000.0,-63000000.0,642000000.0,4808000000.0,0.0,65000000.0,278000000.0,409000000.0,0.0795410346,194000000.0,0.0377285103,-128000000.0,66000000.0,0.0128354726,143000000.0,-68000000.0,-0.0132244263,-0.0844,-0.0844,806000000,806000000,https://www.sec.gov/Archives/edgar/data/1701605/000170160521000087/0001701605-21-000087-index.htm,https://www.sec.gov/Archives/edgar/data/1701605/000170160521000087/bkr-20210630.htm,6.379652605459057,-0.0843672456575682,0.6277915632754343,0.477667493796526,5.529776674937965,21.58808933002481,8.866004962779156,21.58808933002481,8.483870967741936,18433220000.0,21293220000.0,-67.76919117647058,3.584834694671334,36.42928853754941,47.87849350649351,1.0593804597701149,1.0593804597701149,4.141038506417736,52.06166259168704,42.08146245059289,55.307064935064936,-0.0036889919395526,0.0208862043636434,0.3892528735632184,0.1847064277727781,6.992665036674817,1.5820499745028047,2.9846153846153847,-6.571428571428571,0.0101989777152336,-2.764705882352941,0.0,0.0,0.2796367503886116,0.2391304347826087,0.0235316997277324,0.4352517985611511,0.0,,-0.0084091894234937,-0.0025742949081961,-10.732940446650124,5707000000.0,7146000000.0,-3757000000.0,21047000000.0,5335000000.0,3530500000.0,4196500000.0,94.63827304550756,77.62121939510322,90.99375900144024,0.9509894581098576,1.159476760367381,0.9890788224121556,-0.0039080459770114,0.1501240694789082,2021-07-21,0.17,bmo,5334600000.0,2025-04-25,2021-06-30,-0.411764705882353,23.07777777777778,9056629.80952381
2021-03-31,BKR,USD,1701605,2021-04-23,2021-04-23 07:50:52,2021,Q1,4782000000.0,3924000000.0,858000000.0,0.1794228356,0,0.0,0.0,587000000.0,-626000000.0,587000000.0,4511000000.0,0.0,74000000.0,292000000.0,-170000000.0,-0.0355499791,164000000.0,0.0342952739,-700000000.0,-536000000.0,-0.1120869929,69000000.0,-452000000.0,-0.0945211209,-0.61,-0.61,740000000,740000000,https://www.sec.gov/Archives/edgar/data/1701605/000170160521000048/0001701605-21-000048-index.htm,https://www.sec.gov/Archives/edgar/data/1701605/000170160521000048/bkr-20210331.htm,6.462162162162162,-0.6108108108108108,0.9162162162162162,0.672972972972973,6.891891891891892,23.545945945945945,9.766216216216216,23.545945945945945,10.397297297297298,15991400000.0,19229400000.0,-8.844800884955752,3.344081974069427,23.58613569321534,32.111244979919675,0.9177800734618916,0.9177800734618916,4.02120451693852,-113.11411764705882,28.361946902654868,38.61325301204819,-0.0282651925409907,0.0311417386845429,0.43732782369146,0.2068628515582582,-19.04705882352941,1.585258083952601,2.216216216216216,-1.1206611570247933,0.0116937854096576,-0.413716814159292,0.0,0.0,0.2768215875773699,0.2654867256637168,0.0376411543287327,0.6164383561643836,0.0,,0.0066670967152352,-0.0169676038890348,-11.18141891891892,5828000000.0,7227000000.0,-3626000000.0,21188000000.0,5442500000.0,3500000000.0,4301000000.0,99.0526976160602,79.54128440366972,95.89449541284404,0.9086072582177466,1.1314878892733564,0.938531451805788,-0.025941230486685,0.2432432432432432,2021-04-21,0.11,bmo,4793510000.0,2025-04-25,2021-03-31,0.0909090909090908,22.77032786885246,7518747.196721312
2020-12-31,BKR,USD,1701605,2021-02-25,2021-02-25 16:07:29,2020,Q4,5495000000.0,4486000000.0,1009000000.0,0.1836214741,595000000,0.0,0.0,574000000.0,1407000000.0,574000000.0,5060000000.0,0.0,69000000.0,307000000.0,1896000000.0,0.3450409463,182000000.0,0.0331210191,779000000.0,1520000000.0,0.2766151046,568000000.0,653000000.0,0.1188353048,0.92,0.91,713000000,717000000,https://www.sec.gov/Archives/edgar/data/1701605/000170160521000026/0001701605-21-000026-index.htm,https://www.sec.gov/Archives/edgar/data/1701605/000170160521000026/bkr-20201231.htm,7.706872370266479,0.9158485273492286,0.5301542776998598,0.3520336605890603,7.918653576437587,25.584852734922865,11.035063113604489,25.584852734922865,10.802244039270688,14866050000.000002,18367050000.0,5.691443338437979,2.705377616014559,39.3281746031746,59.2272908366534,0.814935314110295,0.814935314110295,3.3425022747952684,9.687262658227848,48.59007936507936,73.17549800796813,0.0439255888416896,0.0168841084215376,0.418429996710887,0.2007099658164607,1.846518987341772,1.6089762393663831,2.63768115942029,0.3974763406940063,0.0125117297466374,0.2848392036753445,0.0,0.10828025477707,0.2727846437023402,0.335978835978836,0.0231119199272065,0.4136807817589576,0.0382165605095541,22.961198101227964,0.0039728660840725,0.0236115128724327,-10.82047685834502,6228000000.0,7868000000.0,-3333000000.0,21960000000.0,5634500000.0,3507000000.0,4445000000.0,92.0800727934486,70.86045474810521,88.6959429335711,0.9774101743151904,1.2701019252548131,1.0147025559828091,0.035796513540182,0.1781206171107994,2021-01-21,0.16,bmo,11927382352.0,2025-04-25,2020-12-31,-1.4375,17.57,7142163.328125
2020-09-30,BKR,USD,1701605,2020-10-23,2020-10-23 07:40:55,2020,Q3,5049000000.0,4292000000.0,757000000.0,0.1499306793,0,0.0,0.0,565000000.0,-149000000.0,565000000.0,4857000000.0,0.0,66000000.0,315000000.0,118000000.0,0.0233709645,-49000000.0,-0.0097048921,-215000000.0,-264000000.0,-0.0522875817,6000000.0,-170000000.0,-0.0336700337,-0.25,-0.25,676000000,676000000,https://www.sec.gov/Archives/edgar/data/1701605/000170160520000086/0001701605-20-000086-index.htm,https://www.sec.gov/Archives/edgar/data/1701605/000170160520000086/bkr-20200930.htm,7.468934911242603,-0.2514792899408284,0.3239644970414201,0.0769230769230769,6.007396449704142,25.516272189349117,10.279585798816568,25.516272189349117,11.47189349112426,8984040000.0,12612040000.0,-13.211823529411763,1.7793701723113489,41.02301369863014,172.77,0.520844106904748,0.520844106904748,2.497928302634185,106.88169491525424,57.58922374429224,242.5392307692308,-0.0189224446908072,0.0057880419054233,0.445764971882428,0.2059241008061276,30.74576271186441,1.4294576557947176,-0.7424242424242424,-0.8111111111111111,0.0207033806617067,-1.0941176470588236,0.0,0.0,0.2758509869037735,0.7625570776255708,0.0330758566052683,0.5301587301587302,0.0,,-0.0018134118459792,-0.0062872147638596,-14.140902366863903,4569000000.0,6949000000.0,-4882000000.0,20405000000.0,5641500000.0,3555000000.0,4542500000.0,100.65953654188948,73.01491146318733,93.71155638397018,0.8941030635735789,1.2326249282021826,0.9603938241217276,-0.0098556438054379,0.2470414201183432,2020-10-21,0.03604,bmo,3291000000.0,2025-04-25,2020-09-30,0.1098779134295227,15.29640625,6382159.5625
2020-06-30,BKR,USD,1701605,2020-07-24,2020-07-24 07:39:43,2020,Q2,4736000000.0,4058000000.0,678000000.0,0.1431587838,0,0.0,0.0,590000000.0,-255000000.0,590000000.0,4648000000.0,0.0,69000000.0,340000000.0,32000000.0,0.0067567568,-52000000.0,-0.0109797297,-324000000.0,-376000000.0,-0.0793918919,-21000000.0,-201000000.0,-0.0424408784,-0.31,-0.31,655000000,655000000,https://www.sec.gov/Archives/edgar/data/1701605/000170160520000068/0001701605-20-000068-index.htm,https://www.sec.gov/Archives/edgar/data/1701605/000170160520000068/bkr-20200630.htm,7.230534351145038,-0.3068702290076336,0.3511450381679389,0.0961832061068702,6.308396946564885,26.81679389312977,11.116030534351143,26.81679389312977,11.861068702290076,10080450000.0,13648450000.0,-12.537873134328358,2.1284733952702704,43.82804347826088,160.00714285714287,0.5738941076003417,0.5738941076003417,2.881851773648649,426.5140625,59.34108695652174,216.6420634920635,-0.0199395860303855,0.0062497209945984,0.4383717620267577,0.2052074727500466,111.5,1.467019967824359,-0.7536231884057971,-0.647887323943662,0.0184515572221478,-0.9253731343283582,0.0,0.0,0.2740719025664259,0.7260869565217392,0.0352618243243243,0.4911764705882352,0.0,,-0.0017603350548888,-0.0073791255185579,-14.18473282442748,4935000000.0,7281000000.0,-4456000000.0,20929000000.0,5892000000.0,3809500000.0,4575000000.0,107.10304054054052,80.46328240512568,102.37555446032528,0.8403122782114976,1.1185226019845644,0.8791161178509532,-0.0114432109308283,0.2549618320610687,2020-07-22,-0.00544,bmo,,2025-04-25,2020-06-30,8.191176470588236,14.625238095238094,6753291.968253968
2020-03-31,BKR,USD,1701605,2020-04-24,2020-04-24 07:42:22,2020,Q1,5425000000.0,4670000000.0,755000000.0,0.1391705069,0,0.0,0.0,675000000.0,25000000.0,675000000.0,5345000000.0,0.0,59000000.0,355000000.0,-15679000000.0,-2.8901382488,-16059000000.0,-2.9601843318,-34000000.0,-16093000000.0,-2.9664516129,5000000.0,-10210000000.0,-1.8820276498,-15.64,-15.64,653000000,653000000,https://www.sec.gov/Archives/edgar/data/1701605/000170160520000039/0001701605-20-000039-index.htm,https://www.sec.gov/Archives/edgar/data/1701605/000170160520000039/bkr-20200331.htm,8.30781010719755,-15.63552833078101,0.7320061255742726,0.2343032159264931,4.609494640122511,27.54211332312404,11.53292496171516,27.54211332312404,10.036753445635528,6856500000.0,10341500000.0,-0.1678868756121449,1.2638709677419355,14.344142259414228,44.81372549019608,0.3812343619683069,0.3812343619683069,1.9062672811059909,-0.6595765036035461,21.634937238493723,67.59150326797386,-1.4890979362648582,0.0223145919929993,0.3611342785654712,0.1744607698299712,-0.2222718285604949,1.4449265358445913,-272.1864406779661,-0.0296931295813144,0.0271275432071756,-0.0182174338883447,0.0,0.0,0.2808026001235595,0.6799163179916318,0.0599078341013824,0.9154929577464788,0.0,,-0.5884676326617672,-0.3813258636788048,-14.32771822358346,4512000000.0,7531000000.0,-4591000000.0,20963000000.0,6282000000.0,4129500000.0,4571000000.0,101.99447004608297,76.91434689507494,87.37901498929337,0.8824007807417046,1.1701327987972938,1.0299955888839876,-0.5676953016402557,0.4977029096477794,2020-04-22,0.09,bmo,5425000000.0,2025-04-25,2020-03-31,0.2222222222222222,18.78258064516129,7962749.20967742
2019-12-31,BKR,USD,1701605,2020-02-13,2020-02-13 16:18:34,2019,Q4,6347000000.0,5052000000.0,1295000000.0,0.2040334016,687000000,0.0,0.0,748000000.0,39000000.0,748000000.0,5800000000.0,0.0,63000000.0,353000000.0,724000000.0,0.1140696392,331000000.0,0.0521506223,-23000000.0,307000000.0,0.0483693083,212000000.0,48000000.0,0.007562628,0.0738,0.0735,650000000,653000000,https://www.sec.gov/Archives/edgar/data/1701605/000170160520000019/0001701605-20-000019-index.htm,https://www.sec.gov/Archives/edgar/data/1701605/000170160520000019/fiscalyear2019form10-k.htm,9.764615384615384,0.0738461538461538,2.087692307692308,1.9292307692307693,5.389230769230769,53.07538461538461,12.966153846153846,53.07538461538461,10.284615384615384,16659500000.0,20032500000.0,86.76822916666666,2.6247833622183707,12.27671333824613,13.285087719298245,0.4828980550160874,0.4828980550160874,3.156215534898377,27.669198895027623,14.762343404568902,15.97488038277512,0.002881238932741,0.0752723671178606,0.1919475926838459,0.124079521819783,4.6588397790055245,1.5200718993409228,5.253968253968254,14.436170212765957,0.0280320537831267,9.729166666666666,0.0,0.1082401134394202,0.4885045625737788,0.0759027266028003,0.0162281392783992,0.291784702549575,0.0294627383015597,9.39078233691998,0.0023451485964309,0.001758370576599,-12.693846153846154,5208000000.0,8428000000.0,-3648000000.0,37519000000.0,6290500000.0,4069000000.0,4673500000.0,90.97841499921222,76.03325415676959,82.09026128266034,0.9892456359102244,1.18369259606373,1.0963541666666667,0.0013913446766572,0.1584615384615384,2020-01-22,0.31,bmo,7288444444.0,2025-04-25,2019-12-31,-0.129032258064516,22.73921875,4502594.453125
2019-09-30,BKR,USD,1701605,2019-10-30,2019-10-30 16:29:16,2019,Q3,5882000000.0,4781000000.0,1101000000.0,0.1871812309,0,0.0,0.0,679000000.0,-14000000.0,679000000.0,5460000000.0,0.0,59000000.0,356000000.0,639000000.0,0.1086365182,297000000.0,0.0504930296,-73000000.0,224000000.0,0.0380822849,107000000.0,57000000.0,0.0096905814,0.11,0.11,538000000,541000000,https://www.sec.gov/Archives/edgar/data/1701605/000170160519000089/0001701605-19-000089-index.htm,https://www.sec.gov/Archives/edgar/data/1701605/000170160519000089/bkr-2019093010xq.htm,10.933085501858736,0.1059479553903345,0.6691449814126395,0.1505576208178438,5.219330855018588,64.00743494423791,15.522304832713754,40.66171003717472,13.133828996282528,12481600000.0,16680600000.0,54.74385964912281,2.121999319959197,34.67111111111111,154.09382716049382,0.5705613457670506,0.5705613457670506,2.83587215232914,26.104225352112675,46.335,205.93333333333337,0.0045667222151006,0.0064895526214587,0.3203053574693728,0.1333422139336619,6.571205007824726,1.582618945563652,5.033898305084746,3.076923076923077,0.0074509678246378,1.631578947368421,0.0,0.0,0.4963938419380007,0.775,0.0474328459707582,0.7837078651685393,0.0,9.845332062711211,0.0035328155652504,0.0021538694074969,-15.449349442379182,5437000000.0,8351000000.0,-3344000000.0,37663000000.0,6237500000.0,3918000000.0,4773000000.0,94.33015980958858,72.85086801924284,89.20937042459737,0.954095701540957,1.2354005167958657,1.0088626292466765,0.0026055951727921,0.5185873605947955,2019-10-30,0.24,bmo,6722285714.0,2025-04-25,2019-09-30,-0.125,23.4478125,7012264.65625
2019-06-30,BKR,USD,1701605,2019-08-01,2019-08-01 07:26:44,2019,Q2,5994000000.0,4932000000.0,1062000000.0,0.1771771772,0,0.0,0.0,701000000.0,-131000000.0,701000000.0,5633000000.0,0.0,56000000.0,359000000.0,499000000.0,0.0832499166,271000000.0,0.0452118785,-187000000.0,84000000.0,0.014014014,95000000.0,-9000000.0,-0.0015015015,-0.0175,-0.0175,515000000,515000000,https://www.sec.gov/Archives/edgar/data/1701605/000170160519000058/0001701605-19-000058-index.htm,https://www.sec.gov/Archives/edgar/data/1701605/000170160519000058/bhge-2019063010xq.htm,11.63883495145631,-0.0174757281553398,1.1514563106796116,0.6893203883495146,6.093203883495145,67.5359223300971,16.633009708737863,67.5359223300971,13.988349514563106,12967700000.0,16977700000.0,-360.21388888888885,2.1634467801134467,21.86795952782462,36.5287323943662,0.3728386187861188,0.3728386187861188,2.832449115782449,34.02344689378757,28.63018549747049,47.82450704225352,-0.0006940320951286,0.027375710418964,0.2055145050458583,0.1351842045540509,8.036072144288577,1.6042179638154372,4.839285714285714,-53.90909090909091,0.0070945503057596,-10.22222222222222,0.0,0.0,0.4957825856721385,0.4013490725126475,0.0397063730397063,0.6629526462395543,0.0,,-0.0007987956701576,-0.0003375717339934,-15.18640776699029,5644000000.0,8566000000.0,-3110000000.0,37989000000.0,6314500000.0,3942000000.0,4839000000.0,94.74474474474476,72.37226277372262,87.71897810218978,0.949920760697306,1.24357034795764,1.0260037445392136,-0.000258761967741,0.4621359223300971,2019-07-31,0.19,bmo,5694300000.0,2025-04-25,2019-06-30,0.0526315789473684,24.11968253968254,4441555.857142857
2019-03-31,BKR,USD,1701605,2019-04-30,2019-04-30 16:20:23,2019,Q1,5615000000.0,4639000000.0,976000000.0,0.1738201247,0,0.0,0.0,704000000.0,21000000.0,704000000.0,5343000000.0,0.0,59000000.0,350000000.0,547000000.0,0.0974176313,176000000.0,0.0313446126,-38000000.0,138000000.0,0.0245770258,67000000.0,32000000.0,0.0056990205,0.06,0.06,533333333,533333333,https://www.sec.gov/Archives/edgar/data/1701605/000170160519000038/0001701605-19-000038-index.htm,https://www.sec.gov/Archives/edgar/data/1701605/000170160519000038/bhge-2019033110xq.htm,10.528125006580078,0.0600000000375,-0.345000000215625,-0.7856250004910156,5.761875003601172,65.7862500411164,16.239375010149608,65.7862500411164,13.565625008478516,14847999990.72,18950999990.72,115.9999999275,2.644345501463936,-80.69565212347827,-35.436754154463,0.4231887359835832,0.4231887359835832,3.375066783743544,34.645338191444246,-102.99456516695652,-45.22911692295943,0.00215517241514,-0.0282192888107405,0.2045260217750669,0.1350674772722995,7.50091407678245,1.647370746796288,2.983050847457627,-2.591549295774648,0.0062634698315008,2.90625,0.0,0.0,0.4973743153456681,-1.2771739130434785,0.0418521816562778,0.6714285714285714,0.0,9.42398204640768,0.0020129987914919,0.0011983223487118,-14.616093759135058,5860000000.0,8661000000.0,-3131000000.0,38503000000.0,6144000000.0,3971500000.0,4745500000.0,101.2840605520926,76.01207156714808,94.50097003664582,0.8885899667668935,1.1840224604389995,0.9523711763498256,0.0009120446901898,0.4406250002753906,2019-04-30,0.13,bmo,4866333333.0,2025-04-25,2019-03-31,0.1538461538461537,25.2772131147541,4647760.344262295
2018-12-31,BKR,USD,1701605,2019-02-19,2019-02-19 16:55:51,2018,Q4,6264000000.0,5028000000.0,1236000000.0,0.1973180077,700000000,0.0,0.0,754000000.0,152000000.0,754000000.0,5782000000.0,0.0,59000000.0,353000000.0,887000000.0,0.1416028097,382000000.0,0.0609833972,-106000000.0,475000000.0,0.0758301405,173000000.0,131000000.0,0.0209131545,0.28,0.28,467857143,467857143,https://www.sec.gov/Archives/edgar/data/1701605/000170160519000021/0001701605-19-000021-index.htm,https://www.sec.gov/Archives/edgar/data/1701605/000170160519000021/fiscalyear2018form10-k.htm,13.388702285988185,0.2799999999145038,2.327633587075532,1.5966412208865215,7.957557249478609,74.83694654203453,18.33251907837175,23.25496182496032,15.573129766237212,10058928574.5,13562928574.5,19.19642857729008,1.6058315093390805,9.236849012396696,13.465767837349398,0.9245338763327206,0.9245338763327206,2.165218482519157,15.290787569898534,12.454479866391184,18.156530889558237,0.0130232558099769,0.0742623823668149,0.6642463235294118,0.1378172734033829,3.950394588500563,1.6597560975609755,6.47457627118644,3.6059602649006623,0.0582567015621868,4.473282442748092,0.0,0.1117496807151979,0.5041286065714449,0.3140495867768595,0.0545977011494252,0.9688385269121812,0.019316730523627,12.103977009748297,0.0054748896315991,0.0050378802445871,-14.782824422967076,5951000000.0,8577000000.0,-2455000000.0,38615000000.0,5889000000.0,3855500000.0,4650500000.0,85.76149425287356,72.04653937947495,82.69689737470168,1.0494220137376444,1.249192546583851,1.0883116883116883,0.0120404411764705,0.73099236618901,2019-01-31,0.26,bmo,6265000000.0,2025-04-25,2018-12-31,0.0,25.536984126984127,7117134.920634921
2018-09-30,BKR,USD,1701605,2018-10-30,2018-10-30 16:24:26,2018,Q3,5665000000.0,4692000000.0,973000000.0,0.1717563989,0,0.0,0.0,608000000.0,6000000.0,608000000.0,5300000000.0,0.0,55000000.0,353000000.0,556000000.0,0.0981465137,282000000.0,0.0497793469,-134000000.0,148000000.0,0.026125331,110000000.0,13000000.0,0.0022947926,0.0316,0.0314,412000000,414000000,https://www.sec.gov/Archives/edgar/data/1701605/000170160518000103/0001701605-18-000103-index.htm,https://www.sec.gov/Archives/edgar/data/1701605/000170160518000103/bhge-2018093010xq.htm,13.75,0.0315533980582524,0.5825242718446602,-0.0048543689320388,11.565533980582524,88.74514563106796,24.131067961165048,33.349514563106794,17.83495145631068,13587759999.999998,16115759999.999998,261.3030769230769,2.398545454545454,56.61566666666666,-6793.879999999999,0.988919941775837,0.988919941775837,2.844794351279788,28.985179856115103,67.14899999999999,-8057.879999999999,0.0009567434220209,-0.0001471912956955,0.5307860262008733,0.1360634328358209,4.546762589928058,1.9058767884592644,5.127272727272727,6.315789473684211,0.0054460779407348,5.6923076923076925,0.0,0.0,0.496660447761194,1.0083333333333333,0.0427184466019417,0.6855524079320113,0.0,4.865854131735957,0.0015691525346294,0.0004818562585714,-13.530946601941748,7661000000.0,9942000000.0,-919000000.0,40508000000.0,5923500000.0,3630000000.0,4678000000.0,92.28773168578994,70.70332480818414,89.78900255754475,0.9752108796694784,1.272924579489962,1.0023499252296515,0.0009461426491994,0.587378640776699,2018-10-30,0.2,bmo,5963157894.0,2025-04-25,2018-09-30,-0.05,33.07936507936508,3269624.0
2018-06-30,BKR,USD,1701605,2018-07-30,2018-07-30 15:16:00,2018,Q2,5548000000.0,4612000000.0,936000000.0,0.1687094448,0,0.0,0.0,662000000.0,43000000.0,662000000.0,5274000000.0,0.0,63000000.0,392000000.0,479000000.0,0.0863374189,78000000.0,0.0140591204,-54000000.0,24000000.0,0.0043258832,62000000.0,-19000000.0,-0.0034246575,-0.0459,-0.0459,414000000,414000000,https://www.sec.gov/Archives/edgar/data/1701605/000170160518000082/0001701605-18-000082-index.htm,https://www.sec.gov/Archives/edgar/data/1701605/000170160518000082/bhge-2018063010xq.htm,13.400966183574878,-0.0458937198067632,0.3357487922705314,-0.2294685990338164,11.785024154589372,88.92995169082126,24.36231884057971,30.63768115942029,17.992753623188406,13674420000.0,16181420000.0,-179.92657894736843,2.464747656813266,98.37712230215828,-143.94126315789472,1.0780842005676443,1.0780842005676443,2.916622206200433,33.781670146137785,116.41309352517986,-170.33073684210527,-0.0013894556405317,-0.0069472782026586,0.5823084200567644,0.1365501941209096,5.233820459290188,1.904552299316576,1.238095238095238,-3.6578947368421058,0.0054115640736499,-3.8947368421052633,0.0,0.0,0.4941948604178221,1.683453237410072,0.0421773612112472,0.5969387755102041,0.0,,-0.0026545438913249,-0.0006944698271135,-13.35265700483092,7809000000.0,10086000000.0,-831000000.0,40875000000.0,5951500000.0,3506500000.0,4685500000.0,97.94881038211967,69.74414570685168,91.22940156114484,0.918847300430606,1.2904308897593733,0.986524064171123,-0.0014979501734468,0.5652173913043478,2018-07-20,0.14,bmo,7767200000.0,2025-04-25,2018-06-30,-0.0714285714285714,33.953125,4209651.296875
2018-03-31,BKR,USD,1701605,2018-04-27,2018-04-27 16:12:11,2018,Q1,5399000000.0,4558000000.0,841000000.0,0.155769587,0,0.0,0.0,674000000.0,2000000.0,674000000.0,5232000000.0,0.0,46000000.0,388000000.0,329000000.0,0.0609372106,-41000000.0,-0.0075939989,-64000000.0,-105000000.0,-0.0194480459,-86000000.0,70000000.0,0.012965364,0.17,0.17,421000000,422000000,https://www.sec.gov/Archives/edgar/data/1701605/000170160518000052/0001701605-18-000052-index.html,https://www.sec.gov/Archives/edgar/data/1701605/000170160518000052/bhge-2018033110xq.htm,12.824228028503564,0.166270783847981,0.6983372921615202,0.2779097387173396,13.375296912114017,90.48693586698336,27.213776722090262,33.163895486935864,17.85748218527316,11691170000.0,13532170000.0,41.75417857142857,2.165432487497685,39.7658843537415,99.92452991452993,0.837356395931815,0.837356395931815,2.5064215595480643,41.13121580547112,46.02778911564626,115.65957264957264,0.0059874246974426,0.0100075527085826,0.5351668815355967,0.1353108418898607,5.595744680851064,2.0485285285285286,-0.8913043478260869,-15.473684210526317,0.0065006325286519,1.0857142857142856,0.0,0.0,0.4823889462342225,0.6020408163265306,0.0327838488609001,0.4561855670103092,0.0,11.138635697717664,-0.0001543319940723,0.0024490081516985,-11.278503562945367,8729000000.0,11457000000.0,-72000000.0,41960000000.0,5939500000.0,3408000000.0,4601500000.0,97.76810520466752,67.90478279947345,92.7248793330408,0.9205456095481672,1.3253852864204712,0.9706132879045996,0.0050136083655636,0.4204275534441805,2018-04-20,0.06,bmo,3599333333.0,2025-04-25,2018-03-31,0.5,30.58639344262295,5700526.967213115
2017-12-31,BKR,USD,1701605,2018-02-23,2018-02-23 17:17:47,2017,Q4,5763000000.0,4887000000.0,876000000.0,0.1520041645,501000000,0.0,0.0,786000000.0,13000000.0,786000000.0,5673000000.0,0.0,56000000.0,387000000.0,348000000.0,0.060385216,-92000000.0,-0.0159639077,-223000000.0,-133000000.0,-0.0230782579,-51000000.0,-29000000.0,-0.0050321013,-0.0679,-0.0679,427000000,427000000,https://www.sec.gov/Archives/edgar/data/1701605/000170160518000029/0001701605-18-000029-index.htm,https://www.sec.gov/Archives/edgar/data/1701605/000170160518000029/fiscalyear2017form10-k.htm,13.49648711943794,-0.0679156908665105,-0.5011709601873536,-1.0819672131147542,16.463700234192036,89.95316159250585,28.39578454332553,33.43559718969555,19.68384074941452,13510280000.0,14829280000.0,-116.46793103448276,2.344313725490196,-63.13214953271028,-29.243030303030302,0.9462968410730546,0.9462968410730546,2.573187575915322,42.61287356321839,-69.29570093457944,-32.09800865800866,-0.0021465136177784,-0.0341961824625396,0.5847867198991384,0.1477699115044247,3.790229885057472,1.996748672374553,-1.6428571428571428,0.5404040404040404,0.0058473991656723,-2.7241379310344827,0.0,0.0869338885996876,0.4652212389380531,-1.158878504672897,0.043033142460524,0.6408268733850129,0.006420267221933,,-0.0011503103733781,-0.0009597881846764,-10.06088992974239,9197000000.0,12125000000.0,334000000.0,42441000000.0,5604000000.0,3290000000.0,4908000000.0,93.9198334200937,62.1915285451197,83.00184162062615,0.9582640505487195,1.447142434113118,1.0843132904370978,-0.002031239055824,0.5807962529274004,2018-01-24,0.14,bmo,5378800000.0,2025-04-25,2017-12-31,0.0714285714285712,32.086666666666666,4444794.46031746
2017-09-30,BKR,USD,1701605,2017-10-31,2017-10-30 18:21:10,2017,Q3,5375000000.0,4355000000.0,1020000000.0,0.1897674419,0,0.0,0.0,792000000.0,-3000000.0,792000000.0,5147000000.0,0.0,42000000.0,282000000.0,49000000.0,0.0091162791,-122000000.0,-0.0226976744,-121000000.0,-180000000.0,-0.0334883721,93000000.0,-104000000.0,-0.0193488372,-0.24,-0.24,428000000,428000000,https://www.sec.gov/Archives/edgar/data/1701605/000170160517000100/0001701605-17-000100-index.htm,https://www.sec.gov/Archives/edgar/data/1701605/000170160517000100/bhge-2017093010xq.htm,12.55841121495327,-0.2429906542056074,-0.8364485981308412,-1.3060747663551402,11.161214953271028,93.80140186915888,30.20093457943925,93.41121495327104,11.55841121495327,15673359999.999998,15801359999.999998,-37.67634615384616,2.9159739534883715,-43.78033519553072,-28.038211091234345,0.3920300150075037,0.3920300150075037,2.939787906976744,322.4767346938775,-44.13787709497206,-28.26719141323792,-0.0066354629766686,-0.0356656134995942,0.1226863431715857,0.0894909688013136,2.6122448979591835,1.8988776912505727,-2.9047619047619047,-1.1401273885350318,0.004466177003527,-0.6730769230769231,0.0,0.0,0.4966429483670863,-0.5614525139664804,0.0373953488372093,0.7127659574468085,0.0,,-0.0038593637020968,-0.0037696183261444,-7.794392523364486,7849000000.0,12926000000.0,1918000000.0,41325000000.0,3750500000.0,2148500000.0,3642500000.0,86.9693023255814,66.19288174512056,109.71526980482204,1.034847901424721,1.359662816109897,0.8203051422113392,-0.0026013006503251,0.4696261682242991,2017-10-20,0.11,bmo,11825000000.0,2025-04-25,2017-09-30,-0.5454545454545454,35.57111111111111,3326721.6666666665
2017-06-30,BKR,USD,1701605,2017-07-28,2017-07-28 08:52:45,2017,Q2,2404000000.0,2084000000.0,320000000.0,0.1331114809,102000000,0.0,0.0,225000000.0,0.0,327000000.0,2411000000.0,0.0,30000000.0,28000000.0,142000000.0,0.0590682196,-56000000.0,-0.0232945092,36000000.0,-107000000.0,-0.0445091514,72000000.0,-179000000.0,-0.0744592346,-0.42,-0.42,425483244,425483244,https://www.sec.gov/Archives/edgar/data/1701605/000170160517000066/0001701605-17-000066-index.htm,https://www.sec.gov/Archives/edgar/data/1701605/000170160517000066/bakerhughesagecompany10q2q17.htm,5.650046233077982,-0.4206981180203655,0.8131930102516564,0.6557249995959888,9.713661015520508,29.11277982077245,18.842105095917717,28.72028492854116,7.14246693108319,16236440591.04,15112440591.04,-22.67659300424581,6.7539270345424285,46.92612887583815,58.19512756645161,1.3286776261080195,1.3286776261080195,6.286372958003327,106.42563796507042,43.67757396254335,54.166453731326165,-0.0110245838055651,0.0171835691718026,0.2462356792144026,0.1611244979919678,-7.915492957746479,3.686536901865369,-1.8666666666666667,0.0,0.0044549266247379,-0.4040902317318436,0.0,0.0424292845257903,0.2340026773761713,0.1936416184971098,0.0278702163061564,0.4240506329113924,0.0,,-0.0056639808337759,-0.012513107305138,1.3237889104746978,6625000000.0,8017000000.0,2803000000.0,15042000000.0,3538000000.0,2117500000.0,3560000000.0,86.36855241264558,47.24568138195777,85.3358925143954,1.0420459471174686,1.9049360146252283,1.054655870445344,-0.0146481178396072,0.1574680106556675,2017-07-28,-0.12,bmo,,2025-04-25,2017-06-30,-0.0833333333333333,40.24063492063492,3996549.412698413
2017-03-31,BKR,USD,1701605,2018-04-27,2018-04-27 16:12:11,2017,Q1,5373000000.0,4333000000.0,1040000000.0,0.1935603946,0,0.0,0.0,728000000.0,-7000000.0,728000000.0,5061000000.0,0.0,59000000.0,132000000.0,226000000.0,0.0420621627,312000000.0,0.0580681184,-12000000.0,121000000.0,0.0225200074,112000000.0,8000000.0,0.0014889261,0.0188,0.0188,425483244,425483244,https://www.sec.gov/Archives/edgar/data/1701605/000170160518000052/0001701605-18-000052-index.htm,https://www.sec.gov/Archives/edgar/data/1701605/000170160518000052/bhge-2018033110xq.htm,12.627994347058236,0.0188021505260498,-0.8131930102516564,-0.99181344024913,11.944066121673172,94.02250397432807,30.33491960496569,35.66062874146931,8.813508059085871,17814983426.28,16423983426.28,556.71823207125,3.3156492511222777,-51.488391405433525,-42.21560053620853,1.1741239983048837,1.1741239983048837,3.056762223391029,72.67249303663716,-47.46816019156069,-38.91939200540284,0.0004490601988547,-0.0236879254895899,0.2432610558228432,0.0681965153446778,-6.154867256637168,2.243047830923248,5.288135593220339,-5.242424242424242,0.0042660718891204,9.5,0.0,0.0,0.5006743898157899,-0.2196531791907514,0.014144798064396,0.5757575757575758,0.0,3.884092102749422,0.0004942729988764,0.0002960222016651,-6.785813638292182,8940000000.0,12907000000.0,2014000000.0,42450000000.0,3337000000.0,2519500000.0,4184000000.0,79.88274706867672,65.24117239787675,106.84514193399492,1.126651289578528,1.3794969754855142,0.8423405909797823,0.0005272523561589,0.1786204299974736,2017-04-25,-0.21,bmo,4861285714.0,2025-04-25,2017-03-31,0.1428571428571428,42.61419354838709,3588407.596774193
2016-12-31,BKR,USD,1701605,2016-12-31,2016-12-30 19:00:00,2016,Q4,3516000000.0,2545000000.0,971000000.0,0.2761660978,99000000,0.0,0.0,462000000.0,0.0,826000000.0,3371000000.0,0.0,0.0,111000000.0,-159000000.0,-0.045221843,497000000.0,0.1413538111,-803000000.0,117000000.0,0.0332764505,118000000.0,-1000000.0,-0.0002844141,-0.0023,-0.0023,429000000,430000000,,,8.195804195804195,-0.0023310023310023,1.0652680652680653,0.8461538461538461,2.2867132867132867,34.62703962703963,13.347319347319347,34.23776223776224,0.6456876456876457,19510920000.0,18806920000.0,-4877.73,5.549180887372014,42.69347921225383,53.74909090909091,1.3283578431372547,1.3283578431372547,5.3489533560864615,-118.28251572327044,41.15299781181619,51.80969696969697,-5.125334940638371e-05,0.0186049658345172,0.0188589324618736,0.0127526356981722,4.427672955974843,1.5,0.0,0.0,0.0037379067722075,-72.93,0.0,0.0281569965870307,0.4202845172874177,0.2056892778993435,0.0267349260523321,0.8468468468468469,0.0,,-0.0002494927315789,-7.941550190597205e-05,-6.62995337995338,2467000000.0,5726000000.0,535000000.0,13921000000.0,,,,48.76279863481229,67.11984282907663,114.01178781925344,1.8456692913385824,1.3408851422550052,0.7893920595533499,-6.808278867102397e-05,0.2191142191142191,2017-01-26,-0.11,bmo,,2025-04-25,2016-12-31,1.7272727272727273,41.55619047619047,5855744.841269841
2016-09-30,BKR,USD,1701605,2016-09-30,2016-09-29 20:00:00,2016,Q3,3024000000.0,2294000000.0,730000000.0,0.2414021164,87000000,0.0,0.0,475000000.0,0.0,644000000.0,2938000000.0,0.0,0.0,277000000.0,0.0,0.0,252000000.0,0.0833333333,-187000000.0,65000000.0,0.021494709,70000000.0,-5000000.0,-0.0016534392,-0.0117,-0.0116,429000000,430000000,,,7.048951048951049,-0.0116550116550116,0.0955710955710955,-0.2913752913752914,,,,,,15156570000.0,,-757.8285,5.012093253968254,369.6724390243903,-121.25256,0.0,0.0,,0.0,,,-0.0003298899421175,-0.0082472485529377,0.0,0.0,0.0,0.0,0.0,0.0,0.004811774695726,-14.586,0.0,0.0287698412698412,0.0,4.048780487804878,0.0548941798941798,0.5992779783393501,0.0,,0.0,0.0,,,,,,,,,,,,0.0,0.0,0.0,0.0,0.3869463869463869,2016-10-25,-0.44,bmo,,2025-04-25,2016-09-30,-0.6590909090909092,33.695625,4804861.703125
2016-06-30,BKR,USD,1701605,2016-06-30,2016-06-29 20:00:00,2016,Q2,3322000000.0,2448000000.0,874000000.0,0.2630945214,166000000,0.0,0.0,476000000.0,0.0,981000000.0,3429000000.0,14000000.0,0.0,80000000.0,408000000.0,0.1228175798,328000000.0,0.0987357014,-449000000.0,-121000000.0,-0.0364238411,20000000.0,-141000000.0,-0.0424443107,-0.33,-0.33,429000000,430000000,,,0.0,0.0,0.0,0.0,0.0,0.0,0.0,0.0,0.0,0.0,,0.0,0.0,0.0,0.0,0.0,0.0,,,,,,0.0,0.0,0.0,,0.0,0.0,0.0496453900709219,,0.0,0.0,0.0499698976520168,0.0,-13.571428571428571,0.0285972305839855,1.1875,0.0,,0.0,0.0,0.0,,,,,,,,,,,0.0,0.0,0.0,0.0,0.0,2016-07-28,-0.62,bmo,,2025-04-25,2016-06-30,0.4516129032258065,31.704375,6537409.140625
2016-03-31,BKR,USD,1701605,2016-03-31,2016-03-30 20:00:00,2016,Q1,3407000000.0,2698000000.0,709000000.0,0.2081009686,0,0.0,0.0,525000000.0,0.0,550000000.0,3248000000.0,39000000.0,0.0,82000000.0,266000000.0,0.0780745524,184000000.0,0.0540064573,-64000000.0,120000000.0,0.0352216026,42000000.0,141000000.0,0.041385383,0.33,0.33,429000000,430000000,,,0.0,0.0,0.0,0.0,0.0,0.0,0.0,0.0,0.0,0.0,1432000000.0,0.0,0.0,0.0,0.0,0.0,0.0,0.4203111241561491,5.383458646616542,-6.253275109170306,-4.805369127516778,,0.0,0.0,0.0,5.383458646616542,0.0,0.0,-1.624113475177305,,0.0,0.0,0.0,0.0,-0.3013100436681222,0.0202524214851775,0.8414634146341463,0.0,,0.0,0.0,0.0,1432000000.0,0.0,1432000000.0,1432000000.0,,,,0.0,0.0,0.0,0.0,0.0,0.0,0.0096940529391543,0.0,2016-04-27,-0.34,bmo,,2025-04-25,2016-03-31,-0.4411764705882353,30.23049180327869,4609969.081967213
