date,symbol,reportedCurrency,cik,fillingDate,acceptedDate,calendarYear,period,revenue,costOfRevenue,grossProfit,grossProfitRatio,researchAndDevelopmentExpenses,generalAndAdministrativeExpenses,sellingAndMarketingExpenses,sellingGeneralAndAdministrativeExpenses,otherExpenses,operatingExpenses,costAndExpenses,interestIncome,interestExpense,depreciationAndAmortization,ebitda,ebitdaratio,operatingIncome,operatingIncomeRatio,totalOtherIncomeExpensesNet,incomeBeforeTax,incomeBeforeTaxRatio,incomeTaxExpense,netIncome,netIncomeRatio,eps,epsdiluted,weightedAverageShsOut,weightedAverageShsOutDil,link,finalLink,revenuePerShare,netIncomePerShare,operatingCashFlowPerShare,freeCashFlowPerShare,cashPerShare,bookValuePerShare,tangibleBookValuePerShare,shareholdersEquityPerShare,interestDebtPerShare,marketCap,enterpriseValue,peRatio,priceToSalesRatio,pocfratio,pfcfRatio,pbRatio,ptbRatio,evToSales,enterpriseValueOverEBITDA,evToOperatingCashFlow,evToFreeCashFlow,earningsYield,freeCashFlowYield,debtToEquity,debtToAssets,netDebtToEBITDA,currentRatio,interestCoverage,incomeQuality,dividendYield,payoutRatio,salesGeneralAndAdministrativeToRevenue,researchAndDdevelopementToRevenue,intangiblesToTotalAssets,capexToOperatingCashFlow,capexToRevenue,capexToDepreciation,stockBasedCompensationToRevenue,grahamNumber,roic,returnOnTangibleAssets,grahamNetNet,workingCapital,tangibleAssetValue,netCurrentAssetValue,investedCapital,averageReceivables,averagePayables,averageInventory,daysSalesOutstanding,daysPayablesOutstanding,daysOfInventoryOnHand,receivablesTurnover,payablesTurnover,inventoryTurnover,roe,capexPerShare,report_date,epsEstimated,time,revenueEstimated,updatedFromDate,fiscalDateEnding,surprise(%),QuarterAvgPrice,QuarterAvgVolume
2025-03-31,BLDR,USD,1316835,2025-05-01,2025-05-01 14:29:11,2025,Q1,3657496000.0,2542255000.0,1115241000.0,0.3049192672,0,0.0,0.0,930800000.0,0.0,930800000.0,3473055000.0,0.0,64892000.0,0.0,329472000.0,0.0900813015,184441000.0,0.0504282165,-64892000.0,119549000.0,0.0326860234,23245000.0,96304000.0,0.0263305825,0.85,0.84,113675000,114339000,https://www.sec.gov/Archives/edgar/data/1316835/000095017025061689/0000950170-25-061689-index.htm,https://www.sec.gov/Archives/edgar/data/1316835/000095017025061689/bldr-20250331.htm,32.17502529140092,0.8471871563668353,1.1640906091928744,0.2846184297338904,1.0149197272927204,38.479524961513086,-8.033041565867604,38.479524961513086,45.51676270068177,14202554500.0,19196409500.0,36.869066965027415,3.8831360307707774,107.32841499909316,438.9736817704148,3.246921580372003,3.246921580372003,5.248511413272906,58.26416053564491,145.0668754912037,593.3241484824133,0.0067807520119003,0.0022780408975019,1.1680473508056404,0.446313577107546,15.157145371989122,1.8209742563792843,2.8422763977069594,1.3740654593786343,0.0,0.0,0.0,0.0,0.4618705293635399,0.7555014811680067,0.0273340011855105,0.6893284883921369,0.0038928272238711,27.08293900107678,0.0152271841883544,0.0156330074238279,-44.168271387728176,1478949000.0,-913156000.0,-3793050000.0,9534599000.0,1671159500.0,945038000.0,1280642000.0,41.43166527044732,36.18125640425528,47.75359277491833,2.172251571654684,2.4874758077614767,1.88467494842128,0.0220165700385902,0.8794721794589839,2025-05-01,1.5,bmo,4369933390.0,2025-05-02,2025-03-31,0.0066666666666666,145.505,1681474.6666666667
2024-12-31,BLDR,USD,1316835,2025-02-20,2025-02-20 13:46:21,2024,Q4,3820300000.0,2586200000.0,1234100000.0,0.3230374578,0,0.0,0.0,930000000.0,0.0,930000000.0,3516160000.0,0.0,53109000.0,136488000.0,440634000.0,0.1153401565,304146000.0,0.0796131194,-53146000.0,251000000.0,0.0657016465,60800000.0,190200000.0,0.049786666,1.66,1.65,114814000,115598000,https://www.sec.gov/Archives/edgar/data/1316835/000095017025023953/0000950170-25-023953-index.htm,https://www.sec.gov/Archives/edgar/data/1316835/000095017025023953/bldr-20241231.htm,33.27381678192555,1.6565924016234954,3.252765342205654,2.384648213632484,1.3380249795321129,37.42113331126866,-4.2300416325535215,37.42113331126866,5.9687059069451465,16410365020.0,16888923020.0,21.569880415352262,4.295569724890715,43.94107319868368,59.93756193592923,3.819499500752944,3.819499500752944,4.420836850509122,38.328687799852034,45.22247992438341,61.68545722832379,0.011590235791111,0.0166840286408205,0.1471398613280204,0.0597351282981164,1.0860668945201686,1.7674457990767891,5.726825961701406,1.963073736885263,0.0,0.0,0.0,0.0,0.4518661192019039,0.2668858762447685,0.0260900976363112,0.7302620010550378,0.0032002722299295,37.34715805561006,0.0258586449019992,0.0327877443479927,-37.302650373647815,1363963000.0,-485668000.0,-3145377000.0,8702133000.0,1745886000.0,944840000.0,1208147000.0,39.07351778656127,30.208359755626013,42.190762508700026,2.303350327749454,2.979307738919468,2.1331683678729765,0.0442688998177573,0.8681171285731705,2025-02-20,2.18,bmo,3890848902.0,2025-05-02,2024-12-31,0.0596330275229357,176.9590625,1285751.671875
2024-09-30,BLDR,USD,1316835,2024-11-05,2024-11-05 16:02:16,2024,Q3,4232494000.0,2846161000.0,1386333000.0,0.3275451779,0,0.0,0.0,958310000.0,0.0,958310000.0,3804471000.0,0.0,54263000.0,141705000.0,569728000.0,0.1346081058,428023000.0,0.1011278457,-54263000.0,373760000.0,0.0883072723,88977000.0,284783000.0,0.0672849152,2.45,2.44,116176000,116940000,https://www.sec.gov/Archives/edgar/data/1316835/000095017024121436/0000950170-24-121436-index.htm,https://www.sec.gov/Archives/edgar/data/1316835/000095017024121436/bldr-20240930.htm,36.43174149566176,2.451306638204104,6.283208235780196,5.426077675251343,2.824189161272552,38.27531503925079,-2.955558807326814,38.27531503925079,37.80125843547721,22521879360.0,26531112360.0,19.77108830232142,5.321184001678443,30.85366467659783,35.72746495764459,5.064883196942973,5.064883196942973,6.268434724302031,46.56803309649517,36.34608067861439,42.08749065642945,0.012644726288064,0.0279896712846969,0.9754115042864632,0.3981348866826257,7.037100160076387,1.7736679526036012,7.887934688461751,2.563207775745041,0.0,0.0,0.0,0.0,0.4396895320850105,0.1364160677737623,0.0235270268546157,0.7027133834374228,0.0040777376175843,45.94618603637356,0.0356718246794911,0.0466543874861793,-35.657196839278335,1515525000.0,-343365000.0,-2973056000.0,8845813000.0,1899535500.0,1024990500.0,1246813500.0,38.98101686617866,32.30538961077746,38.06977539218617,2.308816117059461,2.7859128487332936,2.364080141604211,0.0640440617063588,0.8571305605288527,2024-11-05,2.98,bmo,4440341721.0,2025-04-25,2024-09-30,0.0302013422818791,165.81859375,1716504.046875
2024-06-30,BLDR,USD,1316835,2024-08-06,2024-08-06 16:08:52,2024,Q2,4456340000.0,2993656000.0,1462684000.0,0.3282254047,0,0.0,0.0,973201000.0,0.0,973201000.0,3966857000.0,0.0,52016000.0,143355000.0,632838000.0,0.1420084643,489483000.0,0.1098396891,-52016000.0,437467000.0,0.0981673301,93377000.0,344090000.0,0.0772135878,2.89,2.87,119244000,120072000,https://www.sec.gov/Archives/edgar/data/1316835/000095017024091788/0000950170-24-091788-index.htm,https://www.sec.gov/Archives/edgar/data/1316835/000095017024091788/bldr-20240630.htm,37.37160779578008,2.88559592096877,3.791251551440743,3.05237160779578,0.6337341920767502,36.09944315856563,-3.9293213914326928,36.09944315856563,36.93932608768576,15977503560.000002,20254711560.0,11.608520706791827,3.5853421327816104,35.34189124145071,43.89701426189018,3.711691601763864,3.711691601763864,4.545145020353025,32.00615569861481,44.802982543067216,55.64832821854128,0.0215359050747725,0.0227805926397177,1.0111821145637665,0.4059976754439597,6.758772387246025,1.82543205140602,9.410239157182405,1.3138539335638932,0.0,0.0,0.0,0.0,0.4452109640471712,0.1948907725113032,0.0197711574969593,0.6146070942764466,0.0037533042810916,48.41269599362363,0.0426596181203491,0.0578497265550066,-35.403959528362016,1562164000.0,-468548000.0,-2961840000.0,8748148000.0,1867168000.0,1026669000.0,1323307500.0,39.70286602907319,30.91602709195713,38.77323246224683,2.266838870878888,2.9111114352533902,2.3211889823122758,0.0799346380024169,0.7388799436449632,2024-08-06,3.02,bmo,4483775587.0,2025-04-25,2024-06-30,0.1589403973509933,169.7579365079365,1898950.873015873
2024-03-31,BLDR,USD,1316835,2024-05-07,2024-05-07 13:27:26,2024,Q1,3891352000.0,2591498000.0,1299854000.0,0.3340366022,0,0.0,0.0,926257000.0,0.0,926257000.0,3517755000.0,0.0,48336000.0,140381000.0,513978000.0,0.1320821144,373597000.0,0.0960069919,-48336000.0,325261000.0,0.0835856021,66480000.0,258781000.0,0.0665015655,2.12,2.1,121972000,123371000,https://www.sec.gov/Archives/edgar/data/1316835/000095017024054249/0000950170-24-054249-index.htm,https://www.sec.gov/Archives/edgar/data/1316835/000095017024054249/bldr-20240331.htm,31.903650018036927,2.1216426720886763,2.600490276456892,1.8362820975305807,5.718320598170072,40.638080871019575,1.0778703308956157,40.638080871019575,35.20866264388548,25054268520.0,28602928520.0,24.204122907014035,6.438448261683857,78.9889513756869,111.86189762250252,5.0546186138057765,5.0546186138057765,7.350383239552731,55.6501027670445,90.17686260786223,127.70589806898091,0.0103288188115898,0.0089395944575754,0.8566441678630252,0.380190416873686,6.904303297028277,2.213466300009149,7.729166666666667,1.2256966315146784,0.0,0.0,0.0,0.0,0.4320421387296331,0.2938708080722098,0.0239536284561252,0.663992990504413,0.0043429635766694,44.04473232946567,0.031013116741473,0.0407965689269068,-28.77272447774899,2161789000.0,131470000.0,-2268447000.0,9332917000.0,1830678500.0,953183500.0,1292586000.0,40.90114952335332,35.59658159103345,47.12395301867877,2.2004271529975634,2.5283326650295663,1.9098567551055448,0.0522082398236894,0.764208178926311,2024-05-07,2.3,bmo,3825628680.0,2025-04-25,2024-03-31,0.1521739130434783,184.80786885245905,1251931.8688524591
2023-12-31,BLDR,USD,1316835,2024-02-22,2024-02-22 13:08:58,2023,Q4,4150862000.0,2685976000.0,1464886000.0,0.3529112748,0,318450000.0,656000000.0,974450000.0,0.0,974450000.0,3660426000.0,0.0,46798000.0,142149000.0,632585000.0,0.1523984657,490436000.0,0.1181528078,-46798000.0,443638000.0,0.1068785231,92945000.0,350693000.0,0.0844867885,2.86,2.83,122600000,123800000,https://www.sec.gov/Archives/edgar/data/1316835/000095017024018584/0000950170-24-018584-index.htm,https://www.sec.gov/Archives/edgar/data/1316835/000095017024018584/bldr-20231231.htm,33.85694942903752,2.8604649265905384,4.989388254486133,4.175856443719413,0.5396084828711256,38.59992659053834,-0.998189233278956,38.59992659053834,30.670114192495923,20466844000.0,24114046000.0,14.590285520383924,4.930745469254338,33.45901170346854,39.97742792405657,4.324878691373484,4.324878691373484,5.809406817186406,38.11985108720568,39.421424589544856,47.10142589264786,0.0171346886701242,0.0250141155128753,0.7846751012340378,0.3454388375917689,5.7655524554012505,1.77131182862635,10.479849566220778,1.744257798131129,0.0,0.0,0.0767190043899315,0.0,0.4516160150955149,0.1630524163027894,0.0240285029952814,0.7016510844254972,0.0031253749221246,49.84284365961777,0.0426670132154221,0.0594903709172285,-31.95241027732463,1437291000.0,-122378000.0,-2716604000.0,8598028000.0,1973214500.0,956738500.0,1279888500.0,41.04240516789043,29.53286254233098,41.15593363455221,2.192853942936356,3.047452642661995,2.1868049647266674,0.0741054499127389,0.8135318107667211,2024-02-22,2.54,bmo,3995810000.0,2025-04-25,2023-12-31,0.3976377952755904,132.90079365079364,2001711.2698412696
2023-09-30,BLDR,USD,1316835,2023-11-01,2023-11-01 12:45:29,2023,Q3,4534264000.0,2953162000.0,1581102000.0,0.3487009138,0,0.0,0.0,939474000.0,0.0,939474000.0,3892636000.0,50193000.0,50193000.0,140611000.0,782239000.0,0.1725173038,641628000.0,0.1415065378,-50193000.0,591435000.0,0.130436825,139978000.0,451457000.0,0.0995656627,3.62,3.59,124577000,125792000,https://www.sec.gov/Archives/edgar/data/1316835/000095017023057261/0000950170-23-057261-index.htm,https://www.sec.gov/Archives/edgar/data/1316835/000095017023057261/bldr-20230930.htm,36.39728039686298,3.623919343056905,5.2133700442296735,4.045530073769636,0.7071610329354536,36.76990937331932,-2.32168056703886,36.76990937331932,31.823803751896417,15508590730.0,19334815730.0,8.588077452559158,3.420310491405,23.878987860796407,30.77223447359022,3.3856488123501176,3.3856488123501176,4.264157475171274,24.717274042843684,29.77032782316549,38.36425201396881,0.0291101240505816,0.0324968276469566,0.8545274342156249,0.3645720025143533,4.891375909408762,1.7635262956892102,12.783216783216783,1.4385999109549747,0.0,0.0,0.0,0.0,0.4535739236717381,0.2240086471039284,0.0320859129508118,1.034670118269552,0.0026747450082306,54.755380383661645,0.0549662070413869,0.0769505717213547,-31.001519140772373,1547425000.0,-289228000.0,-2581965000.0,8669953000.0,2054299000.0,1047028999.5,1346881000.0,40.76014321177593,31.453868768459028,40.57890491615428,2.2080393469765403,2.8613332325672203,2.217901152974964,0.0985566569192162,1.1678399704600368,2023-11-01,3.73,bmo,3982540000.0,2025-04-25,2023-09-30,0.1367292225201073,137.96873015873018,1493775.7777777778
2023-06-30,BLDR,USD,1316835,2023-08-02,2023-08-02 12:08:38,2023,Q2,4528890000.0,2933944000.0,1594946000.0,0.3521715034,0,0.0,0.0,1017874000.0,0.0,1017874000.0,3951818000.0,53016000.0,53016000.0,138966000.0,716038000.0,0.1581045245,577072000.0,0.1274201846,-53016000.0,524056000.0,0.115714005,119437000.0,404619000.0,0.0893417592,3.19,3.16,126977000,128066000,https://www.sec.gov/Archives/edgar/data/1316835/000095017023036892/0000950170-23-036892-index.htm,https://www.sec.gov/Archives/edgar/data/1316835/000095017023036892/bldr-20230630.htm,35.66701056096773,3.186553470313521,3.081865219685455,2.0937728880033397,0.7034029784921678,34.19564173039212,-4.490073005347425,34.19564173039212,33.36551501453019,17268872000.0,21363193000.0,10.669835079420393,3.8130473471424566,44.12911996647297,64.95451382489345,3.977115009926164,3.977115009926164,4.717092488446396,29.83527829528601,54.59180580896746,80.35474552491715,0.0234305402228935,0.0153953888823774,0.9635143226947578,0.3897878825824234,5.718021948555803,1.8432936780621887,10.884864946431266,0.9671468715013384,0.0,0.0,0.0,0.0,0.4576674500368579,0.3206150370790594,0.0277032562062668,0.902846739490235,0.0027368737151929,49.5150524444388,0.0496107857181212,0.0695112246938454,-32.12633980957181,1649361000.0,-570136000.0,-2785835000.0,8721792000.0,1902866500.0,1000451499.5,1349206500.0,40.83927187456529,32.57623523489201,41.78760739809621,2.2037611315997045,2.76275018740048,2.153748577720682,0.0931859532111486,0.9880923316821156,2023-08-02,2.51,bmo,4777060000.0,2025-04-25,2023-06-30,0.5498007968127492,111.20516129032258,2533286.5
2023-03-31,BLDR,USD,1316835,2023-05-03,2023-05-03 12:26:48,2023,Q1,3883314000.0,2511914000.0,1371400000.0,0.3531519728,0,0.0,0.0,904217000.0,0.0,904217000.0,3416131000.0,42108000.0,42108000.0,136549000.0,603732000.0,0.1554682418,467183000.0,0.1203052341,-42108000.0,425075000.0,0.1094619184,91289000.0,333786000.0,0.0859539043,2.44,2.41,137074000,138412000,https://www.sec.gov/Archives/edgar/data/1316835/000095017023016998/0000950170-23-016998-index.htm,https://www.sec.gov/Archives/edgar/data/1316835/000095017023016998/bldr-20230331.htm,28.33005529859784,2.43507886251222,4.773925033193749,4.003209944993215,1.0534966514437458,33.97604213782336,-2.4160088711207086,33.97604213782336,27.32629090856034,12169429720.0,15728638720.0,9.114694534821712,3.1337743278035206,18.596856754704064,22.17720309948682,2.613017715243733,2.613017715243733,4.050313397268416,26.05235223576024,24.03590373192376,28.663398647072544,0.0274282367933343,0.0450913487834333,0.7952397475582063,0.353502500163216,5.895345948202182,1.8271916354928217,11.094875083119597,1.9604806672538693,0.0,0.0,0.0,0.0,0.4761328619987027,0.1614426457980901,0.02720485647053,0.7736783132794821,0.0028393274404284,43.14536702749044,0.0414459578138502,0.0608153904008955,-26.95040999751959,1515358000.0,-331172000.0,-2472395000.0,8594047000.0,1808732500.0,871208500.0,1381179500.0,40.57343804801775,33.6414463234012,47.87372099522515,2.218199993145442,2.6752714236722768,1.8799457850576613,0.0716704686388824,0.770715088200534,2023-05-03,1.51,bmo,3575730000.0,2025-04-25,2023-03-31,0.9602649006622516,79.2208064516129,1794768.2741935484
2022-12-31,BLDR,USD,1316835,2023-02-28,2023-02-28 12:24:11,2022,Q4,4357565000.0,2872438000.0,1485127000.0,0.3408157996,0,317322000.0,641800000.0,959122000.0,0.0,959122000.0,3831560000.0,0.0,42233000.0,141668000.0,667673000.0,0.1532215813,526005000.0,0.1207107639,-42233000.0,483772000.0,0.1110188833,99259000.0,384513000.0,0.0882403361,2.57,2.55,149517000,150946500,https://www.sec.gov/Archives/edgar/data/1316835/000095017023004939/0000950170-23-004939-index.htm,https://www.sec.gov/Archives/edgar/data/1316835/000095017023004939/bldr-20221231.htm,29.14427790819773,2.571700876823371,6.49668599557241,5.594373883906178,0.5380324645358053,33.190647217373275,-0.3025207835898259,33.190647217373275,23.620397680531312,9700662960.0,13109635960.0,6.307109876649164,2.226165980312399,9.986630113294176,11.597365736788872,1.954767545660853,1.954767545660853,3.008477431776692,19.63481518647601,13.496096688680362,15.672871383244027,0.0396378063628756,0.0862264778653849,0.7031479279066515,0.3293407555902884,5.105752366802312,1.898028466788476,12.454833897662963,2.5262214801580183,0.0,0.0,0.0728209447248635,0.0,0.4726495871699908,0.1388880595862523,0.0309601807431443,0.9523039783154982,0.0010751417362678,43.82373069928228,0.04719013861857,0.0688183439698376,-23.00037621140071,1654868000.0,-45232000.0,-2134947000.0,8716001000.0,2150378500.0,945736500.0,1592538500.0,38.55649887035535,25.17482013536933,44.685956668168295,2.33423683780577,3.57500071563787,2.014055571604464,0.0774826974593385,0.902312111666232,2023-02-28,2.36,bmo,4253302574.0,2025-04-25,2022-12-31,0.3601694915254237,62.45587301587301,2005560.8412698407
2022-09-30,BLDR,USD,1316835,2022-11-08,2022-11-08 12:57:27,2022,Q3,5761463000.0,3746731000.0,2014732000.0,0.349691042,0,0.0,0.0,1000204000.0,0.0,1000204000.0,4746935000.0,44111000.0,44111000.0,125667000.0,1140195000.0,0.1979002555,1014528000.0,0.176088608,-44111000.0,970417000.0,0.168432393,232410000.0,738007000.0,0.1280936804,4.75,4.72,155309000,156493000,https://www.sec.gov/Archives/edgar/data/1316835/000095017022023056/0000950170-22-023056-index.htm,https://www.sec.gov/Archives/edgar/data/1316835/000095017022023056/bldr-20220930.htm,37.09677481665583,4.751862416215416,9.663290601317374,9.111468105518677,0.5471801376610499,33.64005305552158,0.8621844194476818,33.64005305552158,24.03762821214482,9150806280.0,12754973280.0,3.09983722376617,1.588278234191559,6.097301885132956,6.4665758928918455,1.7514835634401311,1.7514835634401311,2.2138427826404508,11.186659545077816,8.498805487221448,9.013522984001758,0.0806493960661136,0.1546413459863997,0.7061108757928592,0.3197474054183079,3.1610093010406115,1.9270519115832003,22.99943324794269,2.033582382799056,0.0,0.0,0.0,0.0,0.4412230238648992,0.0571050295976268,0.0148752148542826,0.6819849284219405,0.0014746254553747,59.97241311941328,0.0816480302274094,0.1144729331472002,-22.68515346824717,2126404000.0,133905000.0,-1892964000.0,9208755000.0,2670349000.0,1176727500.0,1912115000.0,38.02084296991927,26.13463843547882,42.24997471128832,2.3671226877111797,3.4437055719057272,2.1301787898101123,0.1412560916111712,0.5518224957986981,2022-11-08,3.32,bmo,5303469945.0,2025-04-25,2022-09-30,0.566265060240964,62.5240625,2275692.46875
2022-06-30,BLDR,USD,1316835,2022-08-01,2022-08-01 13:21:00,2022,Q2,6926259000.0,4514112000.0,2412147000.0,0.3482611609,0,0.0,0.0,1046279000.0,0.0,1046279000.0,5560391000.0,0.0,70715000.0,117859000.0,1483727000.0,0.2142176606,1365868000.0,0.1972014041,-70715000.0,1295153000.0,0.1869917079,307944000.0,987209000.0,0.1425313434,5.79,5.75,170378000,171549000,https://www.sec.gov/Archives/edgar/data/1316835/000095017022013626/0000950170-22-013626-index.htm,https://www.sec.gov/Archives/edgar/data/1316835/000095017022013626/bldr-20220630.htm,40.65230839662398,5.7942281280447006,5.559684935848525,5.154333305943256,0.9753900151428,30.146808860298865,1.5601779572480017,30.146808860298865,24.20770874173896,9149298600.0,13036859600.0,2.3169608968313704,1.3209581969140918,9.658820710099151,10.418418214840836,1.7812830621259872,1.7812830621259872,1.882236803446132,8.78656221798215,13.762878992618615,14.845231471728622,0.1078999651404972,0.0959838604458706,0.7892265192832346,0.3354111261203342,2.6201322750074643,2.08687475111841,19.31510994838436,0.9595202641788476,0.0,0.0,0.0,0.0,0.402992925145347,0.0729091008901575,0.0099711835783212,0.5859798572870973,0.0013448818474735,62.69165396650055,0.1067478994344282,0.1368203067646297,-20.957107138245547,2748503000.0,265820000.0,-1672233000.0,9523303000.0,2830498500.0,1414397500.0,2126702500.0,37.77033749387657,25.230098411381903,41.17784627408447,2.3828222348977173,3.567168012289593,2.185641264502997,0.1922003803087521,0.4053516299052694,2022-08-01,3.06,bmo,5529960927.0,2025-04-25,2022-06-30,1.045751633986928,61.32290322580645,2933048.241935484
2022-03-31,BLDR,USD,1316835,2022-05-10,2022-05-10 12:16:15,2022,Q1,5681131000.0,3848758000.0,1832373000.0,0.3225366569,0,0.0,0.0,968568000.0,0.0,968568000.0,4817326000.0,0.0,41314000.0,111946000.0,975751000.0,0.1717529485,863805000.0,0.1520480693,-41314000.0,822491000.0,0.1447759258,182851000.0,639640000.0,0.1125902571,3.61,3.56,177120000,179546000,https://www.sec.gov/Archives/edgar/data/1316835/000156459022019150/0001564590-22-019150-index.htm,https://www.sec.gov/Archives/edgar/data/1316835/000156459022019150/bldr-10q_20220331.htm,32.07503952122855,3.6113369467028,1.0152551942186088,0.7302789069557363,1.5910230352303525,28.997555329719965,1.852755194218609,28.997555329719965,22.00400293586269,11431324800.000002,15005557800.000002,4.467874429366519,2.012156523058525,63.5702238880671,88.37719313165363,2.225704866018555,2.225704866018555,2.641297621899583,15.378470326958416,83.44672954365986,116.01009532497856,0.0559550193167462,0.0113151364573246,0.7507787603968578,0.319971438493393,3.6630585057048366,2.0051429949382555,20.9082877474948,0.2811300106309799,0.0,0.0,0.0,0.0,0.3989555383972613,0.2806942420838385,0.0088846745480785,0.4508870348203598,0.0015562042135624,48.54069134078355,0.0702616442888993,0.0883078398817776,-19.611674288617888,2696866000.0,328160000.0,-1535205000.0,9337627000.0,2462854500.0,1328352000.0,1907150000.0,43.63261294273975,36.55726340809165,51.165867014761645,2.062677294117348,2.461891061027266,1.7589851448043377,0.1245393587714442,0.2849762872628726,2022-05-10,1.98,bmo,4688398147.0,2025-04-25,2022-03-31,0.9696969696969696,72.58822580645162,2558704.290322581
2021-12-31,BLDR,USD,1316835,2022-03-01,2022-03-01 14:52:03,2021,Q4,4634809000.0,3149009000.0,1485800000.0,0.3205741596,0,351210000.0,512800000.0,864010000.0,0.0,864010000.0,4013019000.0,0.0,40284000.0,145852000.0,767642000.0,0.1656253796,621790000.0,0.1341565532,-40284000.0,581506000.0,0.1254649329,139050000.0,442456000.0,0.0954636966,2.33,2.31,189563000,191474000,https://www.sec.gov/Archives/edgar/data/1316835/000156459022007980/0001564590-22-007980-index.htm,https://www.sec.gov/Archives/edgar/data/1316835/000156459022007980/bldr-10k_20211231.htm,24.44996650190174,2.3340841830948023,4.432995890548261,4.075795382010202,0.2247432252074508,25.33448510521568,-0.3751787004847992,25.33448510521568,18.15773647811018,16247444729.999998,19606592730.0,9.180260144511545,3.505526275192785,19.334554354707425,21.02902426807486,3.383135660505476,3.383135660505476,4.230291416539495,25.54132359876088,23.3319601419439,25.37676054205172,0.0272323437532936,0.0475533237896418,0.7083320058944533,0.3174950624597327,4.375930446744706,1.8641652154754684,15.43516036143382,1.8992442186341696,0.0,0.0,0.0757765856155021,0.0,0.4548669946444686,0.0805776764421681,0.0146094477679662,0.4642514329594383,0.0013372719350462,36.475861495597776,0.0544679709026397,0.0757533888673733,-18.08128959765355,1839558000.0,-71120000.0,-1943593000.0,8556433000.0,2236518000.0,1048945500.0,1621398500.0,42.16597059339446,31.248973883529708,46.47873664381397,2.1344225861149515,2.880094569999177,1.9363693271120448,0.0921307132709114,0.3572005085380585,2022-03-01,1.91,bmo,4293041355.0,2025-04-25,2021-12-31,0.4554973821989528,67.7403125,2362532.234375
2021-09-30,BLDR,USD,1316835,2021-11-04,2021-11-04 15:14:19,2021,Q3,5508590000.0,3796138000.0,1712452000.0,0.3108693876,0,0.0,0.0,875012000.0,0.0,875012000.0,4671150000.0,0.0,35954000.0,140000000.0,977387000.0,0.1774296145,837440000.0,0.1520243837,-35954000.0,801486000.0,0.1454974867,188341000.0,613145000.0,0.1113070677,3.0,2.98,204268000,205630000,https://www.sec.gov/Archives/edgar/data/1316835/000156459021054434/0001564590-21-054434-index.htm,https://www.sec.gov/Archives/edgar/data/1316835/000156459021054434/bldr-10q_20210930.htm,26.967464311590657,3.0016693755262693,5.4193167799165805,5.1163520473103965,1.1001968002819824,27.04009438580688,3.683734114007089,27.04009438580688,14.267330174085023,10568826320.0,13222496320.0,4.309268737411216,1.9186082681775192,9.547328953299614,10.112673936735664,1.9134548593572176,1.9134548593572176,2.400341343247546,13.528414353782074,11.944516650060118,12.6518110777174,0.058014483485239,0.0988858145981908,0.5211267427136709,0.266293421091098,2.71506578254059,2.081091688881457,23.291984202035938,1.805434277373215,0.0,0.0,0.0,0.0,0.4413814113748835,0.0559045992160745,0.0112344538257521,0.4422102653147263,0.0011656340370221,42.73431902648464,0.0714286789097331,0.1015444857574064,-12.368687214835411,2198054000.0,752469000.0,-1054488000.0,8749974000.0,2306778000.0,1161483500.0,1845500500.0,37.603455693743776,23.815490901542567,38.32573262615848,2.393397051935672,3.779052901830823,2.3482917046332537,0.1110080953379297,0.302964732606184,2021-11-04,1.6,bmo,5309300864.0,2025-04-25,2021-09-30,1.11875,48.84328125,2247341.640625
2021-06-30,BLDR,USD,1316835,2021-08-05,2021-08-05 15:50:33,2021,Q2,5576682000.0,3993531000.0,1583151000.0,0.2838876235,0,0.0,0.0,902913000.0,0.0,902913000.0,4896444000.0,0.0,27795000.0,127222000.0,807460000.0,0.1447921901,680238000.0,0.1219789832,-27795000.0,652443000.0,0.1169948367,155208000.0,497235000.0,0.0891632336,2.4,2.39,207114000,208318000,https://www.sec.gov/Archives/edgar/data/1316835/000156459021041550/0001564590-21-041550-index.htm,https://www.sec.gov/Archives/edgar/data/1316835/000156459021041550/bldr-10q_20210630.htm,26.92566412700252,2.4007792809756947,-0.0157787498672228,-0.3007908687968945,0.4358276118466159,26.47071178191721,7.360419865388144,26.47071178191721,12.1763135278156,8835483240.0,11239307240.0,4.442307580922501,1.5843620346291936,-2703.636242350061,-141.82611383993066,1.6115924781872353,1.6115924781872353,2.015411178188033,13.919336239566046,-3439.200501835985,-180.41200744807216,0.0562770576881316,-0.0070508876886285,0.454922110623799,0.2347137151242968,2.97701929507344,2.1818130567644496,24.473394495412844,-0.0065723450682272,0.0,0.0,0.0,0.0,0.3724801418093986,-18.063035495716036,0.0105851472255366,0.4639920768420556,0.0015179276853153,37.81378808015518,0.0605138501648631,0.0745693853632639,-11.018885734426451,2662327000.0,1524446000.0,-228564000.0,8350956000.0,2079231500.0,1221125000.0,1830030000.0,37.31215443161364,29.71308849236428,46.75068754943933,2.412082640924784,3.028968194374286,1.925105377430526,0.090695682864702,0.2850121189296716,2021-08-05,1.75,bmo,4460047822.0,2025-04-25,2021-06-30,0.5771428571428571,46.37380952380953,3064950.634920635
2021-03-31,BLDR,USD,1316835,2021-05-06,2021-05-06 15:27:22,2021,Q1,4173775000.0,3104221000.0,1069554000.0,0.2562557876,0,0.0,0.0,821598000.0,0.0,821598000.0,3925819000.0,0.0,31844000.0,134331000.0,382287000.0,0.091592623,247956000.0,0.0594080898,-31844000.0,216112000.0,0.0517785458,43532000.0,172580000.0,0.0413486592,0.84,0.83,206571000,208624000,https://www.sec.gov/Archives/edgar/data/1316835/000156459021024887/0001564590-21-024887-index.htm,https://www.sec.gov/Archives/edgar/data/1316835/000156459021024887/bldr-10q_20210331.htm,20.20503846135227,0.8354512492072943,-0.9706493166998272,-1.160719558892584,0.0925492929791693,24.12703138388254,4.57850327490306,24.12703138388254,10.432016110683492,9578697270.0,11682687270.0,13.875734833120871,2.294972122359255,-47.772145101442334,-39.94935696977533,1.921910709287522,1.921910709287522,2.799069731837485,30.559990975366677,-58.26544212699743,-48.7243547801861,0.0180170638172804,-0.0250316920183865,0.425989452130792,0.2263560575578287,5.503692252156102,1.9184989291728145,7.786584599924632,-1.1618263993510256,0.0,0.0,0.0,0.0,0.4305300300463585,-0.195817623236978,0.0094070715359596,0.2922854739412347,0.0024922282585908,21.296280578070103,0.025645275214606,0.0323102019022542,-10.64415261580764,1709490000.0,945786000.0,-824893000.0,7487845000.0,1401469500.0,862080500.0,1185069500.0,39.81614964869932,32.58220339337953,45.97130165667972,2.260389334329821,2.762244127979612,1.9577431300974009,0.034627187900348,0.1900702421927569,2021-05-06,0.81,bmo,3672730000.0,2025-04-25,2021-03-31,0.3580246913580247,42.57360655737705,2257790.0
2020-12-31,BLDR,USD,1316835,2021-02-26,2021-02-26 13:14:08,2020,Q4,2530760000.0,1861572000.0,669188000.0,0.2644217547,0,455294000.0,347700000.0,455294000.0,0.0,455294000.0,2316866000.0,0.0,28902000.0,29268000.0,243162000.0,0.0960825997,213894000.0,0.0845176943,-28902000.0,184992000.0,0.0730974095,45078000.0,139914000.0,0.0552853688,0.68,0.67,206571000,208624000,https://www.sec.gov/Archives/edgar/data/1316835/000156459021009308/0001564590-21-009308-index.htm,https://www.sec.gov/Archives/edgar/data/1316835/000156459021009308/bldr-10k_20201231.htm,12.251284062138442,0.6773167579185849,0.5079173746556874,0.3695920530955458,2.051623896868389,5.580565519845477,1.1985999970954295,5.580565519845477,9.362427446253346,8430162510.0,9911460510.0,15.063114681161284,3.331079403025178,80.3477140896484,110.41904082675154,7.312878928644854,7.312878928644854,3.916396857070603,40.76072951365756,94.46593637117452,129.8212177295768,0.0165968330781324,0.0090564090442427,1.6526128508140734,0.456457636454814,6.091815332987885,2.068824295043136,7.400664313888313,0.7498963649098732,0.0,0.0,0.179904060440342,0.0,0.216880295547972,0.2723382354342791,0.0112906794796819,0.9762880962142956,0.0019456605920751,9.22202457534215,0.0507479797922586,0.0428070016558135,-7.200807470554918,1148829000.0,247596000.0,-797206000.0,3077708000.0,940961000.0,625844500.0,767838000.0,34.01383774044161,29.02500145038709,37.9289278093998,2.645981929083887,3.100775038851883,2.372859060300028,0.1213706308993106,0.1383253215601415,2021-02-26,0.92,bmo,2277684000.0,2025-04-25,2020-12-31,0.3695652173913043,35.423125,2013903.484375
2020-09-30,BLDR,USD,1316835,2020-10-30,2020-10-30 15:25:30,2020,Q3,2295450000.0,1724799000.0,570651000.0,0.2486009279,0,430893000.0,0.0,430893000.0,0.0,430893000.0,2155692000.0,0.0,28043000.0,29423000.0,169181000.0,0.0737027598,139758000.0,0.0608847938,-28043000.0,111715000.0,0.0486680172,25783000.0,85932000.0,0.0374357969,0.74,0.73,116731000,118026000,https://www.sec.gov/Archives/edgar/data/1316835/000156459020049281/0001564590-20-049281-index.htm,https://www.sec.gov/Archives/edgar/data/1316835/000156459020049281/bldr-10q_20200930.htm,19.664442179026995,0.7361540636163487,-0.1262732264779707,-0.3721290831056018,2.920620914752722,8.634081777762548,0.9375144563140896,8.634081777762548,16.41210132698255,3807765219.999999,5354596220.0,11.077844167481263,1.6588316974885096,-258.32871234735416,-87.65775501277652,3.7780508500642447,3.7780508500642447,2.332700002178222,31.650103853269577,-363.2697571234736,-123.26702318193328,0.0225675678607096,-0.0114080037739301,1.873026645433664,0.4701840677829324,9.143053889030092,1.9004489934748,4.983703598045858,-0.1715309779825909,0.0,0.0,0.1877161340913546,0.0,0.2237715489220993,-1.9470149253731344,0.0125025594110087,0.9753933997213065,0.0023428957285063,11.958692390543993,0.0348639602388498,0.0275731861257446,-13.676456982292622,976871000.0,109437000.0,-945327000.0,2904215000.0,845158000.0,602863000.0,683145500.0,36.285747892570086,33.98649929643976,39.19494967239661,2.4803126634308263,2.6481103339003766,2.2962141998458363,0.0852614189400366,0.245855856627631,2020-10-29,0.64,amc,1791570731.0,2025-04-25,2020-09-30,0.2812499999999999,27.144453125,2521829.140625
2020-06-30,BLDR,USD,1316835,2020-07-31,2020-07-31 15:16:14,2020,Q2,1945643000.0,1428311000.0,517332000.0,0.265892561,0,388077000.0,0.0,388077000.0,0.0,388077000.0,1816388000.0,0.0,26812000.0,28475000.0,157730000.0,0.0810683152,129255000.0,0.0664330507,-26812000.0,102443000.0,0.0526525164,23519000.0,78924000.0,0.0405644818,0.68,0.67,116634000,117547000,https://www.sec.gov/Archives/edgar/data/1316835/000156459020035155/0001564590-20-035155-index.htm,https://www.sec.gov/Archives/edgar/data/1316835/000156459020035155/bldr-10q_20200630.htm,16.68161085103829,0.6766808992232111,1.8908723013872453,1.6652862801584445,3.304876794073769,7.853061714422895,0.1040176963835588,7.853061714422895,16.471963578373373,2414323800.0,3923241800.0,7.647622396229283,1.2408873570331247,10.947328375804842,12.430295167045086,2.6359145964665576,2.6359145964665576,2.016424287497758,24.873149052177773,17.789252743266527,20.19905266463813,0.0326898985131986,0.0804486125680407,2.068248367240434,0.5031981486862888,9.566461675014263,1.930742059315876,4.820789198866179,2.7943337894683493,0.0,0.0,0.1994595103007078,0.0,0.2400741842994274,0.1193026208397569,0.0135230358292862,0.9240035118525022,0.0017814162207558,10.934595530144165,0.0334238904949975,0.0275873543627895,-13.564449474424269,868481000.0,12132000.0,-1047157000.0,2802179000.0,760843500.0,552971000.0,627595000.0,35.37972793570044,34.93319032059544,38.76101213251176,2.543829623663787,2.5763464251056107,2.321920792272353,0.0861677806479506,0.2255860212288012,2020-07-30,0.32,amc,1523643670.0,2025-04-25,2020-06-30,1.09375,18.06515873015873,1274339.4285714286
2020-03-31,BLDR,USD,1316835,2020-05-01,2020-05-01 13:58:01,2020,Q1,1787021000.0,1321608000.0,465413000.0,0.2604406999,0,404466000.0,0.0,404466000.0,0.0,404466000.0,1726074000.0,0.0,51931000.0,29400000.0,90347000.0,0.0505573242,60947000.0,0.0341053631,-51931000.0,9016000.0,0.0050452681,249000.0,8767000.0,0.00490593,0.08,0.07,116258000,117494000,https://www.sec.gov/Archives/edgar/data/1316835/000156459020020447/0001564590-20-020447-index.htm,https://www.sec.gov/Archives/edgar/data/1316835/000156459020020447/bldr-10q_20200331.htm,15.371165855252972,0.0754098642674052,-0.4357033494469198,-0.6808305664986496,1.4095546112955668,7.169725954342927,-0.6529443135096079,7.169725954342927,16.4431092914036,1421835340.0,3117675340.0,40.5450935325653,0.795645568798576,-28.069556994511785,-17.96335329492622,1.7057834675803625,1.7057834675803625,1.7446215461373984,34.50779040809324,-61.54845303431121,-39.38845941985041,0.0061659741837616,-0.0556688934177146,2.2311064402582725,0.5221918155939391,18.77029674477293,1.868284880438364,1.1736149891201788,-5.77780312535645,0.0,0.0,0.2263353368539037,0.0,0.2553655094489237,-0.5626011766099419,0.015947210469267,0.9693197278911564,0.0018209075327038,3.487840502898403,0.0208080463057827,0.0033059191299855,-14.418747527051902,745868000.0,-75910000.0,-1122939000.0,2672018000.0,724616000.0,494185500.0,600651500.0,38.116793255367455,37.55979080029782,43.586540033050646,2.361163999212514,2.396179480299085,2.064857635677324,0.0105178168241879,0.2451272170517297,2020-04-30,0.28,amc,1471664352.0,2025-04-25,2020-03-31,0.2142857142857142,22.59064516129032,1633026.4516129033
2019-12-31,BLDR,USD,1316835,2020-02-21,2020-02-21 14:54:11,2019,Q4,1763573000.0,1287017000.0,476556000.0,0.2702218734,0,401418000.0,332500000.0,401418000.0,0.0,401418000.0,1688435000.0,0.0,27480000.0,28267000.0,103405000.0,0.0586338076,75138000.0,0.0426055513,-27480000.0,47658000.0,0.0270235482,6291000.0,41367000.0,0.0234563582,0.36,0.35,115932000,117483000,https://www.sec.gov/Archives/edgar/data/1316835/000156459020005717/0001564590-20-005717-index.htm,https://www.sec.gov/Archives/edgar/data/1316835/000156459020005717/bldr-10k_20191231.htm,15.212132974502294,0.3568212400372632,1.2402270296380635,0.9389038401821758,0.1215885174067556,7.11583514474002,-0.6249956871269364,7.11583514474002,13.950885001552637,2945832120.0,4521610120.0,17.8030321270578,1.6703771944796162,20.488184334617685,27.06347435438084,3.570909033605551,3.570909033605551,2.563891667654245,43.7271903679706,31.447678568944653,41.54020817830205,0.0140425517527455,0.0369501708060675,1.927229793697338,0.4892687775620174,15.238895604661284,1.591215644447042,2.734279475982533,3.4757657069644887,0.0,0.0,0.227616322091572,0.0,0.2761694912124672,0.2429580893296796,0.0198080827955519,1.235822690770156,0.0016211407183031,7.558394353667625,0.0260490929958936,0.0175874119927893,-13.891925870337785,485566000.0,-72457000.0,-1117670000.0,2397547000.0,731526500.0,468091500.0,571399000.0,35.334726716727914,30.546659445834827,39.24808297015502,2.547069366674706,2.946312350769076,2.293105629348513,0.0501446749087523,0.3013231894558879,2020-02-20,0.36,amc,1587215699.0,2025-04-25,2019-12-31,0.1111111111111112,23.895078125,1220543.625
2019-09-30,BLDR,USD,1316835,2019-11-01,2019-11-01 15:59:40,2019,Q3,1981035000.0,1439893000.0,541142000.0,0.2731612516,0,411510000.0,0.0,411510000.0,0.0,411510000.0,1851403000.0,0.0,27788000.0,24381000.0,154013000.0,0.0777437047,129632000.0,0.0654365016,-27788000.0,101844000.0,0.0514094905,23714000.0,78130000.0,0.0394389801,0.68,0.67,115732000,117154000,https://www.sec.gov/Archives/edgar/data/1316835/000156459019039409/0001564590-19-039409-index.htm,https://www.sec.gov/Archives/edgar/data/1316835/000156459019039409/bldr-10q_20190930.htm,17.117435108699407,0.6750941831127086,1.5680969826841322,1.2868869457021397,0.3738896761483427,6.731076970932845,-0.6659091694604776,6.731076970932845,14.562782981370754,2381185900.0,3995506900.0,7.619307244336363,1.2019908280267635,13.120999674893516,15.988195442276444,3.0567173854719054,3.0567173854719054,2.016878500379852,25.942660035191835,22.016359468588657,26.827365813044704,0.0328113819252835,0.0625461455991319,2.127843224848235,0.5026419456364155,10.481719075662443,1.6556703656750549,4.665035267021736,2.322782541917318,0.0,0.0,0.2077247499413185,0.0,0.2595908312281158,0.1793320439279475,0.0164282811762538,1.3348509084943194,0.0016869969485647,10.11150312545643,0.0387114964854784,0.0319983159212201,-13.883113572737011,566332000.0,-77067000.0,-1088681000.0,2405525000.0,770161000.0,508128500.0,599535000.0,35.011698430365946,31.21231924872195,36.34913844292596,2.57056938208808,2.883476850368472,2.475987158301278,0.1002951215723728,0.2812100369819929,2019-10-31,0.59,amc,1623348125.0,2025-04-25,2019-09-30,0.2203389830508474,18.641328125,1033414.078125
2019-06-30,BLDR,USD,1316835,2019-08-02,2019-08-02 13:54:16,2019,Q2,1904523000.0,1387367000.0,517156000.0,0.271540958,0,401511000.0,0.0,401511000.0,0.0,401511000.0,1788878000.0,0.0,29382000.0,23814000.0,139459000.0,0.0732251593,115645000.0,0.060721241,-29382000.0,86263000.0,0.045293756,19659000.0,66604000.0,0.0349714863,0.58,0.57,115757000,116919000,https://www.sec.gov/Archives/edgar/data/1316835/000156459019028274/0001564590-19-028274-index.htm,https://www.sec.gov/Archives/edgar/data/1316835/000156459019028274/bldr-10q_20190630.htm,16.452767435230697,0.575377730936358,1.4920048031652513,1.2858142488143265,0.0911564743384849,6.082837323012863,-1.1377022555871352,6.082837323012863,15.040740516772203,1963238720.0,3664375720.0,7.369072127800133,1.0308296198050642,11.36725563082624,13.19008559411994,2.788172541757145,2.788172541757145,1.924038575538337,26.275648900393666,21.216928492849284,24.619231937222025,0.0339255737580399,0.0758145193876371,2.430924075207596,0.5266782380519703,12.198115575186971,1.6905516146183943,3.935913144101831,2.593087502252117,0.0,0.0,0.2108197170630126,0.0,0.2571801409920273,0.138196977592496,0.012532271860198,1.002267573696145,0.001774197528725,8.874029838400814,0.0352151668723437,0.0275890864791356,-14.247760394619764,585739000.0,-131697000.0,-1111882000.0,2370848000.0,734718500.0,494117500.0,626513000.0,36.37109134413184,33.53166826081347,40.059645356996384,2.4744926993927203,2.6840298937699387,2.246649944051029,0.0945903532155238,0.2061905543509248,2019-08-01,0.48,amc,1451065142.0,2025-04-25,2019-06-30,0.3125,14.958253968253969,1031886.5238095238
2019-03-31,BLDR,USD,1316835,2019-05-03,2019-05-03 12:27:08,2019,Q1,1631300000.0,1189325000.0,441975000.0,0.2709342242,0,370084000.0,0.0,370084000.0,0.0,370084000.0,1559409000.0,0.0,24901000.0,23576000.0,95467000.0,0.0585220376,71891000.0,0.0440697603,-24901000.0,46990000.0,0.0288052473,11282000.0,35708000.0,0.0218892907,0.31,0.31,115425000,116531000,https://www.sec.gov/Archives/edgar/data/1316835/000156459019015572/0001564590-19-015572-index.htm,https://www.sec.gov/Archives/edgar/data/1316835/000156459019015572/bldr-10q_20190331.htm,14.132986787957549,0.3093610569633961,0.0526315789473684,-0.1338444877626164,0.101572449642625,5.479497509205111,-1.795330301061295,5.479497509205111,16.271717565518735,1583631000.0,3425169000.0,11.087368376834323,0.9707785201986144,260.68,-102.5070231082918,2.503879229245294,2.503879229245294,2.0996561024949427,35.878041626949624,563.8138271604938,-221.70813644896108,0.0225481819944166,-0.0097554291372169,2.930192846786651,0.579241216890949,19.28978599935056,1.87794191982502,2.887072808320951,0.1701299428699451,0.0,0.0,0.2268644639244774,0.0,0.2624491907240742,3.543045267489712,0.0131943848464414,0.9129623345775364,0.0016299883528474,6.175817409396895,0.02101832398223,0.015131996026728,-14.83811349361057,647843000.0,-207226000.0,-1181240000.0,2426235000.0,711291000.0,447253000.0,616197500.0,38.60709250291179,35.66764341117861,48.090227650137685,2.331177878603837,2.5232953846284407,1.8714820951724551,0.0564579245530625,0.1864760667099848,2019-05-02,0.23,amc,1103526470.0,2025-04-25,2019-03-31,0.4782608695652174,13.142131147540985,941636.049180328
2018-12-31,BLDR,USD,1316835,2019-03-01,2019-03-01 14:40:19,2018,Q4,1815980000.0,1323201000.0,492779000.0,0.2713570634,0,402302000.0,322900000.0,402302000.0,0.0,402302000.0,1725503000.0,0.0,23408000.0,25215000.0,115692000.0,0.0637077501,90477000.0,0.0498226853,-23408000.0,67069000.0,0.0369326755,15048000.0,52021000.0,0.0286462406,0.45,0.45,114898000,116375000,https://www.sec.gov/Archives/edgar/data/1316835/000156459019005770/0001564590-19-005770-index.htm,https://www.sec.gov/Archives/edgar/data/1316835/000156459019005770/bldr-10k_20181231.htm,15.80514891468955,0.452758098487354,2.378614075092691,2.1808908771257984,0.0881390450660585,5.190151264599906,-2.151708471861999,5.190151264599906,13.792250517850617,1253537180.0,2804704180.0,6.024188212452664,0.6902813797508783,4.586704549612511,5.002542820656078,2.1020581951846102,2.1020581951846102,1.5444576371986476,24.242853265567195,10.26243946168651,11.192849309601725,0.0414993674140562,0.1998983388749586,2.61813602353028,0.5324452504834927,13.407729142896656,1.8786107247910795,3.865217019822283,5.253609119394091,0.0,0.0,0.2215343781319177,0.0,0.2876794362394959,0.0831253796222438,0.0125100496701505,0.90097164386278,0.0024730448573222,7.271338796397453,0.0309428313080271,0.0249053976935421,-12.927037459311736,642492000.0,-247227000.0,-962220000.0,2156132000.0,793756500.0,455471500.0,638183500.0,35.82232733840681,28.782565914022133,40.59900196568775,2.512399575543679,3.126892865245009,2.216803262209832,0.0872340853676941,0.1977231979668923,2019-02-28,0.42,amc,1658068695.0,2025-04-25,2018-12-31,0.0952380952380953,12.56436507936508,1538558.7777777778
2018-09-30,BLDR,USD,1316835,2018-11-02,2018-11-02 13:41:48,2018,Q3,2118467000.0,1595686000.0,522781000.0,0.2467732563,0,400993000.0,0.0,400993000.0,0.0,400993000.0,1996679000.0,0.0,29106000.0,25104000.0,146892000.0,0.0693388191,121788000.0,0.0574887407,-29106000.0,92682000.0,0.0437495604,19354000.0,73328000.0,0.0346137089,0.64,0.63,114707000,116456000,https://www.sec.gov/Archives/edgar/data/1316835/000156459018026435/0001564590-18-026435-index.htm,https://www.sec.gov/Archives/edgar/data/1316835/000156459018026435/bldr-10q_20180930.htm,18.46850671711404,0.6392635148683167,1.556147401640702,1.305552407438081,0.300295535581961,4.692956837856452,-2.7318472281552126,4.692956837856452,16.308403148892396,1617368700.0,3424504700.0,5.514157961488108,0.7634618334861955,9.06083831463129,10.800026042362244,3.004502382434077,3.004502382434077,1.6165013191142463,23.31307831604172,19.18479280228122,22.867228692005664,0.0453378379339231,0.0925923693218497,3.4210118610850526,0.5766503788062631,12.302480734144812,2.091284618833267,4.184291898577613,2.434281584115209,0.0,0.0,0.1892845156426793,0.0,0.266683679939629,0.1610355124060929,0.0135687740238578,1.1450366475462077,0.0016526101185432,8.215887771513305,0.0395478324833963,0.0313112214484941,-14.232426966096227,842212000.0,-313362000.0,-1041296000.0,2359621000.0,878223500.0,525162000.0,731114000.0,36.73578110964202,27.51152169035763,38.32357368554966,2.449927489805784,3.271356670596074,2.3484239945487,0.1362176420868822,0.2505949942026206,2018-11-01,0.6,amc,1897134626.0,2025-04-25,2018-09-30,0.1166666666666667,16.938095238095237,1180946.634920635
2018-06-30,BLDR,USD,1316835,2018-08-08,2018-08-08 14:03:51,2018,Q2,2089888000.0,1593560000.0,496328000.0,0.2374902387,0,391769000.0,0.0,391769000.0,0.0,391769000.0,1985329000.0,0.0,28957000.0,24768000.0,129327000.0,0.0618822635,104559000.0,0.0500309107,-28957000.0,75602000.0,0.0361751443,18980000.0,56622000.0,0.0270933179,0.49,0.49,114636000,116693000,https://www.sec.gov/Archives/edgar/data/1316835/000156459018020339/0001564590-18-020339-index.htm,https://www.sec.gov/Archives/edgar/data/1316835/000156459018020339/bldr-10q_20180630.htm,18.230643078962977,0.4939286088139851,0.0816148504832687,-0.1786437070379287,0.1151121811647301,4.025532991381416,-3.4750340207264734,4.025532991381416,17.421848285006455,2096692440.0,4051710440.0,9.257410723746952,1.003255887396837,224.1013723813596,-102.38255969529762,4.543497727917897,4.543497727917897,1.9387213286070832,31.32919220271096,433.0601154339461,-197.8470843302896,0.027005391405904,-0.0097672885203897,4.265087080228227,0.5923267121135699,15.116858815251264,2.039506347800413,3.610836757951445,0.1652361273003426,0.0,0.0,0.1874593279639866,0.0,0.2587641580184733,3.1888627618640446,0.014275884640708,1.204578488372093,0.0016929136872406,6.688597235502824,0.0314485960821484,0.0229888790860964,-15.597201141002826,880202000.0,-398364000.0,-1134429000.0,2395609000.0,831475500.0,525363500.0,730773500.0,38.402388070556896,31.77126057380958,44.20801852456135,2.343604252804345,2.832748791660815,2.035829765814934,0.1226989344942585,0.2602585575211975,2018-08-07,0.54,amc,2089900000.0,2025-04-25,2018-06-30,0.0,19.11515625,1059998.125
2018-03-31,BLDR,USD,1316835,2018-05-10,2018-05-10 15:13:29,2018,Q1,1700436000.0,1289384000.0,411052000.0,0.2417332966,0,358908000.0,0.0,358908000.0,0.0,358908000.0,1648292000.0,0.0,26742000.0,22819000.0,74963000.0,0.044084576,52144000.0,0.0306650765,-26742000.0,25402000.0,0.0149385216,2182000.0,23220000.0,0.0136553213,0.2,0.2,114090000,116696000,https://www.sec.gov/Archives/edgar/data/1316835/000156459018012890/0001564590-18-012890-index.htm,https://www.sec.gov/Archives/edgar/data/1316835/000156459018012890/bldr-10q_20180331.htm,14.904338679989484,0.2035235340520641,-1.5630204224734858,-1.7393110702077308,0.0882548864931194,3.514532386712245,-4.08272416513279,3.514532386712245,17.245727057586116,2263545600.0,4194299600.0,24.37064599483204,1.3311560093999422,-12.693372213654843,-11.406815226922262,5.64513221588486,5.64513221588486,2.4666024478427886,55.95159745474434,-23.520536099817747,-21.136574648000888,0.0102582426437532,-0.0876668886193412,4.840283510361047,0.6241212545691868,25.756093005882903,2.0894270292511306,1.949891556353302,-7.679801894918174,0.0,0.0,0.2110682201505966,0.0,0.2787323748452016,-0.1127884480583204,0.0118281428998209,0.8814146106314913,0.0016995641117925,4.011736054053471,0.019837964564821,0.0103525853374933,-15.609119992987992,783724000.0,-465798000.0,-1205601000.0,2294216000.0,737217000.0,501230000.0,640168500.0,40.81829601349301,34.07520180179063,47.38006676056163,2.2048936087447,2.64121693316782,1.8995329925308269,0.0579091360266152,0.1762906477342448,2018-05-09,0.17,amc,1204450000.0,2025-04-25,2018-03-31,0.4117647058823528,21.178360655737706,1259820.0819672132
2017-12-31,BLDR,USD,1316835,2018-03-01,2018-03-01 13:27:25,2017,Q4,1778939000.0,1347719000.0,431220000.0,0.2424029154,0,366419000.0,296200000.0,366419000.0,0.0,366419000.0,1714138000.0,0.0,89471000.0,22197000.0,86998000.0,0.0489044312,64801000.0,0.036426769,-89471000.0,-24670000.0,-0.0138678167,18031000.0,-42701000.0,-0.0240036336,-0.38,-0.38,113239000,113239000,https://www.sec.gov/Archives/edgar/data/1316835/000156459018004035/0001564590-18-004035-index.htm,https://www.sec.gov/Archives/edgar/data/1316835/000156459018004035/bldr-10k_20171231.htm,15.709596517100998,-0.377087399217584,1.6436563374809032,1.5169597046953789,0.5080670087160783,3.3222564664117487,-4.386907337578043,3.3222564664117487,16.548106217822482,2467477810.0,4194364810.0,-14.446253073698507,1.387050264230533,13.257029163040093,14.364257621711618,6.558795270713885,6.558795270713885,2.35779012658669,48.21219809650797,22.53508273964949,24.417215200926773,-0.0173055254344921,0.0696172420695446,4.743161381040857,0.5935949415260315,19.849732177751218,1.7484323996623052,0.7242681986341943,-4.358820636519051,0.0,0.0,0.2059761464558368,0.0,0.2903998637448089,0.0770821916336245,0.0080649195953318,0.6463486056674326,0.0020191810961477,,0.0505184135111576,-0.0200178515675907,-15.40273668965639,597514000.0,-496769000.0,-1234047000.0,2109795000.0,744679500.0,510046000.0,614392500.0,35.57747623724029,34.343494452478595,40.17100745778608,2.529690397369828,2.620583648659685,2.240421779179349,-0.1135033983769659,0.1266966327855244,2018-02-28,0.17,amc,1553955536.0,2025-04-25,2017-12-31,1.352941176470588,18.96373015873016,1223615.492063492
2017-09-30,BLDR,USD,1316835,2017-11-09,2017-11-09 14:24:53,2017,Q3,1878909000.0,1419587000.0,459322000.0,0.2444620788,0,370638000.0,0.0,370638000.0,0.0,370638000.0,1790225000.0,0.0,33836000.0,23031000.0,111715000.0,0.0594573766,88684000.0,0.0471997313,-33836000.0,54848000.0,0.0291914084,15098000.0,39750000.0,0.0211558942,0.35,0.34,112688000,115871000,https://www.sec.gov/Archives/edgar/data/1316835/000156459017023142/0001564590-17-023142-index.htm,https://www.sec.gov/Archives/edgar/data/1316835/000156459017023142/bldr-10q_20170930.htm,16.67354997870226,0.35274385915093,0.6100738321737896,0.4016044299304274,0.0828570921482322,3.656156822376828,-4.14787732500355,3.656156822376828,16.728249680533864,2027257120.0,3869157120.0,12.750044779874214,1.07895439321436,29.488234130447427,44.79532260915679,4.920467275882574,4.920467275882574,2.059257324330236,34.63417732623193,56.28028626287311,85.49489835601909,0.0196077742718693,0.0223237593068608,4.493239159718936,0.5985160254700465,16.487490489191245,1.8615511914140432,2.620995389525949,1.729509433962264,0.0,0.0,0.1972623474580195,0.0,0.2843220839011395,0.3417117588875312,0.0125030004114089,1.020016499500673,0.0018824754152542,5.386831583750283,0.0276642998170122,0.0179569791437028,-15.69362088243646,673671000.0,-467416000.0,-1225441000.0,2194235000.0,779646500.0,504671500.0,639139500.0,37.65597482368757,32.06770701619556,39.766086897104586,2.390058959339045,2.8065617524366857,2.2632350080830563,0.0964794116576255,0.2084694022433622,2017-11-08,0.38,amc,1830723076.0,2025-04-25,2017-09-30,0.0263157894736842,16.12666666666667,1085271.365079365
2017-06-30,BLDR,USD,1316835,2017-08-04,2017-08-04 14:24:08,2017,Q2,1843297000.0,1382500000.0,460797000.0,0.2499852167,0,369456000.0,0.0,369456000.0,0.0,369456000.0,1751956000.0,0.0,33710000.0,24173000.0,115514000.0,0.062667058,91341000.0,0.0495530563,-33710000.0,57631000.0,0.0312651732,19721000.0,37910000.0,0.020566409,0.34,0.33,112443000,115465000,https://www.sec.gov/Archives/edgar/data/1316835/000156459017015617/0001564590-17-015617-index.htm,https://www.sec.gov/Archives/edgar/data/1316835/000156459017015617/bldr-10q_20170630.htm,16.393168094056545,0.3371485997349768,0.5344574584456124,0.4029241482351058,0.0616401198829629,3.264809725816636,-4.61483596133152,3.264809725816636,17.203836610549345,1722626760.0,3616436760.0,11.359975995779475,0.9345356499793576,28.66458266773163,38.02204476228314,4.692463355170863,4.692463355170863,1.9619392642639792,31.30734594940873,60.17766174121406,79.8224685472123,0.0220070887555467,0.0263005318691322,5.177649446343689,0.6071277761274599,16.39463614799938,1.8047692337903984,2.7096113912785524,1.5852281719862833,0.0,0.0,0.2004321604169051,0.0,0.2830064106863938,0.2461062300319488,0.0080236662892632,0.6118396558143383,0.0018852089489648,4.976578706084611,0.0257997410664123,0.0168886786157074,-16.464208532323045,655697000.0,-518906000.0,-1293144000.0,2185003000.0,719662500.0,485376500.0,634527500.0,37.74986884913283,32.77972513562387,42.38241591320072,2.384114243143057,2.7455995932739263,2.1235221744867068,0.103267457539396,0.1315333102105066,2017-08-03,0.34,amc,1693843243.0,2025-04-25,2017-06-30,0.0882352941176469,14.938571428571429,1151195.619047619
2017-03-31,BLDR,USD,1316835,2017-05-09,2017-05-09 15:50:04,2017,Q1,1533064000.0,1157012000.0,376052000.0,0.2452943908,0,335775000.0,0.0,335775000.0,0.0,335775000.0,1492787000.0,0.0,36157000.0,23592000.0,63869000.0,0.0416610135,40277000.0,0.0262722235,-36157000.0,4120000.0,0.0026874286,298000.0,3822000.0,0.0024930466,0.03,0.03,111964000,114580000,https://www.sec.gov/Archives/edgar/data/1316835/000156459017009810/0001564590-17-009810-index.htm,https://www.sec.gov/Archives/edgar/data/1316835/000156459017009810/bldr-10q_20170331.htm,13.692472580472296,0.0341359722768032,-1.2186238433782288,-1.3059554856918296,0.0403254617555642,2.897922546532814,-5.076855060555179,2.897922546532814,17.67480618770319,1668263600.0,3606533600.0,109.12242281527996,1.0881891427885593,-12.226906670966418,-11.409270961564763,5.141614298086377,5.141614298086377,2.352500352235784,56.46766976154315,-26.43272306181381,-24.665118314868007,0.0022910048507921,-0.0876480191739483,5.987693512049139,0.6441829774958636,30.34758646604769,1.883621135426362,1.1139475067068618,-35.69911041339613,0.0,0.0,0.2190221673720079,0.0,0.2960611958658969,-0.0716641503349408,0.0063780768448023,0.4144625296710749,0.001894245771866,1.4919036776706676,0.0160623724262323,0.0018002809229572,-16.775747115144153,623719000.0,-568425000.0,-1361841000.0,2161270000.0,645578000.0,438489500.0,579892500.0,39.1079759227273,36.34344328321573,48.07319198072276,2.301320839969557,2.476375155173152,1.8721452912069951,0.0117794632978182,0.0873316423136008,2017-05-08,0.05,amc,1138300016.0,2025-04-25,2017-03-31,1.2,12.929193548387095,1449498.2741935484
2016-12-31,BLDR,USD,1316835,2017-03-01,2017-03-01 16:45:30,2016,Q4,1546912000.0,1155337000.0,391575000.0,0.2531333392,0,340697000.0,269800000.0,340697000.0,0.0,340697000.0,1496034000.0,0.0,44351000.0,22892000.0,73770000.0,0.0476885563,50878000.0,0.0328900416,-44351000.0,6527000.0,0.0042193738,116000.0,6411000.0,0.0041443857,0.057,0.056,111964000,114580000,https://www.sec.gov/Archives/edgar/data/1316835/000156459017003114/0001564590-17-003114-index.htm,https://www.sec.gov/Archives/edgar/data/1316835/000156459017003114/bldr-10k_20161231.htm,13.816155192740524,0.0572594762602265,1.753367153727984,1.6771372941302565,0.129050409060055,2.765353149226537,-5.27101568361259,2.765353149226537,16.491041763423958,1228245080.0,3015848080.0,47.89600218374669,0.7939980296228875,6.256533308882709,6.540907556223007,3.966943608294038,3.966943608294038,1.94959253015039,40.88176874068049,15.362368858053934,16.060624883506676,0.0052196423208957,0.1528839830565411,5.82020541308701,0.6192859035419589,24.232113325199947,1.6112174819828355,1.1471669184460327,30.62143191389799,0.0,0.0,0.220243297614861,0.0,0.309216131073131,0.0434762676120908,0.0055174437847789,0.3728376725493622,0.0018197544527419,1.8875142761006576,0.0230144691335933,0.0031893888024643,-16.489146064806544,461284000.0,-590164000.0,-1384286000.0,2017169000.0,675032000.0,428170000.0,556176500.0,36.36212661095136,31.919959284607003,42.20360812472897,2.475102761808608,2.8195524686462043,2.132519090169094,0.0207060267424584,0.0762298595977278,2017-02-28,0.08,amc,1276202398.0,2025-04-25,2016-12-31,1.0,10.84920634920635,1245096.5396825396
2016-09-30,BLDR,USD,1316835,2016-11-04,2016-11-04 16:39:38,2016,Q3,1745958000.0,1308864000.0,437094000.0,0.2503462283,0,350837000.0,0.0,350837000.0,0.0,350837000.0,1659701000.0,0.0,92290000.0,25552000.0,111809000.0,0.0640387684,86257000.0,0.049403823,-92290000.0,-6033000.0,-0.0034554096,-131502000.0,125469000.0,0.0718625534,1.13,1.1,111187000,114273000,https://www.sec.gov/Archives/edgar/data/1316835/000156459016027679/0001564590-16-027679-index.htm,https://www.sec.gov/Archives/edgar/data/1316835/000156459016027679/bldr-10q_20160930.htm,15.70289692140268,1.128450268466637,-0.0471098239902146,-0.1501344581650732,0.0526140645938823,2.700981229820033,-5.468085297741642,2.700981229820033,18.312320684972164,1279762370.0,3217714370.0,2.549957300209613,0.7329857705626367,-244.32271286750668,-76.66461211286168,4.261414286380256,4.261414286380256,1.8429506150777968,28.77867050058582,-614.3020943108056,-192.7583040795543,0.0980408573819841,-0.0130438278162531,6.472565381567293,0.636831271338396,17.332701303115133,1.7500936857759353,0.9346299707443928,-0.0417473638906821,0.0,0.0,0.2009424052583166,0.0,0.2975766167382465,-2.1869033982436044,0.0065608680162982,0.4483015028177833,0.0014931630657782,8.281199633088173,-0.7763209458044211,0.0585207431498655,-17.24159973737937,570462000.0,-607980000.0,-1421006000.0,2148439000.0,715281500.0,464605000.0,574679000.0,37.37589907661009,30.707766429514447,39.23431311427314,2.407968830810606,2.930854648988649,2.293910428299526,0.4177927102965563,0.1030246341748585,2016-11-03,0.36,amc,1087672131.0,2025-04-25,2016-09-30,0.6944444444444444,12.59015625,1093724.71875
2016-06-30,BLDR,USD,1316835,2016-08-05,2016-08-05 14:23:30,2016,Q2,1677300000.0,1258969000.0,418331000.0,0.2494073809,0,341909000.0,0.0,341909000.0,0.0,341909000.0,1600878000.0,0.0,42802000.0,30558000.0,106980000.0,0.0637810767,76422000.0,0.0455625112,-42802000.0,33620000.0,0.0200441185,4179000.0,29441000.0,0.0175526143,0.27,0.26,110339000,113504000,https://www.sec.gov/Archives/edgar/data/1316835/000156459016022938/0001564590-16-022938-index.htm,https://www.sec.gov/Archives/edgar/data/1316835/000156459016022938/bldr-10q_20160630.htm,15.201334070455596,0.2668231540978258,0.0946809378370295,-0.0294274916394022,0.0561179637299594,1.5327400103317956,-6.762776534135709,1.5327400103317956,17.95525607446143,1241313750.0,3173484750.0,10.540689429706871,0.740066624932928,118.82011582272422,-382.29558053587925,7.339796654466329,7.339796654466329,1.892019763906278,29.664280706674145,303.7699578826457,-977.3590237141976,0.0237176136975845,-0.0026157770346135,11.461397460989469,0.6537061705995232,18.06104879416713,1.654415315777524,1.7854773141441989,0.3548452837879148,0.0,0.0,0.2038448697311154,0.0,0.3086881447731848,1.3108069302192016,0.0081643116914088,0.4481314222134956,0.0015226852679902,3.0334529482579646,0.030467325239487,0.0143623671928623,-17.86651138763266,521694000.0,-746198000.0,-1477184000.0,2135982000.0,665132500.0,457339500.0,557849000.0,37.85483813271329,34.501731178448395,41.37499811353576,2.377503231805502,2.6085647567800527,2.175226685280661,0.1740824616694556,0.1241084294764317,2016-08-04,0.36,amc,1947832258.0,2025-04-25,2016-06-30,-0.1388888888888888,11.545,1495278.5
2016-03-31,BLDR,USD,1316835,2016-05-06,2016-05-06 14:58:34,2016,Q1,1397114000.0,1047366000.0,349748000.0,0.2503360499,0,326969000.0,0.0,326969000.0,0.0,326969000.0,1374335000.0,0.0,35224000.0,30791000.0,53570000.0,0.0383433277,22779000.0,0.0163043245,-35224000.0,-12445000.0,-0.0089076482,4535000.0,-16980000.0,-0.0121536253,-0.15,-0.15,109913000,109913000,https://www.sec.gov/Archives/edgar/data/1316835/000156459016018235/0001564590-16-018235-index.htm,https://www.sec.gov/Archives/edgar/data/1316835/000156459016018235/bldr-10q_20160331.htm,12.711089680019652,-0.1544858206035682,-0.3939115482245048,-0.4755943337002902,0.0339177349358128,1.21854557695632,-7.167832740440167,1.21854557695632,17.85369337566985,1238719510.0,3162120510.0,-18.23791975853946,0.8866273689906479,-28.610483878418325,-23.696665837701342,9.248730792778533,9.248730792778533,2.263323186225319,59.02782359529588,-73.03493417405765,-60.49126736044688,-0.0137077036915322,-0.0422000296096087,14.388646646855914,0.6764013504658153,35.90444278514094,1.6241315332116444,0.6466897569838747,2.5498233215547703,0.0,0.0,0.2340317253996452,0.0,0.3235319615975762,-0.2073632668144863,0.0064261040974465,0.2915787080640447,0.0018416535801659,,0.0144823831058411,-0.0088101658313958,-17.963164047928817,457157000.0,-787838000.0,-1525531000.0,2087767000.0,576660500.0,398698500.0,524983500.0,40.24720244733072,37.12599034148521,46.13762524275182,2.236180269120022,2.4241777572040277,1.9506855744409803,-0.1267788612301581,0.0816827854757853,2016-05-05,-0.13,amc,1524109090.0,2025-04-25,2016-03-31,-0.1538461538461538,8.661229508196723,1582721.7049180327
2015-12-31,BLDR,USD,1316835,2016-03-11,2016-03-11 16:00:54,2015,Q4,1455855000.0,1073518000.0,382337000.0,0.2626202472,0,346542000.0,171900000.0,346542000.0,0.0,346542000.0,1420060000.0,0.0,43014000.0,27645000.0,63440000.0,0.0435757682,35795000.0,0.0245869266,-43014000.0,-7219000.0,-0.0049585982,3397000.0,-10580000.0,-0.0072672072,-0.0966,-0.0963,109472000,109913000,https://www.sec.gov/Archives/edgar/data/1316835/000156459016014562/0001564590-16-014562-index.htm,https://www.sec.gov/Archives/edgar/data/1316835/000156459016014562/bldr-10k_20151231.htm,13.298880078924292,-0.096645717626425,0.5322365536392868,0.3906661064016369,0.5943346243788366,1.3628599093832212,-7.1254201987722885,1.3628599093832212,18.22096061093248,1212949760.0,3099557760.0,-28.66138374291116,0.8331528620638731,20.81781103578477,28.361815418430098,8.129962532256444,8.129962532256444,2.129029168426801,48.85809836065574,53.19759306616322,72.47545443917039,-0.0087225376919156,0.0352586738629636,13.081343208552566,0.6771843396929534,29.73846153846154,1.6244114150791988,0.8321709210954573,-5.507088846880907,0.0,0.0,0.2380333206260239,0.0,0.322420800836075,0.2659915901484596,0.0106452909115262,0.5606077048290831,0.0012885898664358,,0.0241911616946691,-0.0054178365626131,-18.40515839666764,459091000.0,-780034000.0,-1538514000.0,2122649000.0,619895500.0,392788000.0,507657000.0,32.67424297062551,30.629416553797885,43.011901058016726,2.7544632045771023,2.9383517587389525,2.092444132580962,-0.0709139046214685,0.1415704472376498,2016-03-03,-0.04813,amc,,2025-04-25,2015-12-31,1.0,12.7109375,1466931.078125
2015-09-30,BLDR,USD,1316835,2015-11-09,2015-11-09 16:39:44,2015,Q3,1276063000.0,951289000.0,324774000.0,0.2545125123,0,286533000.0,0.0,286533000.0,0.0,286533000.0,1237822000.0,0.0,46005000.0,23853000.0,62094000.0,0.0486606069,38241000.0,0.0299679561,-46005000.0,-7764000.0,-0.0060843391,993000.0,-8757000.0,-0.0068625138,-0.0827,-0.0827,105856000,105856000,https://www.sec.gov/Archives/edgar/data/1316835/000156459015010186/0001564590-15-010186-index.htm,https://www.sec.gov/Archives/edgar/data/1316835/000156459015010186/bldr-10q_20150930.htm,12.054706393591294,-0.0827255894800483,0.9561290810157196,0.824043984280532,0.9558740175332529,1.4691467654171706,-7.321635051390568,1.4691467654171706,19.584983373639663,1342254080.0,3268252080.0,-38.31946100262647,1.051871326102238,13.261807690787654,15.38752814398716,8.630859964762921,8.630859964762921,2.561199627291129,52.63394337617161,32.29115203730783,37.4670650005732,-0.006524100116723,0.0649876959211776,13.035037744826964,0.6673119729386136,31.017457403291782,1.6272415747863274,0.8312357352461689,-11.55783944273153,0.0,0.0,0.2245445561857055,0.0,0.3063225311192119,0.1381456744259574,0.0109571392635003,0.5861736469207227,0.0012562075696889,,0.0191558428516221,-0.0041555998570667,-18.861106125302296,516726000.0,-775039000.0,-1541783000.0,2183915000.0,447961000.0,265383500.0,324248000.0,50.163847709713394,39.75722414534384,47.51890329857698,1.794120748488219,2.263739532492998,1.893983104671003,-0.0563085945035301,0.1320850967351874,2015-11-05,0.14,amc,1254013381.0,2025-04-25,2015-09-30,1.214285714285714,14.204140625,1382657.953125
2015-06-30,BLDR,USD,1316835,2015-08-07,2015-08-07 13:14:27,2015,Q2,461521000.0,350907000.0,110614000.0,0.2396727343,0,94543000.0,0.0,94543000.0,0.0,94543000.0,445450000.0,0.0,12573000.0,3630000.0,19580000.0,0.0424249384,15940000.0,0.0345379734,-12573000.0,3367000.0,0.0072954427,-199000.0,3576000.0,0.0077482931,0.04,0.03,99163000,102978000,https://www.sec.gov/Archives/edgar/data/1316835/000156459015006624/0001564590-15-006624-index.htm,https://www.sec.gov/Archives/edgar/data/1316835/000156459015006624/bldr-10q_20150630.htm,4.654165364097496,0.0360618375805492,0.0775894234744814,0.0250799189213718,0.4048990046690802,0.485493581275274,-0.9373153293062936,0.485493581275274,4.249982352288656,1273252920.0,1641969920.0,89.01376677852349,2.75881903532017,165.4864725760333,511.9633775633293,26.4473115510043,26.4473115510043,3.5577360943489027,83.85954647599591,213.4091395892904,660.2211178126256,0.0028085543287032,0.0019532647135024,8.492781920528426,0.617278508149499,18.831307456588355,1.6165940603715925,1.2677960709456773,2.151565995525727,0.0,0.0,0.2048509168596878,0.0,0.2130071923330092,0.6767611125552379,0.0112822601788434,1.434435261707989,0.0034711313244684,0.6276346789118906,0.0358146668295297,0.006860010512544,-3.6551763258473424,151729000.0,-92947000.0,-216424000.0,379649000.0,170948000.0,100637500.0,146525500.0,36.01298749136009,28.350588617496943,37.50403953184177,2.499098416136456,3.174537263203604,2.3997414978082023,0.0742787113391355,0.0525095045531095,2015-07-23,0.055,amc,380754823.0,2025-04-25,2015-06-30,1.545454545454546,12.203095238095235,1100802.650793651
2015-03-31,BLDR,USD,1316835,2015-05-11,2015-05-11 16:27:17,2015,Q1,370986000.0,287253000.0,83733000.0,0.2257039349,0,82838000.0,0.0,82838000.0,0.0,82838000.0,370091000.0,0.0,7607000.0,3152000.0,3885000.0,0.0104720933,641000.0,0.001727828,-7607000.0,-6966000.0,-0.0187769889,196000.0,-7070000.0,-0.0190573229,-0.072,-0.0717,98204000,98624000,https://www.sec.gov/Archives/edgar/data/1316835/000156459015003921/0001564590-15-003921-index.htm,https://www.sec.gov/Archives/edgar/data/1316835/000156459015003921/bldr-10q_20150331.htm,3.777707629017148,-0.07199299417539,0.1004337908842817,0.0075251517249806,0.3751069202883793,0.345973687426174,-1.090729501853285,0.345973687426174,4.241100158853,655020680.0,1027069680.0,-23.16197595473833,1.765621020739327,66.41191118320998,886.3608660351827,19.278922769013423,19.278922769013423,2.768486357975773,264.368,104.1335982966643,1389.8101217861977,-0.0107935523501334,0.0011282086544198,12.034553802684249,0.6537406308357423,95.76550836550835,1.660316695164987,0.0842644932299198,-1.395049504950495,0.0,0.0,0.2232914449601871,0.0,0.2255794172571691,0.9250735070465376,0.0245939199861989,2.894670050761422,0.0047629829697077,,0.0014307079809067,-0.0145964002427916,-3.6995972669137713,145201000.0,-107114000.0,-226383000.0,371025000.0,152786500.0,82582000.0,144722000.0,38.14130452362084,28.42905034934361,46.001817213397246,2.359646612093804,3.165775813615173,1.956444450498556,-0.2080880621615257,0.092908639159301,2015-04-23,-0.0125,amc,185500000.0,2025-04-25,2015-03-31,0.6,6.245901639344262,197194.19672131148
2014-12-31,BLDR,USD,1316835,2015-03-03,2015-03-03 15:24:57,2014,Q4,396737000.0,306101000.0,90636000.0,0.2284536103,0,78810000.0,79700000.0,78810000.0,0.0,78810000.0,384911000.0,0.0,8624000.0,3106000.0,14751000.0,0.0371808024,11645000.0,0.0293519384,-8624000.0,3021000.0,0.0076146162,510000.0,2421000.0,0.0061022793,0.02,0.02,98167000,99805000,https://www.sec.gov/Archives/edgar/data/1316835/000156459015001235/0001564590-15-001235-index.htm,https://www.sec.gov/Archives/edgar/data/1316835/000156459015001235/bldr-10k_20141231.htm,4.041449774364094,0.0246620554768914,-0.030590728045066,-0.1446209011174834,0.1810486212270926,0.4095062495543309,-1.0143327187344016,0.4095062495543309,3.998573858832398,674407290.0,1040538290.0,69.64139714993804,1.699885037190885,-224.57785214785216,-47.50350707896035,16.776300746268657,16.776300746268657,2.6227407325255774,70.54018642803878,-346.4995970695971,-73.29282876664084,0.003589818846709,-0.0210510773096773,9.549850746268657,0.6584240179053793,24.82075791471765,1.9334145872089297,1.3503014842300556,-1.2403965303593556,0.0,0.0,0.1986454502605,0.0,0.2397228439367823,-3.727605727605728,0.0282151652102022,3.603992273019961,0.0056637016461787,0.4766901315366825,0.0219152996002577,0.0054614237600131,-3.489135860319659,160061000.0,-99574000.0,-211325000.0,375514000.0,159588000.0,85829000.0,138406000.0,33.653730304962735,21.88307127386059,41.933218120816335,2.6742949201898187,4.112768215835651,2.1462698078810827,0.0602238805970149,0.1140301730724174,2015-02-19,0.085,amc,1586800000.0,2025-04-25,2014-12-31,-0.7647058823529411,5.97578125,262988.328125
2014-09-30,BLDR,USD,1316835,2014-11-05,2014-11-05 15:01:00,2014,Q3,434907000.0,337260000.0,97647000.0,0.2245238637,0,81963000.0,0.0,81963000.0,0.0,81963000.0,419223000.0,0.0,6393000.0,2391000.0,17976000.0,0.0413329746,15585000.0,0.0358352475,-6393000.0,9192000.0,0.0211355531,453000.0,8504000.0,0.0195536057,0.09,0.07,98104000,100360000,https://www.sec.gov/Archives/edgar/data/1316835/000156459014005002/0001564590-14-005002-index.htm,https://www.sec.gov/Archives/edgar/data/1316835/000156459014005002/bldr-10q_20140930.htm,4.433121992987034,0.0866835195302943,0.3038000489276686,0.2793260213650819,0.6907975209981244,0.3591698605561445,-0.8847447606621545,0.3591698605561445,3.9785737584604095,534666800.0,850817800.0,15.718097365945438,1.229381913834452,17.939430948865926,19.511250593000767,15.17387898739925,15.17387898739925,1.956321236494239,47.33076323987539,28.547101060260367,31.04834507170748,0.0159052329413384,0.0512524809844187,10.895703258031558,0.6300552232315026,17.587394303515797,1.945293557538456,2.437822618488972,3.504703668861712,0.0,0.0,0.1884609813132463,0.0,0.200269141455169,0.0805596564219567,0.0055207205218586,1.0041823504809704,0.0046032830007334,0.8369691879034511,0.0340091588320455,0.0174508323209771,-3.1713793525238523,192596000.0,-86797000.0,-177771000.0,377019000.0,168806500.0,98970000.0,137464000.0,35.35045423504335,25.946717665895747,35.80999822095713,2.545936168219922,3.4686468307432814,2.5132645761297248,0.2413440799182654,0.0244740275625866,2014-10-23,0.1,amc,621285714.0,2025-04-25,2014-09-30,-0.3,6.514453125,356982.25
2014-06-30,BLDR,USD,1316835,2014-08-01,2014-08-01 14:10:35,2014,Q2,426543000.0,332744000.0,93799000.0,0.2199051444,0,76417000.0,0.0,76417000.0,0.0,76417000.0,409161000.0,0.0,6504000.0,2040000.0,19422000.0,0.0455335101,17354000.0,0.0406852299,-6504000.0,10850000.0,0.0254370603,230000.0,10609000.0,0.0248720528,0.11,0.09,98032000,100759000,https://www.sec.gov/Archives/edgar/data/1316835/000156459014003053/0001564590-14-003053-index.htm,https://www.sec.gov/Archives/edgar/data/1316835/000156459014003053/bldr-10q_20140630.htm,4.351058837930472,0.1082197649747021,-0.1333034111310592,-0.2028419291659866,0.3523237310266036,0.2504284315325608,-0.925952750122409,0.2504284315325608,3.67678921168598,733279360.0,1052679360.0,17.27965312470544,1.719121776702466,-56.11259259259259,-36.87600502891627,29.868813034623223,29.868813034623223,2.4679325648293373,54.20035835650293,-80.55397612488521,-52.93836359064622,0.0144678830180083,-0.0271179049687147,14.417067209775968,0.6476776571254991,16.44526825249717,2.3660496455338618,2.6682041820418205,-1.2317843340559902,0.0,0.0,0.1791542704955889,0.0,0.2110310829060486,-0.5216559534741353,0.0159819760258637,3.341666666666667,0.0021709417338931,0.7808837205867034,0.0426170346155817,0.0246062284443269,-2.9778567202546107,202133000.0,-90773000.0,-171822000.0,376518000.0,157196000.0,101688500.0,138674500.0,35.19225494264353,27.239589594402904,38.06602072464116,2.5573808824322946,3.304014536933144,2.36431332423829,0.4321384928716904,0.0695385180349273,2014-07-24,0.12,amc,1023599999.0,2025-04-25,2014-06-30,-0.5,7.785873015873015,401157.1746031746
2014-03-31,BLDR,USD,1316835,2014-05-02,2014-05-02 11:07:24,2014,Q1,345909000.0,270994000.0,74915000.0,0.2165743013,0,69318000.0,0.0,69318000.0,0.0,69318000.0,340312000.0,0.0,8828000.0,1982000.0,7579000.0,0.0219103868,5434000.0,0.015709334,-8828000.0,-3394000.0,-0.0098118291,-82000.0,-3384000.0,-0.0097829198,-0.0347,-0.0347,97617000,97617000,https://www.sec.gov/Archives/edgar/data/1316835/000156459014001732/0001564590-14-001732-index.htm,https://www.sec.gov/Archives/edgar/data/1316835/000156459014001732/bldr-10q_20140331.htm,3.543532376532776,-0.0346660929960969,0.1409590542630894,0.0866242560209799,0.6429822674329266,0.129014413473063,-1.01005972320395,0.129014413473063,3.716391612116742,888314700.0,1179503700.0,-65.6260859929078,2.568058940357146,64.55775436046511,105.05140728476822,70.53475464506909,70.53475464506909,3.409867045957174,155.6278796675023,85.71974563953488,139.48719252601705,-0.0038094607688018,0.0095191490132945,28.105050023820866,0.6520910095799558,38.42050402427761,2.299531366148476,0.6155414589941096,-4.066193853427896,0.0,0.0,0.2003937451757543,0.0,0.2048507737656595,0.3854651162790697,0.0153335125712253,2.676084762865792,0.0028388969353211,,0.0136610118995623,-0.0078404659794674,-2.954723562494238,201044000.0,-98599000.0,-174457000.0,365045000.0,145319500.0,91857000.0,130124500.0,38.40394438999852,34.09713868203724,45.37063551222536,2.3435092782667017,2.6395176686017066,1.9836618769809609,-0.2686993806574559,0.0543347982421094,2014-04-24,,amc,,2025-04-25,2014-03-31,,8.118360655737705,512792.2786885246
2013-12-31,BLDR,USD,1316835,2014-02-28,2014-02-28 17:01:40,2013,Q4,369111000.0,286264000.0,82847000.0,0.2244500977,0,69453000.0,71100000.0,69453000.0,0.0,69453000.0,355717000.0,0.0,8555000.0,1964000.0,15358000.0,0.04160808,13315000.0,0.0360731596,-8555000.0,4760000.0,0.0128958498,183000.0,4529000.0,0.0122700218,0.05,0.05,97458000,99468000,https://www.sec.gov/Archives/edgar/data/1316835/000156459014000455/0001564590-14-000455-index.htm,https://www.sec.gov/Archives/edgar/data/1316835/000156459014000455/bldr-10k_20131231.htm,3.7873853352213263,0.046471300457633,0.0882020973137146,0.0301360586098627,0.5612263744382195,0.1576884401485768,-0.9832440641096678,0.1576884401485768,3.7198177676537583,694875540.0,994150540.0,38.35700706557739,1.882565244601217,80.83708003722661,236.59364657814092,45.21574310255075,45.21574310255075,2.693364706009845,64.73177106394061,115.65269194974408,338.49184201566226,0.0065177139491771,0.0042266561865165,23.03299062988027,0.6862044164942938,19.48658679515562,2.619467976554899,1.5563997662185856,1.8979907264296751,0.0,0.0,0.1881629103440428,0.0,0.2155575673805199,0.658329455560726,0.0153314314664152,2.8813645621181263,0.0026008436486585,0.4060538201013505,0.0328720375213192,0.0111924991226899,-2.8389665291715405,204738000.0,-95825000.0,-169310000.0,365323000.0,153542500.0,85956500.0,124463500.0,34.87633801214269,25.48046558421597,38.87055305592041,2.580546156212422,3.532117562865533,2.315377398168818,0.2947032795419053,0.0580660387038519,2014-02-20,0.01667,amc,246066666.0,2025-04-25,2013-12-31,0.7996400719856027,6.78625,426625.6875
2013-09-30,BLDR,USD,1316835,2013-11-01,2013-11-01 11:06:54,2013,Q3,402931000.0,310437000.0,92494000.0,0.2295529508,0,72343000.0,0.0,72343000.0,0.0,72343000.0,382780000.0,0.0,7525000.0,2033000.0,22184000.0,0.055056573,20348000.0,0.0504999615,-7525000.0,12823000.0,0.0318243074,-129000.0,12794000.0,0.0317523348,0.13,0.13,97229000,99765000,https://www.sec.gov/Archives/edgar/data/1316835/000156459013000851/0001564590-13-000851-index.htm,https://www.sec.gov/Archives/edgar/data/1316835/000156459013000851/bldr-10q_20130930.htm,4.144144236801777,0.1315862551296424,0.305423279062831,0.256086147137171,0.5179113227534995,0.0560738051404416,-1.0875458968003373,0.0560738051404416,3.7181499346902673,571706520.0,875337520.0,11.171379552915427,1.4188695334933277,19.251970635775866,22.961023334270457,104.86179750550257,104.86179750550257,2.172425353224249,39.45805625676163,29.476613685344827,35.15552913771637,0.0223786148179663,0.0435520658396549,64.92791636096845,0.6630584224623972,13.686936530833032,2.319747022630648,2.70405315614618,2.3210880100046896,0.0,0.0,0.179541906678811,0.0,0.2082772959709292,0.1615369073275862,0.0119052641767449,2.3595671421544515,0.0023974328110768,0.4074520777456535,0.0537383140776878,0.0302689760739287,-3.007124931861893,199910000.0,-105741000.0,-177032000.0,357507000.0,160963000.0,90721000.0,127231500.0,36.642526884255616,26.343605949033137,36.3236018902386,2.4561624880371107,3.416388788008848,2.47772784956621,2.3466617754952317,0.04933713192566,2013-10-24,0.034,amc,134300000.0,2025-04-25,2013-09-30,1.6470588235294117,5.971328125,364181.09375
2013-06-30,BLDR,USD,1316835,2013-08-02,2013-08-02 11:13:51,2013,Q2,398148000.0,315916000.0,82232000.0,0.2065362629,0,69011000.0,0.0,69011000.0,0.0,69011000.0,384927000.0,0.0,61058000.0,2534000.0,15703000.0,0.0394401077,13169000.0,0.0330756402,-61058000.0,-47889000.0,-0.1202793936,400000.0,-48206000.0,-0.1210755799,-0.5,-0.5,96349000,96349000,https://www.sec.gov/Archives/edgar/data/1316835/000119312513316525/0001193125-13-316525-index.htm,https://www.sec.gov/Archives/edgar/data/1316835/000119312513316525/d559294d10q.htm,4.132352178019492,-0.5003269364497815,-0.6297833916283511,-0.6672928624064598,0.2647770085833791,-0.0877227578905852,-1.2417876677495356,-0.0877227578905852,4.307891104214885,588692390.0,917184390.0,-3.053003723602871,1.4785767855169434,-9.70174838082368,-9.156399452506491,-69.65125295787979,-69.65125295787979,2.30362676693089,58.408227090364896,-15.115351109939189,-14.265695954458495,-0.0818865689770509,-0.1092132344364091,-41.88393279697113,0.7002929731932496,20.91906005221932,2.375206309793325,0.2156801729503095,1.2536724447841987,0.0,0.0,0.1733300179832625,0.0,0.2199633239500145,-0.0595593203579492,0.0090770266333122,1.4262036306235202,0.0024714427800717,,0.0360214844048594,-0.1222528238916193,-3.1702897798627907,188307000.0,-119645000.0,-188722000.0,343062000.0,147660000.0,94722000.0,131001000.0,35.687558395370566,25.803536383089178,36.799275756846754,2.521887292005802,3.4878940104885454,2.445700306567987,5.70350212967345,0.0375094707781087,2013-07-25,0.00441,amc,1592400000.0,2025-04-25,2013-06-30,1.267573696145125,6.25578125,381740.1875
2013-03-31,BLDR,USD,1316835,2013-05-03,2013-05-03 16:13:12,2013,Q1,319702000.0,257355000.0,62347000.0,0.1950159836,0,61078000.0,0.0,61078000.0,0.0,61078000.0,318433000.0,0.0,12500000.0,2774000.0,3984000.0,0.0124616049,1210000.0,0.0037847746,-12500000.0,-11290000.0,-0.0353141363,315000.0,-11808000.0,-0.0369343952,-0.12,-0.12,95989000,95989000,https://www.sec.gov/Archives/edgar/data/1316835/000119312513199140/0001193125-13-199140-index.htm,https://www.sec.gov/Archives/edgar/data/1316835/000119312513199140/d507969d10q.htm,3.3306107991540697,-0.1230140953650939,-0.2624154851076686,-0.2726354061402869,1.2258279594536874,0.3860963235370719,-0.7722968256779422,0.3860963235370719,3.896581900009376,546177410.0,790040410.0,-11.563715489498646,1.7083953494191466,-21.68317162253365,-20.87036339319832,14.737255065972317,14.737255065972317,2.4711775653577392,198.3033157630522,-31.364500774147444,-30.18878142911731,-0.0216193489218091,-0.0479148341195583,9.754971533417878,0.641587886940519,61.21059236947792,2.822827550344415,0.0968,2.1332147696476964,0.0,0.0,0.1910466622041776,0.0,0.1973287949585707,-0.0389455714796141,0.0030684825243508,0.3536409516943042,0.0041757636799269,,0.0029391496669669,-0.0261066818778769,-2.492647595036931,255894000.0,-74132000.0,-130153000.0,409474000.0,127424000.0,89133000.0,120914500.0,38.69187555911442,34.57562510928484,46.45217695401294,2.32606971617325,2.6029898148054498,1.9374764736881729,-0.3186098594209546,0.0102199210326183,2013-04-25,-0.07,amc,456714285.0,2025-04-25,2013-03-31,-0.0,5.986916666666667,355209.98333333334
2012-12-31,BLDR,USD,1316835,2013-03-01,2013-03-01 14:12:10,2012,Q4,287588000.0,229518000.0,58070000.0,0.2019208034,0,56924000.0,896000.0,57820000.0,0.0,57820000.0,287338000.0,0.0,10955000.0,2867000.0,3007000.0,0.01045593,140000.0,0.0004868075,-10955000.0,-10815000.0,-0.0376058806,226000.0,-12048000.0,-0.041893264,-0.13,-0.13,95645000,95645000,https://www.sec.gov/Archives/edgar/data/1316835/000119312513087218/0001193125-13-087218-index.htm,https://www.sec.gov/Archives/edgar/data/1316835/000119312513087218/d444265d10k.htm,3.006827330231585,-0.125965811072194,-0.188237754195201,-0.2012232735636991,1.3741648805478592,0.5028595326467666,-0.6596999320403576,0.5028595326467666,3.888441633122484,533699100.0,763222100.0,-11.074433515936256,1.855776666620304,-29.643362586091985,-27.73039073054141,11.096538173652696,11.096538173652696,2.65387324923154,253.81513136015965,-42.39180737613864,-39.656141535903565,-0.0225745181132964,-0.0360615185598027,7.504886061210912,0.6552798357420744,76.32956434985034,3.240261014202243,0.0127795527156549,1.6391114348142752,0.0,0.0,0.1979359361308538,0.0,0.2018604279637862,-0.068984670073317,0.0043186781089614,0.4332054412277642,0.0033241998970749,,0.0003295752176629,-0.0274037411747579,-2.3917585864394373,262637000.0,-63097000.0,-122873000.0,417914000.0,120242500.0,81785000.0,99583500.0,36.74162343352296,31.133636577523333,42.74135361932397,2.4495379242792046,2.8907641346650377,2.105689043018743,-0.250499001996008,0.012985519368498,2013-02-21,-0.07,amc,287600000.0,2025-04-25,2012-12-31,0.1428571428571427,5.14851129032258,372718.9516129032
2012-09-30,BLDR,USD,1316835,2012-10-31,2012-10-31 14:54:00,2012,Q3,291780000.0,234067000.0,57713000.0,0.1977962849,0,58650000.0,0.0,58650000.0,0.0,58650000.0,292717000.0,0.0,9253000.0,2912000.0,1283000.0,0.0043971485,-1629000.0,-0.0055829735,-10618000.0,-12247000.0,-0.0419734046,33000.0,-13565000.0,-0.0464905065,-0.14,-0.14,94461538,95514000,https://www.sec.gov/Archives/edgar/data/1316835/000119312512443498/0001193125-12-443498-index.htm,https://www.sec.gov/Archives/edgar/data/1316835/000119312512443498/d398150d10q.htm,3.0888762365906004,-0.1436034208970851,-0.1171799679992506,-0.1718900659864335,0.9599144998041426,0.6231107522301829,-0.5540138463551165,0.6231107522301829,3.257886823735604,489310766.84,697127766.8399999,-9.017891021747143,1.6769852863116046,-44.20550789050501,-30.135540237728645,8.313128896364253,8.313128896364253,2.389223959284392,543.3575735307871,-62.98019395067304,-42.93451788138202,-0.0277226681268504,-0.0331834104220914,5.071219843696908,0.5984538025390359,161.97739672642246,2.731485013849956,-0.1760510104830865,0.8159970512347954,0.0,0.0,0.2010076084721365,0.0,0.2229335247367534,-0.4668895112476285,0.0177119747755158,1.7747252747252746,0.003245595996984,,-0.0043182457283513,-0.0349993162684252,-2.24263763310735,208779000.0,-52333000.0,-110555000.0,369443000.0,118357500.0,81850500.0,90601500.0,37.96421961752005,32.36496387786403,34.67007309872814,2.370653233669158,2.7807848122319507,2.595898766746517,-0.2304621134896364,0.0547100979871828,2012-10-18,-0.05,amc,208428571.0,2025-04-25,2012-09-30,0.4000000000000001,4.4835714285714285,318295.2698412698
2012-06-30,BLDR,USD,1316835,2012-08-01,2012-08-01 15:27:51,2012,Q2,271919000.0,218255000.0,53664000.0,0.1973528882,0,55036000.0,0.0,55036000.0,0.0,55036000.0,273291000.0,0.0,10461000.0,2491000.0,1119000.0,0.0041151961,-1372000.0,-0.0050456202,-10461000.0,-11833000.0,-0.0435166355,144000.0,-12055000.0,-0.0443330551,-0.13,-0.13,95427000,95427000,https://www.sec.gov/Archives/edgar/data/1316835/000119312512328568/0001193125-12-328568-index.htm,https://www.sec.gov/Archives/edgar/data/1316835/000119312512328568/d334259d10q.htm,2.849497521665776,-0.1263269305332872,-0.239680593542708,-0.2631749924025695,1.1012606495017134,0.7472518260031228,-0.4179634694583294,0.7472518260031228,3.234011338510065,452323980.0,645384980.0,-9.380422646204895,1.6634511747983776,-19.77631951731375,-18.010829816038864,6.343243114377069,6.343243114377069,2.3734456952254166,576.751546023235,-28.217251661420075,-25.698215338058453,-0.0266512511673601,-0.0555221502959007,4.181171818028833,0.5973808698509508,172.52993744414655,3.026212750422124,-0.1311538093872478,1.8973040232268767,0.0,0.0,0.2023985083793335,0.0,0.2227883557705215,-0.0980237845400489,0.0082451024018181,0.900040144520273,0.0033907156175184,,-0.0035645163432331,-0.0310772768520046,-2.011540234943989,222002000.0,-39885000.0,-96222000.0,380302000.0,103685500.0,72488500.0,86555000.0,37.61101651594777,32.79430024512612,37.539346177636254,2.39291591499098,2.744379338094759,2.3974844839896745,-0.1690553654568912,0.0234943988598614,2012-07-19,-0.05,amc,194214285.0,2025-04-25,2012-06-30,0.4000000000000001,3.97468253968254,338389.6666666667
2012-03-31,BLDR,USD,1316835,2012-05-04,2012-05-04 16:59:33,2012,Q1,219389000.0,174270000.0,45119000.0,0.2056575307,0,50961000.0,0.0,50961000.0,0.0,50961000.0,225231000.0,0.0,13105000.0,2850000.0,-2992000.0,-0.0136378761,-5842000.0,-0.0266285001,-13105000.0,-18947000.0,-0.0863625797,174000.0,-19188000.0,-0.0874610851,-0.2,-0.2,95261000,95261000,https://www.sec.gov/Archives/edgar/data/1316835/000119312512212216/0001193125-12-212216-index.htm,https://www.sec.gov/Archives/edgar/data/1316835/000119312512212216/d335404d10q.htm,2.303030621135617,-0.2014255571535045,-0.1564648701987172,-0.1747934621723475,1.3607772330754453,0.865422365920996,-0.3018234114695415,0.865422365920996,3.26398001280692,402954030.00000006,571150030.0,-5.250078564727955,1.836710272620779,-27.034822542770883,-24.19998979040298,4.887786780849336,4.887786780849336,2.6033667595002483,-190.89238970588235,-38.31935793357933,-34.30124497027206,-0.0476183350244691,-0.0413223314828244,3.612583544595529,0.6012791756423638,-56.21524064171123,3.4191450493240776,-0.4457840518885921,0.7767875755680633,0.0,0.0,0.2322860307490348,0.0,0.224487653411236,-0.1171418986917142,0.0079584664682367,0.6126315789473684,0.0036601652772016,,-0.0147546175397398,-0.0499523593820777,-1.8046157399145504,231742000.0,-28752000.0,-85341000.0,390175000.0,85082500.0,57033500.0,77701000.0,38.4533408694146,33.80048201067309,42.38681356515752,2.3404988478279423,2.6626839218322664,2.123301858056656,-0.2327482684586553,0.0183285919736303,2012-04-19,-0.14,amc,279236363.0,2025-04-25,2012-03-31,-0.2142857142857143,3.071774193548387,298600.37096774194
2011-12-31,BLDR,USD,1316835,2012-03-02,2012-03-02 15:48:06,2011,Q4,192677000.0,153407000.0,39270000.0,0.2038125983,0,47535000.0,-48535000.0,47535000.0,0.0,47535000.0,200942000.0,0.0,8080000.0,3472000.0,-4793000.0,-0.0248758285,-8265000.0,-0.0428956232,-8080000.0,-16345000.0,-0.0848310904,300000.0,-16698000.0,-0.086663172,-0.18,-0.18,95013000,95261000,https://www.sec.gov/Archives/edgar/data/1316835/000119312512094395/0001193125-12-094395-index.htm,https://www.sec.gov/Archives/edgar/data/1316835/000119312512094395/d278642d10k.htm,2.027901445065412,-0.1757443718228032,-0.1943944512856135,-0.2160441202782777,1.545399050656226,1.0653700019997263,-0.1223622030669487,1.0653700019997263,3.216286192415774,193826520.0,344502520.0,-2.9019421487603307,1.0059660468037182,-10.494126691932864,-9.44251571101476,1.9148277088437529,1.9148277088437529,1.7879794682292127,-71.87617775923222,-18.65200433134813,-16.78289667267501,-0.0861492018739231,-0.1059039805285675,2.9391152295898206,0.6086480647622866,-31.4366784894638,4.328224223139936,-1.0228960396039604,1.106120493472272,0.0,0.0,0.2467082215313711,0.0,0.2308701051343792,-0.1113697888467785,0.0106758980054702,0.5924539170506913,0.0047436902173066,,-0.0202811016980669,-0.0444151263588799,-1.5446386283982192,245806000.0,-11626000.0,-67918000.0,406880000.0,81674000.0,55489500.0,72180000.0,35.70021331035879,28.522948757227507,43.01909300097128,2.5209933402242606,3.155353984121108,2.0920943172364885,-0.1649608788429621,0.0216496689926641,2012-02-16,-0.12,amc,231240000.0,2025-04-25,2011-12-31,-0.1666666666666666,1.589365079365079,144994.15873015873
2011-09-30,BLDR,USD,1316835,2011-10-28,2011-10-28 14:08:31,2011,Q3,217194000.0,172755000.0,44439000.0,0.2046050996,0,1780000.0,48535000.0,50315000.0,0.0,50315000.0,223070000.0,0.0,5319000.0,3364000.0,-2512000.0,-0.011565697,-5876000.0,-0.0270541544,-5319000.0,-11195000.0,-0.0515437811,268000.0,-11564000.0,-0.0532427231,-0.12,-0.12,94976000,94976000,https://www.sec.gov/Archives/edgar/data/1316835/000095012311092904/0000950123-11-092904-index.htm,https://www.sec.gov/Archives/edgar/data/1316835/000095012311092904/d84852e10vq.htm,2.286830357142857,-0.1217570754716981,-0.0965928234501347,-0.1081746967654986,0.5571618092991913,1.2319743935309972,0.0612259939353099,1.2319743935309972,1.836095434636119,120619520.0,236768520.0,-2.6076513317191283,0.5553538311371401,-13.14797471114018,-11.740268639283627,1.030865581840558,1.030865581840558,1.0901245890770463,-94.25498407643312,-25.808646173969915,-23.045407825579133,-0.095871712969841,-0.0851769265870068,1.4449097497607002,0.4323540543581665,-46.23765923566879,2.295733597916408,-1.1047189321300996,0.7933241093047388,0.0,0.0,0.0081954381796918,0.0,0.2843548931556174,-0.1199040767386091,0.0050645966278994,0.3269916765755054,0.0076659576231387,,-0.0200835400108131,-0.0413231704920258,-1.2677439563679245,125370000.0,5815000.0,-51902000.0,286091000.0,85927500.0,61057500.0,70251500.0,36.017155170032325,32.488147955196666,37.00599114352696,2.498809236185414,2.770241016019628,2.4320386299325665,-0.0988308491727061,0.0115818733153638,2011-10-20,-0.07,amc,217200000.0,2025-04-25,2011-09-30,-0.0,1.923828125,139290.78125
2011-06-30,BLDR,USD,1316835,2011-07-29,2011-07-29 14:18:26,2011,Q2,206393000.0,163590000.0,42803000.0,0.2073859094,0,50847000.0,0.0,50847000.0,0.0,50847000.0,214437000.0,0.0,5665000.0,3520000.0,-4524000.0,-0.021919348,-8044000.0,-0.03897419,-5665000.0,-13709000.0,-0.0664218263,1666000.0,-15484000.0,-0.0750219242,-0.16,-0.16,94905000,94905000,https://www.sec.gov/Archives/edgar/data/1316835/000095012311070226/0000950123-11-070226-index.htm,https://www.sec.gov/Archives/edgar/data/1316835/000095012311070226/d82645e10vq.htm,2.1747326273642065,-0.163152626310521,-0.1415520783941836,-0.1532269111216479,0.6649070122754334,1.33720035825299,0.1655761024182077,1.33720035825299,1.8412307043885991,204045750.0,310019750.0,-3.294461218031516,0.988627279025936,-15.188756141134435,-14.031477788474763,1.607836841151394,1.607836841151394,1.502084615272805,-68.52779619805482,-23.077248027393185,-21.31892105625086,-0.0758849424700097,-0.0712683307542548,1.3322905749879834,0.4261088275246791,-23.424845269672858,2.460451206601107,-1.419947043248014,0.8676052699560837,0.0,0.0,0.2463600994219765,0.0,0.2802292379149834,-0.0824772964120887,0.0053683991220632,0.3147727272727272,0.0045011216465674,,-0.0290575484511539,-0.0542156862745098,-1.1416258363626786,133808000.0,15714000.0,-44457000.0,296678000.0,78324500.0,57473500.0,71114500.0,37.03730262169744,32.874014304052814,38.21932880982945,2.429982575115381,2.7377246711517222,2.35482942277242,-0.1220106061919358,0.0116748327274643,2011-07-21,-0.11,amc,283800000.0,2025-04-25,2011-06-30,-0.2727272727272727,2.47047619047619,207802.26984126985
2011-03-31,BLDR,USD,1316835,2011-04-28,2011-04-28 16:09:38,2011,Q1,162829000.0,131396000.0,31433000.0,0.1930430083,0,46723000.0,0.0,46723000.0,0.0,46723000.0,178119000.0,0.0,5875000.0,3685000.0,-11605000.0,-0.0712710881,-15290000.0,-0.0939021919,-5875000.0,-21165000.0,-0.1299829883,-17000.0,-21249000.0,-0.1304988669,-0.22,-0.22,94904000,94904000,https://www.sec.gov/Archives/edgar/data/1316835/000095012311040937/0000950123-11-040937-index.htm,https://www.sec.gov/Archives/edgar/data/1316835/000095012311040937/d81668e10vq.htm,1.715723257186209,-0.2238999409930034,-0.266901289724353,-0.2724542695776785,0.8178264351344516,1.4718452330776364,0.3002086318806373,1.4718452330776364,1.8435998482677232,269527360.0,361002360.0,-3.171059343969128,1.655278605162471,-10.640637978681406,-10.42376764512511,1.929550700151771,1.929550700151771,2.21706428216104,-31.10748470486859,-14.25196841689696,-13.961494372897088,-0.0788380073919026,-0.0959346019639713,1.210518026402451,0.4186079904142756,-7.882378285221887,2.631883792539005,-2.6025531914893616,1.1920560967574945,0.0,0.0,0.2869452001793292,0.0,0.2752751687156812,-0.0208053691275167,0.003236524206376,0.143012211668928,0.006454624176283,,-0.0474652000655602,-0.072586347658852,-1.0165087878276995,142563000.0,28491000.0,-34326000.0,307716000.0,63672000.0,50029500.0,68284500.0,39.637718096899206,37.80457548174983,49.83644859813084,2.2705646117161464,2.380664214664903,1.8059071729957803,-0.1521219323616162,0.0055529798533254,2011-04-25,-0.17,bmo,212892307.0,2025-04-25,2011-03-31,-0.2352941176470588,2.359354838709677,160013.33870967742
2010-12-31,BLDR,USD,1316835,2011-03-03,2011-03-02 20:01:09,2010,Q4,147093000.0,119032000.0,28061000.0,0.1907704649,0,45770000.0,0.0,45770000.0,0.0,45770000.0,164802000.0,0.0,6906000.0,3765000.0,-13944000.0,-0.0947971691,-17709000.0,-0.1203932206,-6906000.0,-24615000.0,-0.1673431095,-117000.0,-24613000.0,-0.1673295126,-0.26,-0.26,94904000,94904000,https://www.sec.gov/Archives/edgar/data/1316835/000095012311021379/0000950123-11-021379-index.htm,https://www.sec.gov/Archives/edgar/data/1316835/000095012311021379/d80042e10vk.htm,1.549913596897918,-0.2593462867740032,-0.1853873387844558,-0.1935008008092388,1.0877729073590154,1.6806983899519514,0.485880468684144,1.6806983899519514,1.85458990137402,186960880.0,252828880.0,-1.8990054036484787,1.2710385946306078,-10.626399909059906,-10.18083641908081,1.1721317827027369,1.1721317827027369,1.7188369262983283,-18.131732644865178,-14.3701761964306,-13.767636680461774,-0.1316478613066006,-0.0982237567559587,1.0601673928716968,0.4096423484268563,-4.723752151462995,3.0784293207413898,-2.564291920069505,0.7148254987201885,0.0,0.0,0.311163685559476,0.0,0.2746896832395035,-0.0437649198590428,0.0052347834363293,0.2045152722443559,0.0074170762714745,,-0.0515867678825651,-0.082204728617185,-0.8054112576919835,158898000.0,46112000.0,-17950000.0,329359000.0,63692500.0,45246500.0,60987000.0,34.038261508025535,33.92314671684925,48.24668996572351,2.6440833348312998,2.653055766058931,1.865412944679517,-0.1543086423623084,0.0081134620247829,2011-02-17,-0.18,amc,176520000.0,2025-04-25,2010-12-31,-0.1666666666666666,1.981171875,129234.296875
2010-09-30,BLDR,USD,1316835,2010-10-28,2010-10-28 15:00:28,2010,Q3,180394000.0,144865000.0,35529000.0,0.1969522268,0,47980000.0,0.0,47980000.0,0.0,47980000.0,192845000.0,0.0,6910000.0,3852000.0,-8599000.0,-0.0476678825,-13290000.0,-0.0736720734,-6910000.0,-20200000.0,-0.1119771168,-525000.0,-20470000.0,-0.1134738406,-0.22,-0.22,94895000,94895000,https://www.sec.gov/Archives/edgar/data/1316835/000095012310097359/0000950123-10-097359-index.htm,https://www.sec.gov/Archives/edgar/data/1316835/000095012310097359/d77165e10vq.htm,1.9009852995415983,-0.215712102850519,-0.0186100426787502,-0.0351335686811739,1.279445703145582,1.9235997681648136,0.7518520469993151,1.9235997681648136,1.854934401180252,216360600.0,264061600.0,-2.642410845139228,1.199378028094061,-122.51449603624008,-64.89520095980802,1.185277747343048,1.185277747343048,1.463804782864175,-30.7084079544133,-149.52525481313702,-79.20263947210557,-0.0946105714256662,-0.0154094599478833,0.9264489974800044,0.3823712288904917,-5.547272938713804,3.366419702093605,-1.9232995658465992,0.0862599521320763,0.0,0.0,0.26597336940253,0.0,0.2514103152549194,-0.8878822197055493,0.0086920851026087,0.407061266874351,0.0060811335188531,,-0.0354788260075493,-0.0618272100131688,-0.5840824068707519,183336000.0,71347000.0,1073000.0,354606000.0,77602000.0,46780000.0,62261000.0,35.7986407530184,28.346598557277467,36.135436440824215,2.5140619338294727,3.1749841102855765,2.490629942920019,-0.1121398049742522,0.0165235260024237,2010-10-21,-0.15,amc,208153846.0,2025-04-25,2010-09-30,-0.1333333333333332,2.27609375,157098.09375
2010-06-30,BLDR,USD,1316835,2010-07-28,2010-07-28 17:25:56,2010,Q2,211483000.0,172748000.0,38735000.0,0.18315893,0,51450000.0,0.0,51450000.0,0.0,51450000.0,224198000.0,0.0,6531000.0,4048000.0,-8667000.0,-0.0409820175,-12715000.0,-0.0601230359,-6531000.0,-19246000.0,-0.0910049508,-326000.0,-19039000.0,-0.0900261487,-0.2,-0.2,94878000,94878000,https://www.sec.gov/Archives/edgar/data/1316835/000095012310069151/0000950123-10-069151-index.htm,https://www.sec.gov/Archives/edgar/data/1316835/000095012310069151/d74821e10vq.htm,2.228999346529227,-0.2006682265646409,0.0477560656843525,-0.0023820063660701,1.3131178987752692,2.1218933788654906,0.9499357069078184,2.1218933788654906,1.851398638251228,227707200.0,272247200.0,-2.990009979515731,1.076716331809176,50.25539615978812,-1007.553982300885,1.1310653136036477,1.1310653136036477,1.2873242766558068,-31.41193031037268,60.08545574928272,-1204.633628318584,-0.0836117610686003,-0.0009925026525292,0.8400812632561928,0.3627834144876552,-5.139033114110996,3.448480537637046,-1.9468687796662072,-0.2379851882977047,0.0,0.0,0.2432819659263392,0.0,0.238514339646925,1.049878613992496,0.0224935337592146,1.1751482213438735,0.00510206494139,,-0.0324920480384357,-0.0536314391389223,-0.4691972849343367,199654000.0,90128000.0,16327000.0,373858000.0,97100500.0,52763000.0,64871000.0,35.51349281029681,24.97261907518466,34.57186190288744,2.5342480527261837,3.603947176266872,2.60327315470629,-0.0945703627540097,0.0501380720504226,2010-07-22,-0.14,amc,246750000.0,2025-04-25,2010-06-30,-0.1428571428571429,3.4203968253968258,263288.5873015873
2010-03-31,BLDR,USD,1316835,2010-04-29,2010-04-29 17:28:50,2010,Q1,161373000.0,131942000.0,29431000.0,0.1823787127,0,49445000.0,0.0,49445000.0,0.0,49445000.0,181387000.0,0.0,11325000.0,3768000.0,-16251000.0,-0.1007045788,-20019000.0,-0.1240542098,-11325000.0,-31344000.0,-0.194233236,-144000.0,-31386000.0,-0.1944935026,-0.38,-0.38,81849000,81849000,https://www.sec.gov/Archives/edgar/data/1316835/000095012310040799/0000950123-10-040799-index.htm,https://www.sec.gov/Archives/edgar/data/1316835/000095012310040799/d72599e10vq.htm,1.971594032914269,-0.3834622292269912,-0.3285440261945778,-0.3512443646226588,1.5249667069848134,2.670979486615597,1.3124656379430415,2.670979486615597,2.2048284035235617,257824350.0,302145350.0,-2.0536572835021984,1.597691993084345,-9.587756126585102,-8.968115412710008,1.1793426403253178,1.1793426403253178,1.8723414077943643,-18.592415851332227,-11.23592837752408,-10.50976903544471,-0.1217340410244416,-0.1115061474992567,0.7736726787029371,0.3444078371323035,-2.727278321334072,3.6389324215225343,-1.767682119205298,0.8567832791690563,0.0,0.0,0.3064019383663934,0.0,0.2264171305930792,-0.0690937488379011,0.011513698078365,0.4930997876857749,0.0064508932721087,,-0.0489705054236292,-0.0826153906897777,-0.4020666104656135,222272000.0,107424000.0,34019000.0,395660000.0,85737000.0,48581500.0,55703000.0,61.76739603279359,39.28521623137439,43.235360991951005,1.4570793943169813,2.290938134842776,2.081629433295469,-0.1435661453592355,0.0227003384280809,2010-04-22,-0.19,amc,146028571.0,2025-04-25,2010-03-31,0.1052631578947368,3.23655737704918,309109.0
2009-12-31,BLDR,USD,1316835,2010-03-04,2010-03-04 17:14:28,2009,Q4,153963000.0,123672000.0,30291000.0,0.1967420744,0,49745000.0,0.0,49745000.0,0.0,49745000.0,173417000.0,0.0,7487000.0,4033000.0,-15431000.0,-0.1002253788,-19464000.0,-0.126419984,-7487000.0,-26951000.0,-0.1750485506,-33181000.0,6574000.0,0.0426985704,0.08,0.08,81849000,81849000,https://www.sec.gov/Archives/edgar/data/1316835/000095012310021074/0000950123-10-021074-index.htm,https://www.sec.gov/Archives/edgar/data/1316835/000095012310021074/d71342e10vk.htm,1.8810614668474872,0.0803186355361702,-0.152488118364305,-0.1540397561362997,1.0274774279465846,0.5735806179672324,-0.8185072511576195,0.5735806179672324,3.746777602658554,314300160.0,529385160.0,11.952394280498936,2.04140059624715,-25.182289880618537,-24.928629441624366,6.694786887341044,6.694786887341044,3.438392081214318,-34.306600997991055,-42.41528403172823,-41.98803616751269,0.0209163113375443,-0.0401145198271613,6.372782073401921,0.6878544939544914,-13.93850042122999,3.5065435286908566,-2.5997061573393885,-1.898539701855796,0.0,0.0,0.3230971077466664,0.0,0.2619628417913742,-0.0101754667093982,0.0008248735085702,0.0314902058021324,0.0022083227788494,1.0181145729313732,0.0122778140464798,0.0204791128002242,-2.8632329044948626,171801000.0,-66994000.0,-147662000.0,349767000.0,71622500.0,43058500.0,51405000.0,35.495995791196584,28.796332233650304,34.94711818358238,2.5354972580406105,3.1253980288097045,2.575319645162634,0.1400302468741346,0.0015516377719947,2010-02-18,-0.42,amc,174810810.0,2025-04-25,2009-12-31,-0.119047619047619,4.23421875,139150.1875
2009-09-30,BLDR,USD,1316835,2009-10-28,2009-10-27 21:52:31,2009,Q3,188865000.0,149473000.0,39392000.0,0.2085722606,0,49260000.0,0.0,49260000.0,0.0,49260000.0,198733000.0,0.0,5930000.0,4359000.0,-5550000.0,-0.0293860694,-9909000.0,-0.0524660472,-5930000.0,-15839000.0,-0.0838641358,110000.0,-15246000.0,-0.0807243269,-0.39,-0.39,39179000,39179000,https://www.sec.gov/Archives/edgar/data/1316835/000095012309053847/0000950123-09-053847-index.htm,https://www.sec.gov/Archives/edgar/data/1316835/000095012309053847/d69779e10vq.htm,4.8205671405599935,-0.3891370376987672,-0.4045789836391945,-0.4056509864978687,2.4583833175936087,0.944791852778274,-1.8932846678067328,0.944791852778274,7.7879476250031905,170820440.0,373697440.0,-2.801069788797062,0.9044578932041404,-10.776634912623807,-10.74815579185805,4.614773071104388,4.614773071104388,1.978648452598417,-67.33287207207208,-23.57563813008643,-23.51333543069276,-0.0892516141510933,-0.0930392170866671,8.082829046898638,0.6873109110498011,-36.55441441441442,3.1940931055425,-1.6709949409780775,1.0396825396825398,0.0,0.0,0.2608212215074259,0.0,0.2554334717018408,-0.0026496750993628,0.0002223810658406,0.0096352374397797,0.0028591851322373,,-0.0277457533716457,-0.0470384242775779,-5.428737333775747,166185000.0,-74177000.0,-156368000.0,345262000.0,82920500.0,48941500.0,56478500.0,39.32427924708125,28.026667023475813,32.9887003003887,2.288662417294782,3.2112273615915097,2.728206906621888,-0.4118759455370651,0.0010720028586742,2009-10-22,-0.33,amc,230877777.0,2025-04-25,2009-09-30,-0.1818181818181818,5.36875,167135.296875
2009-06-30,BLDR,USD,1316835,2009-07-31,2009-07-30 20:03:29,2009,Q2,175482000.0,136309000.0,39173000.0,0.2232308727,0,50336000.0,0.0,50336000.0,0.0,50336000.0,186645000.0,0.0,6092000.0,4618000.0,-7553000.0,-0.0430414515,-12328000.0,-0.0702522196,-6092000.0,-18420000.0,-0.1049680309,134000.0,-22604000.0,-0.1288109322,-0.58,-0.58,39135000,39135000,https://www.sec.gov/Archives/edgar/data/1316835/000095012309027888/0000950123-09-027888-index.htm,https://www.sec.gov/Archives/edgar/data/1316835/000095012309027888/d68567e10vq.htm,4.484016864699118,-0.5775903922320174,0.7434010476555513,0.7366551680081769,2.865107959626932,1.3326689663983646,-1.5085984412929605,1.3326689663983646,7.801124313274563,162801600.0,349880600.0,-1.8005839674393913,0.9277395972236469,5.595902794486647,5.647146970064865,3.121555393641907,3.121555393641907,1.9938261474111303,-46.323394677611546,12.02628123603616,12.136411252558188,-0.1388438442865426,0.1770805692327348,5.736952103386126,0.6544405851370978,-24.76883357606249,3.184304458065628,-2.0236375574523966,-1.287073084409839,0.0,0.0,0.2868442347363262,0.0,0.2432085425816724,0.0090743477812532,0.0015044278045611,0.0571676050238198,0.0031000330518229,,-0.0330264540708341,-0.0653296685828571,-5.144710617094672,177466000.0,-59039000.0,-146326000.0,360704000.0,97777500.0,47285000.0,61002000.0,42.732075084624064,33.8953407331871,38.4069283759693,2.106146257156231,2.655232195730092,2.343327201774141,-0.4334087510066342,0.0067458796473744,2009-07-23,-0.46,amc,260419354.0,2025-04-25,2009-06-30,-0.3260869565217392,3.282063492063492,138792.49206349207
2009-03-31,BLDR,USD,1316835,2009-04-29,2009-04-29 16:37:07,2009,Q1,163799000.0,129626000.0,34173000.0,0.2086276473,0,54398000.0,0.0,54398000.0,0.0,54398000.0,184024000.0,0.0,7541000.0,4905000.0,-15320000.0,-0.0935292645,-20785000.0,-0.1268933266,-5717000.0,-28326000.0,-0.1729314587,2114000.0,-30578000.0,-0.1866800164,-0.78,-0.78,39025000,39025000,https://www.sec.gov/Archives/edgar/data/1316835/000095013409008764/0000950134-09-008764-index.htm,https://www.sec.gov/Archives/edgar/data/1316835/000095013409008764/d67448e10vq.htm,4.197283792440743,-0.7835490070467649,-0.0828955797565663,-0.12568866111467,2.62780269058296,1.873798846893017,-0.9754772581678413,1.873798846893017,8.37301729660474,78830500.0,295496500.0,-0.6445034011380731,0.4812636218780334,-24.368006182380217,-16.07145769622834,1.0780239316239315,1.0780239316239315,1.80401895005464,-19.288283289817237,-91.3435857805255,-60.243934760448525,-0.3878955480429529,-0.0622221094627079,4.365347008547008,0.6516633731279907,-14.142689295039164,3.977064476477819,-2.756265747248376,0.1057950160245928,0.0,0.0,0.3321021495857728,0.0,0.226994904541817,-0.5162287480680062,0.0101954224384764,0.3404689092762487,0.0087729473317907,,-0.0533974506833287,-0.0807542485904055,-5.075682254964766,213134000.0,-38068000.0,-131997000.0,401540000.0,98610000.0,39324000.0,66351500.0,61.66850835475186,30.01758906392236,44.32096955857621,1.4594158736947147,2.99824212425406,2.0306414976110285,-0.4181606837606837,0.0427930813581037,2009-04-23,-0.54,bmo,187356521.0,2025-04-25,2009-03-31,-0.1481481481481481,1.7191803278688524,84818.98360655738
2008-12-31,BLDR,USD,1316835,2009-03-02,2009-02-27 19:28:55,2008,Q4,168428000.0,132478000.0,35950000.0,0.2134443204,0,52171000.0,0.0,52171000.0,0.0,42745000.0,175223000.0,0.0,25664000.0,4847000.0,-53001000.0,-0.3146804569,-57848000.0,-0.3434583323,-6756000.0,-64604000.0,-0.3835704277,-13429000.0,-58879000.0,-0.3495796423,-1.52,-1.51,38784022,39076343,https://www.sec.gov/Archives/edgar/data/1316835/000095013409004066/0000950134-09-004066-index.htm,https://www.sec.gov/Archives/edgar/data/1316835/000095013409004066/d66600e10vk.htm,4.342716183484013,-1.5181251702054006,-0.1439252483922374,-0.1595502395290514,2.7560576363121907,2.6421705309469967,-0.3289756797270793,2.6421705309469967,8.89257952669272,59339553.66,271674553.66,-0.2519555090100036,0.3523140669009904,-10.630518391257612,-9.58945598901099,0.5790693606183032,0.5790693606183032,1.6130011260598005,-5.125838260787533,-48.6697516409889,-43.90345081771171,-0.9922386733368632,-0.1042812023065695,3.115190194585944,0.6125532486471965,-4.006245165185563,4.240389340905368,-2.2540523690773067,0.094804599262895,0.0,0.0,0.3097525352079227,0.0,0.221117166212534,-0.1085632389824435,0.0035979765834659,0.1250257891479265,0.0503419858930819,,-0.1022997805552993,-0.1450553944622783,-5.507499969961857,237365000.0,-12759000.0,-108049000.0,432972000.0,118241000.0,53014000.0,80081000.0,45.411451777614175,24.058787119370763,46.786032397832095,1.9818789419184788,3.740836957135596,1.9236510425742,-0.5745750141499307,0.015624991136814,2009-02-19,-0.58,bmo,215157692.0,2025-04-25,2008-12-31,-0.1034482758620688,2.68484375,84926.671875
2008-09-30,BLDR,USD,1316835,2008-10-30,2008-10-30 17:00:39,2008,Q3,288324000.0,227793000.0,60531000.0,0.2099408998,0,79707000.0,0.0,79707000.0,0.0,79707000.0,307500000.0,0.0,6144000.0,3836000.0,-15340000.0,-0.0532040344,-19176000.0,-0.0665085113,-6144000.0,-25320000.0,-0.0878178716,-6464000.0,-18856000.0,-0.0653986487,-0.48,-0.48,38953008,38953008,https://www.sec.gov/Archives/edgar/data/1316835/000095013408018800/0000950134-08-018800-index.htm,https://www.sec.gov/Archives/edgar/data/1316835/000095013408018800/d64829e10vq.htm,7.401841726831468,-0.4840704471397947,-0.1118013787279277,-0.1407850197345478,3.3684176585284504,4.320770298406736,0.5258900673344662,4.320770298406736,8.866606655896767,233328517.92,441355517.92,-3.093557991090369,0.8092580496940942,-53.57715681285878,-42.547140393873086,1.3863268783829552,1.3863268783829552,1.5307623296014208,-28.77154614863103,-101.3445506130884,-80.48058313639679,-0.08081309635055,-0.0235033421927458,2.015584616207288,0.5299932195763641,-13.561082138200783,3.4682985517472207,-3.12109375,0.2309609673313534,0.0,0.0,0.2764494110792025,0.0,0.2309437287330606,-0.2592422502870264,0.0039157336884893,0.2943169968717414,0.0,,-0.0269660437253536,-0.0383052720535656,-4.654082169982868,272863000.0,20485000.0,-88361000.0,506045000.0,158344500.0,76030500.0,95822500.0,47.28992383568485,27.89927697514849,36.06985289275789,1.90315383701435,3.225890050131702,2.4951584989155915,-0.112033367596119,0.02898364100662,2008-10-23,-0.41,bmo,294756756.0,2025-04-25,2008-09-30,-0.097560975609756,5.12296875,95471.828125
2008-06-30,BLDR,USD,1316835,2008-07-31,2008-07-31 17:15:25,2008,Q2,307261000.0,240991000.0,66270000.0,0.2156798292,0,80837000.0,0.0,80837000.0,0.0,95072000.0,336063000.0,0.0,6294000.0,6258000.0,-22544000.0,-0.0733708476,-28802000.0,-0.0937378971,-6294000.0,-35096000.0,-0.1142221108,10817000.0,-45913000.0,-0.1494267089,-1.18,-1.18,38927905,38927905,https://www.sec.gov/Archives/edgar/data/1316835/000095013408013816/0000950134-08-013816-index.htm,https://www.sec.gov/Archives/edgar/data/1316835/000095013408013816/d58890e10vq.htm,7.89307824297249,-1.1794367048522134,-0.0732379510276753,-0.2071264816331626,1.931570681751304,4.77431292539375,0.9709230435082494,4.77431292539375,7.335123737072417,206707175.55,410762175.5499999,-1.1255372963539736,0.6727413357048242,-72.50339373903894,-25.63650943197321,1.1122019195174706,1.1122019195174706,1.336851001428753,-18.22046555846345,-144.07652597334268,-50.94408725660424,-0.2221161402734865,-0.0390068703640607,1.5025073444746953,0.4584478439175589,-9.0514105748758,2.774817333835949,-4.576104226247219,0.0620957027421427,0.0,0.0,0.2630890350548882,0.0,0.2430710835738466,-1.8281304805331464,0.0169627775734636,0.8328539469479067,0.0,,-0.0777730846169976,-0.09958226332593,-4.469782023974832,221286000.0,37796000.0,-77293000.0,458865000.0,158526500.0,76359500.0,98035000.0,48.38619284582163,30.417028021793342,37.476876729836384,1.860034747655744,2.958868957727111,2.4014808023836336,-0.2470379975679834,0.1338885306054872,2008-07-31,-0.35,bmo,267040540.0,2025-04-25,2008-06-30,0.0571428571428572,6.9425,123184.125
2008-03-31,BLDR,USD,1316835,2008-05-01,2008-05-01 16:21:18,2008,Q1,270511000.0,210110000.0,60401000.0,0.2232848202,0,79571000.0,0.0,79571000.0,0.0,79571000.0,289681000.0,0.0,2400.0,6633000.0,-12537000.0,-0.04634562,-19170000.0,-0.0708658798,-6470000.0,-25640000.0,-0.0947835763,-9794000.0,-15846000.0,-0.0585780246,-0.41,-0.41,38703065,38703065,https://www.sec.gov/Archives/edgar/data/1316835/000095013408008182/0000950134-08-008182-index.htm,https://www.sec.gov/Archives/edgar/data/1316835/000095013408008182/d56269e10vq.htm,6.989394767572025,-0.4094249383091494,-0.4157035108201379,-0.447897343530803,2.114173644903834,5.838245627316597,1.8182022534907765,5.838245627316597,7.215433713066394,280984251.9,478416251.9,-4.433047013441878,1.0387165472014075,-17.46437018459817,-16.209071352754542,1.243524247426513,1.243524247426513,1.7685648712991338,-38.16034552923347,-29.73561140530797,-27.598283928468412,-0.0563946196018112,-0.0616938489711849,1.2358801193142088,0.4452127082921479,-15.747946079604372,3.2925082099896734,-7987.5,1.01533510034078,0.0,0.0,0.2941506999715353,0.0,0.2480502005599097,-0.0774442165454658,0.0046060973490911,0.1878486356098296,0.0077889623712159,,-0.0227925271872223,-0.0335965194972607,-4.0747418841376,246424000.0,70370000.0,-47371000.0,493821000.0,150672000.0,68541500.0,95378500.0,50.52504334389359,30.529151396887347,41.000951882347344,1.78129485980693,2.94800202042878,2.1950709890408384,-0.0701280768992467,0.0321938327106651,2008-04-24,-0.3,bmo,167200000.0,2025-04-25,2008-03-31,0.5000000000000001,6.821639344262295,235438.75409836063
2007-12-31,BLDR,USD,1316835,2008-03-05,2008-03-05 13:00:48,2007,Q4,302262000.0,232763000.0,69499000.0,0.2299296637,0,85391000.0,0.0,85391000.0,0.0,94087000.0,326850000.0,0.0,27727000.0,8997000.0,-15591000.0,-0.0515810787,-24588000.0,-0.0813466463,-7882000.0,-32470000.0,-0.1074233612,-12103000.0,-20367000.0,-0.0673819402,-0.53,-0.53,38269759,38703065,https://www.sec.gov/Archives/edgar/data/1316835/000095013408004136/0000950134-08-004136-index.htm,https://www.sec.gov/Archives/edgar/data/1316835/000095013408004136/d54408e10vk.htm,7.898194498690206,-0.5321956691705323,0.3075535437785223,0.2395625224606196,2.549637169128763,6.31169378411816,1.9699888886156824,6.31169378411816,8.021816912931174,276307659.98,457999659.98,-3.3916097115431825,0.9141329706678312,23.47558708411215,30.13827006762653,1.1439084732163929,1.1439084732163929,1.5152406189994112,-29.37590019754987,38.91246049107902,49.95633289485166,-0.0737113115194643,0.033180404772939,1.1561559448057728,0.4313501373908557,-11.653646334423708,3.249698176723036,-0.8867890503841022,-0.5778956154563755,0.0,0.0,0.282506567150353,0.0,0.2566421026129748,0.2210705182667799,0.0086084258027803,0.2892075136156496,0.0234002289404556,,-0.0288827212158621,-0.0423195440368859,-3.884829794721205,255289000.0,75391000.0,-37110000.0,517803000.0,169915500.0,84518500.0,103373000.0,44.50900212398516,25.446441229920563,36.74733527235858,2.0220628570664028,3.5368403458388413,2.44915717923357,-0.0843189938190083,0.0679910213179027,2008-02-20,-0.33,bmo,252015789.0,2025-04-25,2007-12-31,0.1515151515151514,8.22390625,344732.140625
2007-09-30,BLDR,USD,1316835,2007-11-01,2007-11-01 13:27:06,2007,Q3,413917000.0,314294000.0,99623000.0,0.2406835187,0,93197000.0,0.0,93197000.0,0.0,112061000.0,426355000.0,0.0,6550000.0,6604000.0,-5834000.0,-0.0140946132,-12438000.0,-0.0300495027,-6550000.0,-18988000.0,-0.0458739312,-6976000.0,-12012000.0,-0.0290203108,-0.31,-0.31,38207543,38207543,https://www.sec.gov/Archives/edgar/data/1316835/000095013407022512/0000950134-07-022512-index.htm,https://www.sec.gov/Archives/edgar/data/1316835/000095013407022512/d50994e10vq.htm,10.833384392186645,-0.3143881824591547,0.1616173015888511,0.1219654454095622,3.465572230069858,6.825406176994946,2.605087691715743,6.825406176994946,8.517140188784188,413023539.83,599481539.83,-8.596061018772895,0.9978414508947449,66.88640321133603,88.63166090772533,1.583788527697464,1.583788527697464,1.448313405417028,-102.75652036852932,97.0820307417004,128.64410725965666,-0.0290830881090799,0.0112826498991269,1.2227416002638218,0.4238577060808026,-31.96057593417895,2.978392471637316,-1.8989312977099235,-0.5140692640692641,0.0,0.0,0.2251586670757664,0.0,0.2143394541022089,0.2453441295546558,0.0036601540888632,0.2294064203513022,0.0,,-0.0131877703365152,-0.0203230161711112,-4.200564532506055,308833000.0,99534000.0,-26584000.0,574924000.0,195129000.0,116223000.0,118406500.0,41.38851508877384,29.5593934341731,31.98826576390259,2.174516283248139,3.0447174161548447,2.813531707666416,-0.0460614612971754,0.0396518561792889,2007-10-25,0.25,bmo,1209232024.0,2025-04-25,2007-09-30,-2.25756,13.686349206349206,261677.68253968252
2007-06-30,BLDR,USD,1316835,2007-08-02,2007-08-02 16:35:33,2007,Q2,465140000.0,348507000.0,116633000.0,0.2507481618,0,99563000.0,0.0,99563000.0,0.0,99563000.0,448070000.0,0.0,1400.0,6701000.0,17070000.0,0.0366986284,17070000.0,0.0366986284,-6583000.0,10487000.0,0.0225459002,2092000.0,8395000.0,0.0180483295,0.22,0.21,38103855,39676644,https://www.sec.gov/Archives/edgar/data/1316835/000095013407016617/0000950134-07-016617-index.htm,https://www.sec.gov/Archives/edgar/data/1316835/000095013407016617/d48534e10vq.htm,12.20716381583963,0.2203189152383663,0.835610990016627,0.7473522036024964,3.7923984331769054,7.109490627654341,2.54945332959093,7.109490627654341,8.371368198834475,611566872.75,786041872.75,18.21223563877308,1.3148017215247023,19.20750228486181,21.475818125153637,2.2575457006116677,2.2575457006116677,1.6899038413165928,46.04814720269479,24.687244747173366,27.60269244478,0.0137270352173436,0.0465640002244546,1.1774868124282485,0.3981541464924664,10.2211482132396,2.703524492556052,12192.857142857143,3.792733770101251,0.0,0.0,0.2140495334737928,0.0,0.2168827942936814,0.1056218592964824,0.0072300812658554,0.5018653932248918,0.0,5.936580953469604,0.0221829561815794,0.0133807890441701,-4.547013681424097,316152000.0,97144000.0,-28509000.0,593974000.0,197051000.0,118457500.0,122110500.0,38.68041879864127,33.37034837176871,32.307672442734294,2.326758675197215,2.697005107568488,2.785715998561209,0.0309894093370592,0.0882587864141305,2007-07-26,0.23,bmo,465100000.0,2025-04-25,2007-06-30,0.0,16.490952380952383,223513.47619047615
2007-03-31,BLDR,USD,1316835,2007-05-03,2007-05-03 13:59:24,2007,Q1,411143000.0,306592000.0,104551000.0,0.2542935183,0,97470000.0,0.0,97470000.0,0.0,97470000.0,404062000.0,0.0,0.0,6727000.0,7081000.0,0.0172227181,7081000.0,0.0172227181,-6712000.0,369000.0,0.000897498,137000.0,232000.0,0.0005642806,0.0092,0.0092,37800430,39517292,https://www.sec.gov/Archives/edgar/data/1316835/000095013407010074/0000950134-07-010074-index.htm,https://www.sec.gov/Archives/edgar/data/1316835/000095013407010074/d46084e10vq.htm,10.876675212424832,0.0061374963194863,0.5743850003822708,0.5063169916321058,3.032134819630359,6.855186567983486,2.2571700903931515,6.855186567983486,8.441438364590033,607452910.1,811926910.1,654.5828772629311,1.4774735556728438,27.97775009672071,31.739009880349027,2.344210451551158,2.344210451551158,1.9748041681361472,114.66274680129924,37.39530720799558,42.42264016406291,0.0003819226085554,0.0315069689876854,1.2313944020159844,0.4216338924462932,28.87642988278492,2.9601297252148493,0.0,93.58620689655172,0.0,0.0,0.2370708001838776,0.0,0.2296622330515305,0.118505895357406,0.0062581632181503,0.3824884792626728,0.0,0.9729634383849116,0.0073710009107905,0.0003979505546435,-4.704873727626908,300384000.0,85322000.0,-44034000.0,580737000.0,195425500.0,96319500.0,120565500.0,42.509224284494685,31.613838586786347,34.96647009706711,2.1171875402305957,2.846854542922141,2.5738943550824405,0.0008953069706594,0.068068008750165,2007-04-25,0.14,bmo,5755400000.0,2025-04-25,2007-03-31,-0.9580714285714288,17.70983606557377,204379.77049180327
2006-12-31,BLDR,USD,1316835,2007-03-12,2007-03-12 12:55:02,2006,Q4,438579000.0,324445000.0,114134000.0,0.2602358982,0,99391000.0,0.0,99391000.0,0.0,99391000.0,423836000.0,0.0,28718000.0,6694000.0,21437000.0,0.0488783093,14743000.0,0.0336153806,-6925000.0,7818000.0,0.0178257509,3941000.0,3877000.0,0.0088399125,0.1,0.1,37800430,39517292,https://www.sec.gov/Archives/edgar/data/1316835/000095013407005357/0000950134-07-005357-index.htm,https://www.sec.gov/Archives/edgar/data/1316835/000095013407005357/d43878e10vk.htm,11.602487061655118,0.1025649708217605,1.0166021920914656,0.881815365592402,2.4671147920804075,6.79526661469195,1.9894747229065912,6.79526661469195,9.204075191737235,673981666.9,899923666.9,43.46025708666494,1.5367394857026897,17.538817187987924,20.219652203522035,2.623885273529961,2.623885273529961,2.0519077906146896,41.97992568456407,23.41843621578016,26.997979986799866,0.0057523819866382,0.049456834862165,1.2426809517877164,0.4264443598324683,10.539814339693054,3.0426078844625644,0.5133714046939202,9.911787464534434,0.0,0.0,0.2266205176262429,0.0,0.2426952031689411,0.13258561465598,0.0116170632884839,0.7611293695847027,0.0094099352682184,3.95998955129861,0.0120997136160198,0.0068395036464415,-5.023540737499547,295596000.0,75203000.0,-51340000.0,587034000.0,216039500.0,101664500.0,133019500.0,40.3558309905399,23.563192528779915,33.84656875587542,2.2301609901453285,3.819516387266906,2.659058312502561,0.0150935903824592,0.1347868264990636,2007-02-22,0.32,bmo,1275927272.0,2025-04-25,2006-12-31,-0.65625,16.63841111111111,203352.9841269841
2006-09-30,BLDR,USD,1316835,2006-11-02,2006-11-02 17:01:59,2006,Q3,569895000.0,418100000.0,151795000.0,0.2663560831,0,110562000.0,0.0,110562000.0,0.0,117325000.0,535425000.0,0.0,7292000.0,6457000.0,34470000.0,0.0604848262,34470000.0,0.0604848262,-7292000.0,27178000.0,0.0476894867,9862000.0,17316000.0,0.0303845445,0.47,0.44,37165202,39312098,https://www.sec.gov/Archives/edgar/data/1316835/000095013406020325/0000950134-06-020325-index.htm,https://www.sec.gov/Archives/edgar/data/1316835/000095013406020325/d40752e10vq.htm,15.334102045241137,0.4659197062886944,1.1861902432280604,1.0159503505456529,1.77141509953316,6.708641056222431,2.222670550801796,6.708641056222431,8.787844069837156,566026026.46,819501026.46,8.17200892902518,0.993211076531642,12.839424440512646,14.990890048731396,2.2702064206988384,2.2702064206988384,1.437985991208907,23.774326268059184,18.589112543041853,21.704036931511205,0.0305922328488965,0.0667071799439036,1.280682474491433,0.4113377785106251,7.3534957934435745,2.5320465257797444,4.727098189797037,2.545911295911296,0.0,0.0,0.1940041586608059,0.0,0.2147726570068223,0.1435182034705682,0.0111020451135735,0.9798668112126374,0.0,8.386178008276907,0.0372630946206874,0.0284078418505454,-5.718554953636469,287009000.0,82606000.0,-52598000.0,564067000.0,252636000.0,133428500.0,153064000.0,37.17858552891322,25.483496771107387,31.00253527864147,2.42074836144609,3.5316974278836,2.902988390823752,0.0694506834370788,0.1702398926824075,2006-10-26,0.72,bmo,683880000.0,2025-04-25,2006-09-30,-0.1666666666666666,16.7965873015873,232434.92063492065
2006-06-30,BLDR,USD,1316835,2006-08-03,2006-08-03 12:44:47,2006,Q2,642353000.0,472092000.0,170261000.0,0.2650583091,0,117789000.0,0.0,117789000.0,0.0,117789000.0,589881000.0,0.0,0.0,6030000.0,52472000.0,0.081687172,52472000.0,0.081687172,-7325000.0,45147000.0,0.0702837848,16765000.0,28382000.0,0.0441844282,0.77,0.72,36877057,39381951,https://www.sec.gov/Archives/edgar/data/1316835/000095013406014671/0000950134-06-014671-index.htm,https://www.sec.gov/Archives/edgar/data/1316835/000095013406014671/d38278e10vq.htm,17.418770700709658,0.7696384231529105,0.6919749588477193,0.4295082441096099,0.6981847819363677,6.2418484208216505,1.326597184802464,6.2418484208216505,8.65901527879516,750816880.52,1044388880.52,6.613495177577337,1.168854010987728,29.423030038404264,47.40304820506345,3.261854282151872,3.261854282151872,1.6258799764615406,19.90373686003964,40.92753666118034,65.93780418713303,0.0378014942609484,0.0210956897892735,1.387251771432047,0.3993898816410408,5.594831529196524,2.1442050174301697,0.0,0.8990909731519977,0.0,0.0,0.1833711370539252,0.0,0.2267118772959174,0.3793008856493455,0.0150680389131832,1.6051409618573798,0.0,10.396597686917334,0.0576603614164855,0.0459064757859595,-7.0544878350785964,260611000.0,48921000.0,-80959000.0,551505000.0,262804500.0,150415500.0,161491000.0,37.8087904937005,28.30482194148598,30.90363742660329,2.3803988126781075,3.1796702408534943,2.912278537235355,0.1233029659268141,0.2624667147381094,2006-07-27,0.75,bmo,609873417.0,2025-04-25,2006-06-30,0.0533333333333333,21.246984126984128,232958.9047619048
2006-03-31,BLDR,USD,1316835,2006-05-04,2006-05-04 10:01:26,2006,Q1,588627000.0,438262000.0,150365000.0,0.2554503956,0,112202000.0,0.0,112202000.0,0.0,112202000.0,550464000.0,0.0,0.0,5788000.0,38163000.0,0.0648339271,38163000.0,0.0648339271,-7176000.0,30987000.0,0.0526428451,11669000.0,19318000.0,0.032818746,0.53,0.49,36132683,39277171,https://www.sec.gov/Archives/edgar/data/1316835/000095013406008719/0000950134-06-008719-index.htm,https://www.sec.gov/Archives/edgar/data/1316835/000095013406008719/d35551e10vq.htm,16.290708331844606,0.5346406188546807,0.105610756887331,-0.0629623878193601,0.901759772447565,5.4221824601289645,0.9102008837815893,5.4221824601289645,8.83762216052431,820573230.9300001,1107317230.93,10.619282934698209,1.3940461972182725,215.0349137657233,-360.6915300791209,4.188350386028849,4.188350386028849,1.881186610417123,29.015466051673087,290.1774714177149,-486.7328487604396,0.0235420792098054,-0.0027724521276688,1.6299012852315764,0.4224337960794896,7.513665068259833,2.168009564424737,0.0,0.1975359768091935,0.0,0.0,0.1906164684936301,0.0,0.2156703998560698,1.596174004192872,0.0103478093937247,1.0523496890117483,0.0011008669327095,8.076241525957032,0.044234789401004,0.0325826626097164,-7.061847579931997,254987000.0,32888000.0,-86708000.0,517855000.0,246726500.0,140178500.0,155137500.0,39.10493402443313,31.28792822558196,33.0373612131556,2.3014998553319934,2.8765087720449727,2.724188515521078,0.0986024765463101,0.1685731447066911,2006-04-26,0.37,bmo,403299999.0,2025-04-25,2006-03-31,0.4594594594594596,23.653548387096773,124061.35483870968
2005-12-31,BLDR,USD,1316835,2006-03-13,2006-03-13 17:22:07,2005,Q4,565851000.0,419707000.0,146144000.0,0.2582729376,0,108583000.0,0.0,108583000.0,0.0,108583000.0,528290000.0,0.0,47227000.0,6072000.0,43633000.0,0.0771104054,37561000.0,0.0663796653,-7583000.0,29978000.0,0.052978611,10479000.0,19499000.0,0.0344596016,0.54,0.5,36132683,39277171,https://www.sec.gov/Archives/edgar/data/1316835/000095013406004905/0000950134-06-004905-index.htm,https://www.sec.gov/Archives/edgar/data/1316835/000095013406004905/d33711e10vk.htm,15.6603648835045,0.5396499341053639,0.7819790188290197,0.5845400409374527,0.8506426162707043,4.7362937316334905,0.2243121552861159,4.7362937316334905,10.024912902260814,772155435.71,1056419435.71,9.899936351992409,1.3645914484731847,27.328098945673336,36.55865895128072,4.51196678476057,4.51196678476057,1.8669569121729923,24.21147836981184,37.38876077543798,50.01749139292647,0.0252526876043689,0.0273533009329645,1.8406521167499343,0.4348384264646808,6.514885522425687,2.090881174647568,0.7953289431892773,1.449048669162521,0.0,0.0,0.1918932722571843,0.0,0.2250530433858314,0.2524862856131658,0.0126075592337912,1.174901185770751,0.0001290092268105,7.583446677075166,0.047639531203469,0.0347342338571049,-7.460454846378277,230909000.0,8105000.0,-110691000.0,493801000.0,259239500.0,144510000.0,148623000.0,37.8059771918756,27.447290609877843,32.03599177521461,2.380575948168872,3.2790121720651886,2.8093402143282664,0.1139392876968475,0.197438977891567,2006-02-23,0.48,bmo,485057142.0,2025-04-25,2005-12-31,0.1666666666666668,20.13523809523809,198939.68253968252
2005-09-30,BLDR,USD,1316835,2005-11-02,2005-11-02 14:42:19,2005,Q3,643964000.0,474019000.0,169945000.0,0.263904504,0,115974000.0,0.0,115974000.0,0.0,115974000.0,589993000.0,0.0,8137000.0,5989000.0,53971000.0,0.0838105857,53971000.0,0.0838105857,-8137000.0,45834000.0,0.0711747862,18006000.0,27828000.0,0.0432135958,0.78,0.73,35646985,38199903,https://www.sec.gov/Archives/edgar/data/1316835/000095012305012962/0000950123-05-012962-index.htm,https://www.sec.gov/Archives/edgar/data/1316835/000095012305012962/y13890e10vq.htm,18.065034111580545,0.7806550820497161,1.8320483485489727,1.6271782873081693,0.9528155045931654,4.192977330340841,-0.3804809859795997,4.192977330340841,9.766239697410594,795997175.05,1102032175.05,7.151045485212735,1.23608955632613,12.188542959407108,13.723142801358524,5.325571363913104,5.325571363913104,1.711325749653707,20.41896898426933,16.874640927465663,18.99924444952072,0.0349599230653701,0.0728696053429543,2.274749610281868,0.4438004986229131,5.670360008152526,1.9384206626779583,6.632788496989062,2.3468089693833547,0.0,0.0,0.1800939182935692,0.0,0.2128023390896868,0.1118256848423599,0.0113406960637551,1.219402237435298,0.0,8.581873565348138,0.0635991085026288,0.0461431319227963,-8.364396035176608,235583000.0,-13563000.0,-130018000.0,496307000.0,275475500.0,154266000.0,151418000.0,39.24219366299979,30.57257198551113,28.0714697090201,2.2934497692176192,2.943815130851685,3.206102171810428,0.1861815651615406,0.2048700612408034,2005-11-02,,amc,,2025-04-25,2005-09-30,,19.3470921875,267156.078125
2005-06-30,BLDR,USD,1316835,2005-08-04,2005-08-04 13:18:19,2005,Q2,618600000.0,463097000.0,155503000.0,0.2513789201,0,109532000.0,0.0,109532000.0,0.0,109532000.0,572629000.0,0.0,12303000.0,8561000.0,45971000.0,0.0743145813,45971000.0,0.0743145813,-12303000.0,33668000.0,0.0544261235,13507000.0,20161000.0,0.0325913353,0.71,0.66,28258913,30688496,https://www.sec.gov/Archives/edgar/data/1316835/000095012305009406/0000950123-05-009406-index.htm,https://www.sec.gov/Archives/edgar/data/1316835/000095012305009406/y11444e10vq.htm,21.890438602503924,0.7134386237715513,1.1359247965411834,0.7887422987572098,0.1400973915734126,4.232009914889508,-1.5371433430578167,4.232009914889508,13.351645903718945,457794390.6,818835390.5999999,5.676732188383513,0.7400491280310377,14.261507495327102,20.53902779846561,3.8279683473810953,3.8279683473810953,1.323691223084384,17.811998664375366,25.508890672897195,36.73719729911616,0.0440394212204661,0.0486877962195808,3.052043614957522,0.4985555547967191,7.853668617171695,2.005618175413878,3.73656831667073,1.592182927434155,0.0,0.0,0.1770643388296152,0.0,0.2226835947904359,0.3056386292834891,0.015860006466214,1.146010980025698,0.0,8.242195394007135,0.0545119382120154,0.0354270451689993,-11.622713513432029,228396000.0,-43438000.0,-157007000.0,485713000.0,260189500.0,138235500.0,153455500.0,39.30654704170709,28.667644143667527,30.12075223981153,2.289694892418393,3.1394278354009897,2.9879731848477613,0.1685815104689277,0.3471824977839735,2005-10-27,0.63,bmo,507150000.0,2025-04-25,2005-06-30,0.2698412698412699,15.665714285714284,1627955.857142857
2005-03-31,BLDR,USD,1316835,2005-03-31,2005-03-30 19:00:00,2005,Q1,509342000.0,388407000.0,120935000.0,0.2374337871,0,133266000.0,0.0,133266000.0,0.0,133266000.0,521673000.0,0.0,0.0,15077000.0,2746000.0,0.0053912695,-12331000.0,-0.0242096666,-19204000.0,-31535000.0,-0.0619132135,-12675000.0,-18860000.0,-0.0370281658,-0.69,-0.69,27447960,27447960,,,18.55664318951208,-0.6871184598053918,-0.3164169577629813,-0.5163225245154831,0.4415993028261481,-0.3335767029680894,-6.273180229058918,-0.3335767029680894,18.588084506098085,423796502.4,921880502.4,-5.617663075291622,0.8320470379430716,-48.796373333333335,-29.90378933107536,-46.28620602883355,-46.28620602883355,1.809944010900338,335.71759009468315,-106.14628697754748,-65.04942861981371,-0.0445024909200383,-0.0334405780126608,-55.72356924421145,0.7191455473176782,181.3852876911872,2.287128972944576,0.0,0.4604984093319194,0.4747231250391744,-10.667338282078472,0.2616434537108661,0.0,0.2297944915851492,-0.6317789291882556,0.0107727224536755,0.3639318166744047,0.0,,-0.0141452114153324,-0.0345149424445949,-16.135042458528794,245005000.0,-172186000.0,-283261000.0,496588000.0,,,,44.2121011029917,29.882288424256,35.20317604986522,2.035641775774144,3.01181752622886,2.556587504278455,2.059851463521188,0.1999055667525018,2005-03-30,,amc,,2025-04-25,2005-03-31,,,
