date,symbol,reportedCurrency,cik,fillingDate,acceptedDate,calendarYear,period,revenue,costOfRevenue,grossProfit,grossProfitRatio,researchAndDevelopmentExpenses,generalAndAdministrativeExpenses,sellingAndMarketingExpenses,sellingGeneralAndAdministrativeExpenses,otherExpenses,operatingExpenses,costAndExpenses,interestIncome,interestExpense,depreciationAndAmortization,ebitda,ebitdaratio,operatingIncome,operatingIncomeRatio,totalOtherIncomeExpensesNet,incomeBeforeTax,incomeBeforeTaxRatio,incomeTaxExpense,netIncome,netIncomeRatio,eps,epsdiluted,weightedAverageShsOut,weightedAverageShsOutDil,link,finalLink,revenuePerShare,netIncomePerShare,operatingCashFlowPerShare,freeCashFlowPerShare,cashPerShare,bookValuePerShare,tangibleBookValuePerShare,shareholdersEquityPerShare,interestDebtPerShare,marketCap,enterpriseValue,peRatio,priceToSalesRatio,pocfratio,pfcfRatio,pbRatio,ptbRatio,evToSales,enterpriseValueOverEBITDA,evToOperatingCashFlow,evToFreeCashFlow,earningsYield,freeCashFlowYield,debtToEquity,debtToAssets,netDebtToEBITDA,currentRatio,interestCoverage,incomeQuality,dividendYield,payoutRatio,salesGeneralAndAdministrativeToRevenue,researchAndDdevelopementToRevenue,intangiblesToTotalAssets,capexToOperatingCashFlow,capexToRevenue,capexToDepreciation,stockBasedCompensationToRevenue,grahamNumber,roic,returnOnTangibleAssets,grahamNetNet,workingCapital,tangibleAssetValue,netCurrentAssetValue,investedCapital,averageReceivables,averagePayables,averageInventory,daysSalesOutstanding,daysPayablesOutstanding,daysOfInventoryOnHand,receivablesTurnover,payablesTurnover,inventoryTurnover,roe,capexPerShare,report_date,epsEstimated,time,revenueEstimated,updatedFromDate,fiscalDateEnding,surprise(%),QuarterAvgPrice,QuarterAvgVolume
2025-03-31,BLK,USD,2012383,2025-04-11,2025-04-11 06:40:46,2025,Q1,5276000000.0,1858000000.0,3418000000.0,0.6478392722,0,8645000000.0,0.0,8645000000.0,0.0,8645000000.0,10503000000.0,0.0,-166000000.0,101000000.0,1698000000.0,0.3218347233,1698000000.0,0.3218347233,65000000.0,1763000000.0,0.3341546626,248000000.0,1770000000.0,0.3354814253,9.74,11.3,155000000,156600000,https://www.sec.gov/Archives/edgar/data/2012383/000095017025053022/0000950170-25-053022-index.htm,https://www.sec.gov/Archives/edgar/data/2012383/000095017025053022/blk-ex99_1.htm,34.038709677419355,11.419354838709678,,,,,,,,146704400000.0,,20.7209604519774,27.805989385898407,0.0,0.0,0.0,0.0,,,0.0,0.0,0.0120650778027107,,0.0,0.0,,0.0,-10.228915662650602,0.0,0.005504606542135,0.4562429378531073,1.63855193328279,0.0,0.0,0.0,,0.0,,,0.0,0.0,,,,,,,,,,,,0.0,0.0,0.0,0.0,,2025-04-11,10.08,bmo,5290455852.0,2025-05-12,2025-03-31,0.121031746031746,980.1183333333332,899593.4833333333
2024-12-31,BLK,USD,2012383,2025-02-25,2025-02-25 15:59:36,2024,Q4,5677000000.0,2881000000.0,2796000000.0,0.4925136516,0,494000000.0,92000000.0,586000000.0,135000000.0,721000000.0,3602000000.0,212000000.0,166000000.0,110000000.0,2195000000.0,0.3866478774,2075000000.0,0.3655099524,28000000.0,2103000000.0,0.3704421349,442000000.0,1670000000.0,0.2941694557,10.63,10.64,150000000,157000000,https://www.sec.gov/Archives/edgar/data/2012383/000095017025026584/0000950170-25-026584-index.htm,https://www.sec.gov/Archives/edgar/data/2012383/000095017025026584/blk-20241231.htm,37.84666666666666,11.133333333333333,16.986666666666668,16.85333333333333,97.23333333333332,329.03333333333336,17.753333333333334,316.6333333333333,95.92,153766500000.0,155226500000.0,23.0189371257485,27.08587282015149,60.34791993720564,60.82535601265823,3.237530266343825,3.237530266343825,27.34305090716928,70.71822323462415,60.920918367346935,61.40288765822785,0.0108606230876036,0.0164405120751269,0.2994420465312138,0.1026007286368719,0.6651480637813212,16.397135416666668,12.5,1.525748502994012,0.0051441633905954,0.4736526946107784,0.0870177910868416,0.0,0.3368466616167082,0.0353218210361067,0.0158534437202747,0.45,0.0426281486700722,281.632118196771,0.0119557694927433,0.0181673792195642,-475.5883333333333,23650000000.0,2663000000.0,-64074000000.0,72964000000.0,4495500000.0,0.0,0.0,70.53197111150256,0.0,0.0,1.276017082490447,0.0,0.0,0.0351615959574692,0.6,2025-01-15,11.27,bmo,5567497785.0,2025-04-25,2024-12-31,0.0585625554569654,1014.921875,643190.9375
2024-09-30,BLK,USD,1364742,2024-09-30,2024-09-28 20:00:00,2024,Q3,5374000000.0,962000000.0,4412000000.0,0.8209899516,0,0.0,0.0,-2228000000.0,0.0,-2228000000.0,3190000000.0,236000000.0,0.0,0.0,2184000000.0,0.4064011909,2184000000.0,0.4064011909,81000000.0,2265000000.0,0.4214737626,574000000.0,1631000000.0,0.3034983253,11.02,10.9,148000000,149600000,https://www.sec.gov/Archives/edgar/data/2012383/000095017024122256/0000950170-24-122256-index.html,https://www.sec.gov/Archives/edgar/data/2012383/000095017024122256/0000950170-24-122256-index.html,36.310810810810814,11.02027027027027,9.33108108108108,8.695945945945946,108.14864864864865,294.7567567567568,66.38513513513513,278.22972972972974,95.80405405405403,140527480000.0,140669480000.0,21.540079705702023,26.1495124674358,101.7577697320782,109.18996114996116,3.412683471756764,3.412683471756764,26.175935988090806,64.40910256410257,101.86059377262852,109.30029526029526,0.0116062708873737,0.0091583510926119,0.344334353295449,0.1067567160583062,0.065018315018315,18.63077984817115,0.0,0.8166765227675932,0.005386846757659,0.4641324340895156,0.0,0.0,0.2544798819419347,0.0680666183924692,0.0174916263490882,0.8545454545454545,0.0290286564942314,262.65710236738727,0.0124119996065821,0.0164719189634103,-471.4831081081081,25547000000.0,9825000000.0,-62196000000.0,61860000000.0,4264500000.0,675500000.0,0.0,76.06624488276888,0.0,0.0,1.183179216204315,0.0,0.0,0.0396085288260721,0.6351351351351351,2024-10-11,10.33,bmo,5034963238.0,2025-04-25,2024-09-30,0.1093901258470475,865.45640625,523853.625
2024-06-30,BLK,USD,1364742,2024-08-06,2024-08-06 15:57:51,2024,Q2,4976000000.0,1005000000.0,3971000000.0,0.7980305466,157000000,392000000.0,76000000.0,468000000.0,-2073000000.0,507000000.0,3011000000.0,178000000.0,126000000.0,108000000.0,1922000000.0,0.3862540193,1965000000.0,0.3948954984,214000000.0,2014000000.0,0.4047427653,477000000.0,1495000000.0,0.3004421222,10.07,9.99,148442950,149657889,https://www.sec.gov/Archives/edgar/data/1364742/000095017024091706/0000950170-24-091706-index.htm,https://www.sec.gov/Archives/edgar/data/1364742/000095017024091706/blk-20240630.htm,33.52129555495899,10.071209174972608,9.195451855409772,9.148295692048697,82.04498765350594,284.54702631549696,56.378561595548994,270.1509233008371,79.51876461630546,116122466496.5,117572466496.5,19.418472658277597,23.33650854029341,85.07140402673993,85.50991641863034,2.8956776843174903,2.8956776843174903,23.627907254119776,61.17193886394381,86.13367508901099,86.57766310493372,0.0128743390069574,0.0116945500812362,0.2912074210762555,0.0932218949317878,0.7544224765868887,14.676535899333826,15.595238095238097,0.9130434782608696,0.0065275912824573,0.5070234113712374,0.0787781350482315,0.0315514469453376,0.2703738295375625,0.0051282051282051,0.0014067524115755,0.0648148148148148,0.0359726688102893,247.42028067830452,0.0121013981855866,0.0163564950055251,-457.16384644740623,18477000000.0,8369000000.0,-63204000000.0,54858000000.0,3974000000.0,1398000000.0,-254000000.0,72.1121382636656,120.98507462686568,0.0,1.2480561825934289,0.7438934122871946,0.0,0.0372799361627848,0.0471561633610757,2024-07-15,9.93,bmo,4848955171.0,2025-04-25,2024-06-30,0.0433031218529707,780.2066666666666,612063.5873015873
2024-03-31,BLK,USD,1364742,2024-05-07,2024-05-07 12:07:25,2024,Q1,4899000000.0,888000000.0,4011000000.0,0.8187385181,160000000,440000000.0,82000000.0,522000000.0,-2152000000.0,2152000000.0,3040000000.0,141000000.0,92000000.0,111000000.0,1833000000.0,0.3741579914,1859000000.0,0.379465197,220000000.0,1913000000.0,0.3904878547,290000000.0,1573000000.0,0.3210859359,10.58,10.48,148700000,150100000,https://www.sec.gov/Archives/edgar/data/1364742/000095017024054148/0000950170-24-054148-index.htm,https://www.sec.gov/Archives/edgar/data/1364742/000095017024054148/blk-20240331.htm,32.94552790854068,10.578345662407532,-1.593813046402152,-2.0242098184263617,74.35776731674513,280.7330195023537,53.82649630127774,267.1486213853396,78.84330867518494,122940699000.0,125198699000.0,19.539208359821995,25.0950600122474,-518.7371265822785,-408.44086046511626,3.0947941850220264,3.0947941850220264,25.55597040212288,68.30261811238407,-528.264552742616,-415.9425215946844,0.0127947865336278,-0.0024483348675282,0.2928130899937067,0.093815530535213,1.2318603382433169,13.223529411764703,20.206521739130437,-0.1506675143038779,0.0064665322913122,0.505403687221869,0.0898142478056746,0.0326597264747907,0.2721311739845791,-0.270042194092827,0.0130638905899163,0.5765765765765766,0.0359256991222698,252.1602374594765,0.0128704707338528,0.0174299422695491,-460.4522528581036,17663000000.0,8004000000.0,-63135000000.0,53920000000.0,5153500000.0,1165500000.0,-254000000.0,72.76791181873851,146.4527027027027,-51.48648648648649,1.2368088866447866,0.6145328719723183,-1.748031496062992,0.0395972309628697,0.4303967720242098,2024-04-12,9.35,bmo,4657499395.0,2025-04-25,2024-03-31,0.0491978609625669,803.4026229508196,599907.2131147541
2023-12-31,BLK,USD,1364742,2024-02-23,2024-02-23 14:28:07,2023,Q4,4896000000.0,820000000.0,4076000000.0,0.8325163399,186000000,526000000.0,100000000.0,626000000.0,-2167000000.0,2167000000.0,2987000000.0,159000000.0,82000000.0,111000000.0,1759000000.0,0.3592728758,1909000000.0,0.3899101307,342000000.0,1927000000.0,0.3935866013,438000000.0,1375000000.0,0.2808415033,9.25,9.15,148700000,150200000,https://www.sec.gov/Archives/edgar/data/1364742/000095017024019271/0000950170-24-019271-index.htm,https://www.sec.gov/Archives/edgar/data/1364742/000095017024019271/blk-20231231.htm,32.92535305985205,9.246805648957633,13.4364492266308,12.602555480833894,71.3315400134499,277.3369199731002,50.1546738399462,264.6065904505716,65.79690652320107,120714660000.0,121680660000.0,21.94812,24.65577205882353,60.41774774774774,64.41550693703309,3.0679507967570587,3.0679507967570587,24.853075980392155,69.17604320636725,60.90123123123123,64.9309818569904,0.0113904972270973,0.0155242122207857,0.2465753424657534,0.0787429693777341,0.549175667993178,15.462096774193547,23.28048780487805,1.453090909090909,0.0061550105016242,0.5403636363636364,0.1074346405228758,0.0379901960784313,0.2741800650915909,0.062062062062062,0.0253267973856209,1.117117117117117,0.0328839869281045,234.63211330702305,0.0119783942123925,0.0153753256773529,-447.9119031607263,17933000000.0,7458000000.0,-62798000000.0,54248000000.0,5116000000.0,1051500000.0,8943500000.0,116.65441176470588,97.24390243902438,0.0,0.7715096123542389,0.9255079006772008,0.0,0.0349454850433324,0.8338937457969066,2024-01-12,8.84,bmo,4613210000.0,2025-04-25,2023-12-31,0.0927601809954751,698.0673015873016,674515.5555555555
2023-09-30,BLK,USD,1364742,2023-11-06,2023-11-06 14:24:41,2023,Q3,4522000000.0,2328000000.0,2194000000.0,0.4851835471,0,447000000.0,74000000.0,521000000.0,36000000.0,557000000.0,2885000000.0,139000000.0,82000000.0,108000000.0,1998000000.0,0.4418398939,1637000000.0,0.3620079611,171000000.0,1808000000.0,0.3998230871,213000000.0,1604000000.0,0.3547103052,10.750670241286864,10.6578073089701,149200000,150500000,https://www.sec.gov/Archives/edgar/data/1364742/000095017023059279/0000950170-23-059279-index.htm,https://www.sec.gov/Archives/edgar/data/1364742/000095017023059279/blk-20230930.htm,28.902769220512493,10.753895112433783,10.56617125760327,10.043226233432549,49.049561497858825,272.4074266292376,45.75098519155121,258.97176216208214,65.12676877941507,96427382744.42,98775382744.42,15.029205539965712,22.367752898264904,61.18488752818528,64.37074949560747,2.4963725566163566,2.4963725566163566,22.912406110976573,56.60480386499713,62.67473524392132,65.93817272658211,0.0166342791264115,0.015535006316312,0.2501876925466642,0.0814942867984989,1.3455587392550143,13.099424815119145,30.52,0.9880877742946708,0.0077571326599475,0.4663341645885286,0.1055439573184875,0.0336348874971004,0.2850866467091116,0.049492385786802,0.0180932498260264,0.7222222222222222,0.0338668522384597,250.32277416546927,0.0103761141670619,0.0189200028309231,-394.0860066763453,14725000000.0,6824000000.0,-62012000000.0,51019000000.0,3846000000.0,1186500000.0,18018500000.0,81.12734864300626,49.945280437756495,734.0766073871408,1.1093669583118888,1.801972062448644,0.1226030077710068,0.04152535791027,0.5229450241707202,2023-10-13,8.26,bmo,4541390000.0,2025-04-25,2023-09-30,0.3208232445520582,698.5115873015874,559584.6666666666
2023-06-30,BLK,USD,1364742,2023-08-04,2023-08-04 14:22:08,2023,Q2,4463000000.0,2291000000.0,2172000000.0,0.4866681604,141000000,435000000.0,82000000.0,517000000.0,37000000.0,554000000.0,2845000000.0,89000000.0,69000000.0,136000000.0,1985000000.0,0.4447680932,1615000000.0,0.3618642169,251000000.0,1866000000.0,0.4181044141,443000000.0,1366000000.0,0.3060721488,9.13,9.06,149604642,150739213,https://www.sec.gov/Archives/edgar/data/1364742/000095017023038497/0000950170-23-038497-index.htm,https://www.sec.gov/Archives/edgar/data/1364742/000095017023038497/blk-20230630.htm,29.83196203230111,9.13073272151542,6.584020300653505,6.176278941932831,45.68040074585386,266.67621717245913,42.311521322981406,255.3931448196641,65.419093078676,103397752271.88,106281752271.88,18.923453929699853,23.1677688263231,104.97233733185786,111.90232929857144,2.7061807022581656,2.7061807022581656,23.81397093252969,53.54244446946096,107.90025611358377,115.02354141978356,0.0132111189071901,0.008936364473092,0.2543446398659966,0.0792374677929617,1.452896725440806,14.230968858131488,23.405797101449277,0.6921995783555868,0.0072341998115506,0.5475841874084919,0.0974680708043916,0.0315930988124579,0.2736864420599458,0.0619289340101522,0.0136679363656733,0.5980392156862745,0.0354021958323997,229.05970236109133,0.0100547723886664,0.015334875053324,-427.6906060174256,15295000000.0,6330000000.0,-66297000000.0,51370000000.0,3693000000.0,1169500000.0,17679000000.0,76.75106430652028,45.41248363160192,713.0074203404627,1.172622175512349,1.981833910034602,0.1262258953168044,0.035751675041876,0.4077413587206739,2023-07-14,8.46,bmo,4466950000.0,2025-04-25,2023-06-30,0.0969267139479903,669.780806451613,615829.1290322581
2023-03-31,BLK,USD,1364742,2023-05-05,2023-05-05 13:21:58,2023,Q1,4243000000.0,2247000000.0,1996000000.0,0.4704218713,135000000,442000000.0,80000000.0,522000000.0,37000000.0,559000000.0,2806000000.0,86000000.0,59000000.0,149000000.0,1710000000.0,0.4030167334,1438000000.0,0.3389111478,116000000.0,1554000000.0,0.3662502946,385000000.0,1157000000.0,0.2726844214,7.72,7.64,149909343,151349829,https://www.sec.gov/Archives/edgar/data/1364742/000095017023018214/0000950170-23-018214-index.htm,https://www.sec.gov/Archives/edgar/data/1364742/000095017023018214/blk-20230331.htm,28.303772900932533,7.717997936926453,-2.6282551315030447,-3.1685816940709293,37.64942122386595,260.5908292186965,36.42868343436073,251.56537441432187,57.04114119158003,100307339588.16,103155339588.16,21.67401460418323,23.640664527023333,-254.5871563151269,-211.1733465013895,2.6598255088078067,2.6598255088078067,24.31188771816168,60.32475999307603,-261.815582711066,-217.1691359750737,0.0115345497622645,-0.0047354460994603,0.2251803139584217,0.0699517290235424,1.6654970760233918,13.262045646661033,24.372881355932204,-0.3370402053036783,0.0079356107266746,0.6879861711322386,0.1041715767145887,0.0318171105349988,0.2768085141435608,-0.2055837563451776,0.0190902663209992,0.7641509433962265,0.0388875795427763,209.01094090134853,0.0089242062693974,0.0131785771237214,-436.2636690362922,14506000000.0,5461000000.0,-66644000000.0,50650000000.0,3422000000.0,1192500000.0,8604000000.0,75.93683714353051,47.38317757009346,689.2389853137516,1.185195530726257,1.8994082840236688,0.13057880055788,0.0306798896902842,0.5403265625678848,2023-04-14,7.76,bmo,4412950000.0,2025-04-25,2023-03-31,0.0219072164948453,704.3975806451613,729862.6290322581
2022-12-31,BLK,USD,1364742,2023-02-24,2023-02-24 14:35:17,2022,Q4,4337000000.0,2202000000.0,2135000000.0,0.4922757667,151000000,471000000.0,100000000.0,571000000.0,37000000.0,608000000.0,2810000000.0,72000000.0,54000000.0,136000000.0,1870000000.0,0.4311736223,1427000000.0,0.3290292829,225000000.0,1652000000.0,0.3809084621,345000000.0,1259000000.0,0.2902928291,8.39,8.29,150035914,151839446,https://www.sec.gov/Archives/edgar/data/1364742/000095017023004343/0000950170-23-004343-index.htm,https://www.sec.gov/Archives/edgar/data/1364742/000095017023004343/blk-20221231.htm,28.90641236737492,8.391324226544853,13.150184828413815,12.257065331704515,58.29937490833028,258.504773730375,34.27179441850169,251.56643495370048,56.93970045065343,106319949737.82,107392949737.82,21.11198366517474,24.51462986807009,53.88745551840852,57.81400203252854,2.816870224083828,2.816870224083828,24.76203590911229,57.42938488653475,54.43129738358844,58.3974713093094,0.0118416158313151,0.0172968479061068,0.2249099194573972,0.072168191246982,0.5737967914438503,12.708655332302936,26.425925925925927,1.5095638867635808,0.0068754735287461,0.5806195393169182,0.1086004150334332,0.0348166935669817,0.2860118339170945,0.0679168778509883,0.0308969333640765,1.2181818181818185,0.0396587502882176,217.9379480604087,0.0096220063987364,0.0149907721616955,-450.8787142790359,15151000000.0,5142000000.0,-62398000000.0,51341000000.0,3312500000.0,1401500000.0,0.0,67.73345630620244,49.12806539509536,0.0,1.328737745098039,1.8319467554076536,0.0,0.0333562950402713,0.8931194967093012,2023-01-13,8.11,bmo,4252712200.0,2025-04-25,2022-12-31,0.1011097410604192,667.7725396825397,848294.7936507936
2022-09-30,BLK,USD,1364742,2022-11-04,2022-11-04 14:30:31,2022,Q3,4311000000.0,2287000000.0,2024000000.0,0.4694966365,0,361000000.0,95000000.0,456000000.0,42000000.0,498000000.0,2785000000.0,41000000.0,50000000.0,109000000.0,1850000000.0,0.4291347715,1526000000.0,0.3539781953,165000000.0,1691000000.0,0.3922523776,330000000.0,1406000000.0,0.3261424264,9.295868813419968,9.215340981314789,151249983,152571674,https://www.sec.gov/Archives/edgar/data/1364742/000095017022022155/0000950170-22-022155-index.htm,https://www.sec.gov/Archives/edgar/data/1364742/000095017022022155/blk-20220930.htm,28.62549800796813,9.335989375830014,11.686586985391768,10.783532536520584,45.132802124834,253.10092961487385,29.44223107569721,246.7596281540505,55.86985391766268,82872168000.0,84439168000.0,14.735449502133712,19.223421016005567,47.08645909090909,51.02966009852216,2.2300244335611645,2.2300244335611645,19.58690976571561,45.54431930960087,47.9768,51.99456157635468,0.0169658889580395,0.0195964464209503,0.2250686184812443,0.0724594992636229,0.8451995685005393,10.009369144284822,30.52,1.2931667891256429,0.0088811481316622,0.5234708392603129,0.1055439573184875,0.0361864996520528,0.2918045568742961,0.0772727272727272,0.0315472048248666,1.2477064220183487,0.0371143586174901,227.67140466838288,0.0107898679750045,0.0171994079293429,-451.4956839309429,14424000000.0,4434000000.0,-61288000000.0,50563000000.0,3416000000.0,1462500000.0,3651000000.0,70.1670146137787,65.70451436388508,0.0,1.2826539720321333,1.3697688944409745,0.0,0.0378343469135138,0.903054448871182,2022-10-13,7.07,bmo,4196251892.0,2025-04-25,2022-09-30,0.3507779349363508,654.57484375,698008.609375
2022-06-30,BLK,USD,1364742,2022-08-05,2022-08-05 11:50:44,2022,Q2,4526000000.0,2290000000.0,2236000000.0,0.4940344675,148000000,452000000.0,76000000.0,528000000.0,38000000.0,566000000.0,2856000000.0,21000000.0,54000000.0,141000000.0,1497000000.0,0.3307556341,1668000000.0,0.3685373398,-347000000.0,1321000000.0,0.2918692002,358000000.0,1077000000.0,0.2379584622,7.12,7.04,151292580,153064576,https://www.sec.gov/Archives/edgar/data/1364742/000156459022028139/0001564590-22-028139-index.htm,https://www.sec.gov/Archives/edgar/data/1364742/000156459022028139/blk-10q_20220630.htm,29.915545098113867,7.118657107969208,10.872972091559282,10.106245792093704,91.10162573736268,253.18492156059472,30.28568882889035,245.14751483516244,56.20896940220069,92143232923.2,94112232923.2,21.388865581058496,20.358646249049933,56.01412335756839,60.263723298364944,2.484381701399337,2.484381701399337,20.79368822872293,62.86722306158985,57.21108384389058,61.5514930825376,0.0116883244252745,0.0165937307764575,0.2278303540133193,0.0670815934458504,1.3152972611890448,13.014350453172206,30.88888888888889,1.708203530633437,0.0079984169929687,0.6843082636954503,0.0998674326115775,0.0326999558108705,0.2677150977247828,0.0705167173252279,0.0256296950950066,1.1717171717171715,0.0386654882898806,198.15454758118,0.0097556251976212,0.0116756827076309,-446.9733413231501,15907000000.0,4582000000.0,-70430000000.0,52073000000.0,3636000000.0,1387500000.0,3651000000.0,69.02121078214759,52.03493449781659,286.9781659388646,1.3039469893402478,1.729607250755287,0.3136127088468912,0.0290382593221709,0.7667262994655786,2022-07-15,7.9,bmo,4553063231.0,2025-04-25,2022-06-30,-0.0683544303797468,651.148064516129,1000023.5
2022-03-31,BLK,USD,1364742,2022-05-06,2022-05-06 12:40:30,2022,Q1,4699000000.0,2401000000.0,2298000000.0,0.4890402213,145000000,438000000.0,60000000.0,498000000.0,38000000.0,536000000.0,2937000000.0,18000000.0,54000000.0,140000000.0,1800000000.0,0.3830602256,1764000000.0,0.3753990211,-138000000.0,1626000000.0,0.3460310704,263000000.0,1436000000.0,0.3055969355,9.46,9.32,151732845,154146981,https://www.sec.gov/Archives/edgar/data/1364742/000156459022018505/0001564590-22-018505-index.htm,https://www.sec.gov/Archives/edgar/data/1364742/000156459022018505/blk-10q_20220331.htm,30.96890459016965,9.464002339111218,-2.781204030017364,-3.750012068909668,47.860435227455206,256.1014393422861,33.578754817389736,247.0724120410449,61.46329095720837,115949688163.65,117959688163.65,20.18622704798921,24.675396502160037,-274.76229422665875,-203.7780108324253,3.092898934718184,3.092898934718184,25.103147087390933,65.53316009091667,-279.5253274020142,-207.31052401344465,0.01238468186282,-0.0049073008216884,0.2473258822587959,0.0646912305427449,1.1166666666666667,12.505858028945555,32.666666666666664,-0.309611151870873,0.006778802189538,0.5473537604456824,0.0932113215577782,0.0308576292828261,0.2355731997460353,-0.3483412322274881,0.0312832517556927,1.47,0.04277505852309,229.3722137126503,0.0103675274269044,0.0131066144592608,-621.851188514919,16695000000.0,5095000000.0,-86322000000.0,52893000000.0,3795000000.0,1329000000.0,11064000000.0,72.80059587146201,54.38983756768014,0.0,1.236253617469087,1.6547208821502413,0.0,0.0383045693403398,0.9688080388923044,2022-04-13,8.75,bmo,4672466920.0,2025-04-25,2022-03-31,0.0879999999999999,781.253064516129,861986.6935483871
2021-12-31,BLK,USD,1364742,2022-02-25,2022-02-25 15:15:26,2021,Q4,5106000000.0,2465000000.0,2641000000.0,0.5172346259,135000000,466000000.0,96000000.0,562000000.0,38000000.0,600000000.0,3065000000.0,46000000.0,50000000.0,134000000.0,2250000000.0,0.4406580494,2039000000.0,0.3993341167,71000000.0,2110000000.0,0.4132393263,478000000.0,1643000000.0,0.3217783,10.78,10.59,152431952,155184936,https://www.sec.gov/Archives/edgar/data/1364742/000156459022007117/0001564590-22-007117-index.htm,https://www.sec.gov/Archives/edgar/data/1364742/000156459022007117/blk-10k_20211231.htm,33.49691408530936,10.77858007092896,12.57610346681121,11.749505116879956,108.80264788579234,255.1499176498114,33.38538891111229,247.27755241237085,61.45693128695223,139560597973.12,139555597973.12,21.23563572323798,27.33266705309832,72.80156388790819,77.92328195037409,3.70256010328496,3.70256010328496,27.33168781298864,62.02471021027555,72.79895564586333,77.92049021391401,0.0117726638024039,0.0128331350396259,0.2472077043482874,0.0610423981971594,-0.0022222222222222,14.454545454545457,40.78,1.1746323529411764,0.0044926720657987,0.3816189896530736,0.0912651782216999,0.026439482961222,0.2214506577223416,0.0657276995305164,0.0246768507638072,1.1454545454545455,0.035840188014101,244.88623933257583,0.0104269350958973,0.0138248460166268,-546.2388226846298,18796000000.0,5089000000.0,-93562000000.0,54983000000.0,3902000000.0,1304500000.0,11064000000.0,66.786133960047,44.06896551724138,807.9188640973631,1.3475851148060174,2.0422535211267605,0.1113973246565437,0.0435889953041678,0.8265983499312533,2022-01-14,10.16,bmo,4957860000.0,2025-04-25,2021-12-31,0.0255905511811023,912.543125,514879.359375
2021-09-30,BLK,USD,1364742,2021-11-05,2021-11-05 13:55:20,2021,Q3,5050000000.0,2466000000.0,2584000000.0,0.5116831683,140000000,527000000.0,54000000.0,581000000.0,38000000.0,619000000.0,3085000000.0,14000000.0,48000000.0,145000000.0,2480000000.0,0.4910891089,1935000000.0,0.3831683168,336000000.0,2271000000.0,0.4497029703,518000000.0,1681000000.0,0.3328712871,11.01,10.85,152710841,154919677,https://www.sec.gov/Archives/edgar/data/1364742/000156459021054838/0001564590-21-054838-index.htm,https://www.sec.gov/Archives/edgar/data/1364742/000156459021054838/blk-10q_20210930.htm,33.06903404454435,11.007731926510706,11.616726018816175,11.374438046608622,48.20220982215663,251.23298220851265,29.663905786492265,241.0896289936613,55.45120401766368,128072473913.06,129131473913.06,19.047066316635927,25.360885923378216,72.19417920691093,73.7319941928958,3.478623296658065,3.478623296658065,25.570588893675247,52.06914270687904,72.79113523847802,74.34166604090962,0.0131253808772454,0.0135626333038521,0.2286986989705842,0.0496356905373859,0.427016129032258,18.17546362339515,40.3125,1.0119794637763833,0.004911281720278,0.3741820345032718,0.1043564356435643,0.0277227722772277,0.1994623782687637,0.0208568207440811,0.0073267326732673,0.3457943925233644,0.0342574257425742,244.35962256486505,0.0088783442462171,0.0123784977908689,-791.6775862690718,24080000000.0,4530000000.0,-105788000000.0,60417000000.0,3902500000.0,1320000000.0,0.0,71.55445544554455,51.167883211678834,0.0,1.257783312577833,1.7589158345221112,0.0,0.0456582556970964,0.2422879722075527,2021-10-13,9.35,bmo,4879040000.0,2025-04-25,2021-09-30,0.1711229946524063,896.109375,498594.546875
2021-06-30,BLK,USD,1364742,2021-08-05,2021-08-05 13:36:35,2021,Q2,4820000000.0,2391000000.0,2429000000.0,0.5039419087,129000000,409000000.0,53000000.0,462000000.0,37000000.0,499000000.0,2890000000.0,8000000.0,52000000.0,133000000.0,2377000000.0,0.493153527,1931000000.0,0.4006224066,270000000.0,2201000000.0,0.4566390041,654000000.0,1378000000.0,0.2858921162,9.0,8.88,153055258,155037730,https://www.sec.gov/Archives/edgar/data/1364742/000156459021041406/0001564590-21-041406-index.htm,https://www.sec.gov/Archives/edgar/data/1364742/000156459021041406/blk-10q_20210630.htm,31.491894254296053,9.003284290958499,11.930331723722944,11.08096528117969,41.91950073351939,250.82444407104265,29.492616320309622,235.4247771089315,42.74926641200396,133918759092.26,133993759092.26,24.295856148813492,27.78397491540664,73.33995569127053,78.96153248364388,3.716558684879416,3.716558684879416,27.799535081381745,56.37095460339084,73.38102907571742,79.00575418175708,0.010289820554943,0.0126643945291606,0.1801404268309605,0.0366801912274951,0.0315523769457299,21.305331179321485,37.13461538461539,1.180349062702004,0.0047043446659028,0.4571843251088534,0.0848547717842323,0.0267634854771784,0.1914309286739526,0.0711938663745892,0.0269709543568464,1.2871287128712872,0.037759336099585,218.3824957329756,0.0077236300645809,0.009630571823938,-844.8811343678242,25138000000.0,4514000000.0,-112196000000.0,59755000000.0,3807500000.0,1217000000.0,0.0,70.76763485477179,46.59974905897114,0.0,1.2717678100263852,1.931340872374798,0.0,0.0382427219493242,0.8493664425432546,2021-07-14,9.46,bmo,4594000000.0,2025-04-25,2021-06-30,0.0602536997885833,844.6212698412699,533530.4126984127
2021-03-31,BLK,USD,1364742,2021-05-06,2021-05-06 12:59:42,2021,Q1,4398000000.0,2234000000.0,2164000000.0,0.4920418372,104000000,543000000.0,35000000.0,578000000.0,34000000.0,612000000.0,2846000000.0,19000000.0,55000000.0,97000000.0,1645000000.0,0.3740336517,1545000000.0,0.3512960437,46000000.0,1591000000.0,0.3617553433,318000000.0,1199000000.0,0.27262392,7.83,7.74,153180172,154921496,https://www.sec.gov/Archives/edgar/data/1364742/000156459021024726/0001564590-21-024726-index.htm,https://www.sec.gov/Archives/edgar/data/1364742/000156459021024726/blk-10q_20210331.htm,28.711287776854043,7.827383820929513,-3.740693018676073,-4.054049501915953,40.91260584300689,247.02936095410573,25.956362028370098,230.96984118806185,47.571431111854345,115491722481.12,116456722481.12,24.080842885971645,26.26005513440655,-201.5562346965445,-185.9770088262802,3.264322286068966,3.264322286068966,26.47947305164166,70.79436017089363,-203.240353370192,-187.53095407587764,0.010381696404225,-0.0053770087297946,0.2044092707744488,0.0415969262448305,0.5866261398176292,21.57441471571906,28.09090909090909,-0.4501178318931657,0.0057233538975752,0.5512927439532944,0.1234652114597544,0.0236471123237835,0.194778527427398,-0.0837696335078534,0.0109140518417462,0.4948453608247423,0.0445657116871305,201.686677685605,0.0071595780072933,0.0085645915925568,-828.3268542093033,24607000000.0,3976000000.0,-110216000000.0,59142000000.0,3680000000.0,1112000000.0,-180000000.0,78.27421555252388,48.18263205013429,0.0,1.1498039215686275,1.8678929765886287,0.0,0.0338892029395138,0.3133564832398804,2021-04-15,7.64,bmo,4275560000.0,2025-04-25,2021-03-31,0.0170157068062827,725.4086885245902,719340.8360655737
2020-12-31,BLK,USD,1364742,2021-02-25,2021-02-25 15:55:29,2020,Q4,4478000000.0,2129000000.0,2349000000.0,0.5245645377,124000000,402000000.0,73000000.0,475000000.0,27000000.0,502000000.0,2631000000.0,28000000.0,54000000.0,16000000.0,1902000000.0,0.4247431889,1848000000.0,0.412684234,319000000.0,2167000000.0,0.4839213935,427000000.0,1548000000.0,0.3456900402,10.11,9.98,153127677,155133392,https://www.sec.gov/Archives/edgar/data/1364742/000156459021008796/0001564590-21-008796-index.htm,https://www.sec.gov/Archives/edgar/data/1364742/000156459021008796/blk-10k_20201231.htm,29.24357038342585,10.109211021336137,12.923855692005306,12.571208795912185,56.58023532871853,245.91243554226972,31.62067168301652,230.4155636083998,47.7901849186937,110487744062.58,109087744062.58,17.84362791708333,24.67345780763287,55.83008795481556,57.39623068185974,3.131472495609217,3.131472495609217,24.360818236395712,57.35422926528917,55.12265996087923,56.668957954587015,0.0140106037383043,0.0174227468967932,0.2058781849615962,0.0410437219604253,-0.7360672975814931,27.92412451361868,34.22222222222222,1.1373563218390803,0.0050141307952329,0.3578811369509044,0.0897722197409557,0.0276909334524341,0.185408685629047,0.0272865083375442,0.0120589548905761,3.375,0.0366234926306386,228.93162732602457,0.0084332147494248,0.010737472948227,-837.1494462101714,27678000000.0,4842000000.0,-110620000000.0,61173000000.0,3620500000.0,1008000000.0,-290500000.0,71.04734256364449,43.45702207609206,-15.218412400187882,1.2667609618104667,2.071011673151751,-5.913888888888889,0.0438738202533798,0.352646896093121,2021-01-14,9.14,bmo,3968468271.0,2025-04-25,2020-12-31,0.1137855579868708,663.1634375,597342.34375
2020-09-30,BLK,USD,1364742,2020-11-05,2020-11-05 14:59:31,2020,Q3,4369000000.0,2124000000.0,2245000000.0,0.5138475624,93000000,412000000.0,48000000.0,460000000.0,27000000.0,487000000.0,2611000000.0,9000000.0,54000000.0,87000000.0,1844000000.0,0.4220645457,1757000000.0,0.4021515221,224000000.0,1981000000.0,0.4534218357,464000000.0,1364000000.0,0.312199588,8.9,8.83,153100473,154359701,https://www.sec.gov/Archives/edgar/data/1364742/000156459020051202/0001564590-20-051202-index.htm,https://www.sec.gov/Archives/edgar/data/1364742/000156459020051202/blk-10q_20200930.htm,28.53681582028816,8.909182142108731,6.499000169646766,6.237733831168503,42.501501611951255,235.24421116582704,20.71842064132617,221.24686708185416,47.55700526150562,86279771559.15,86999771559.15,15.813741121545087,19.748173851945523,86.713338250402,90.34531053314136,2.547154711987423,2.547154711987423,19.912971288429844,47.17991950062364,87.43695634085427,91.09923723471204,0.0158090358301991,0.0110686431215837,0.2133557700823664,0.0437686987487736,0.3904555314533622,25.657894736842103,32.53703703703704,0.6558998022412657,0.0064441524351838,0.407624633431085,0.0943007553215838,0.0212863355458915,0.198912293026805,0.0402010050251256,0.0091554131380178,0.3418803418803419,0.0366216525520714,210.59533313222087,0.0081975655339999,0.0103119282701059,-783.315672708601,24362000000.0,3172000000.0,-103752000000.0,57899000000.0,3348000000.0,951000000.0,-237000000.0,76.34241245136187,41.86440677966102,-9.364406779661016,1.1788990825688073,2.1497975708502026,-9.610859728506789,0.0402680601068697,0.2612663384782619,2020-10-13,7.8,bmo,3696117136.0,2025-04-25,2020-09-30,0.1820512820512821,570.55296875,616159.671875
2020-06-30,BLK,USD,1364742,2020-08-07,2020-08-07 19:42:49,2020,Q2,3648000000.0,1827000000.0,1821000000.0,0.4991776316,92000000,350000000.0,39000000.0,389000000.0,27000000.0,416000000.0,2243000000.0,10000000.0,51000000.0,86000000.0,1490000000.0,0.4084429825,1406000000.0,0.3854166667,357000000.0,1763000000.0,0.4832785088,361000000.0,1214000000.0,0.3327850877,7.87,7.82,154350277,155333363,https://www.sec.gov/Archives/edgar/data/1364742/000156459020038433/0001564590-20-038433-index.htm,https://www.sec.gov/Archives/edgar/data/1364742/000156459020038433/blk-10q_20200630.htm,23.634554280715676,7.865227219514481,11.059261007999355,10.74828003062152,35.41295879890128,220.49847050161108,7.521852390326452,212.0501539495132,46.91277619151924,83980442212.93001,85704442212.93001,17.294160258016888,23.020954553983007,49.19768143698302,50.621122491217605,2.5658552463467768,2.5658552463467768,23.493542273281253,57.51975987444967,50.20764042936731,51.66030272027125,0.0144557466954262,0.0197545994791698,0.2196761380996028,0.0456966353548321,1.157046979865772,24.97045951859956,27.568627450980397,1.217546362339515,0.0065967740274021,0.4563426688632619,0.0959429824561403,0.025219298245614,0.208927050628567,0.0281195079086115,0.0131578947368421,0.4210526315789473,0.040844298245614,193.7163118113284,0.0071477035074632,0.0097534325816066,-749.7621789172429,21909000000.0,1161000000.0,-100485000000.0,55479000000.0,3042500000.0,948000000.0,-360000000.0,73.76644736842105,45.02463054187192,-12.463054187192116,1.220066889632107,1.99890590809628,-7.221343873517786,0.0370913534983195,0.3109809773778378,2020-07-17,6.99,bmo,3248346496.0,2025-04-25,2020-06-30,0.1230329041487838,504.9252380952381,1380119.5396825396
2020-03-31,BLK,USD,1364742,2020-05-08,2020-05-08 12:02:08,2020,Q1,3710000000.0,1859000000.0,1851000000.0,0.4989218329,88000000,454000000.0,69000000.0,523000000.0,25000000.0,548000000.0,2407000000.0,15000000.0,46000000.0,82000000.0,791000000.0,0.2132075472,684000000.0,0.1843665768,-71000000.0,613000000.0,0.1652291105,-14000000.0,806000000.0,0.2172506739,5.17,5.13,155866744,157044904,https://www.sec.gov/Archives/edgar/data/1364742/000156459020023352/0001564590-20-023352-index.htm,https://www.sec.gov/Archives/edgar/data/1364742/000156459020023352/blk-10q_20200331.htm,23.80238340001508,5.17108383299519,-6.017961086041549,-6.35157939784769,28.26773618880497,221.4070757774988,10.310088982162863,211.8027178395412,38.35969012094074,68576691357.68001,70103691357.68001,21.27068590498759,18.48428338481941,-73.10947905936034,-69.26938520977778,2.07726324047133,2.07726324047133,18.895873681315365,88.62666416900127,-74.73741082908316,-70.81180945220203,0.0117532646157583,-0.0144363920218371,0.17971708114985,0.0398134478593477,1.9304677623261697,22.68635437881873,14.869565217391305,-1.496012759170654,0.0086909996414292,0.739454094292804,0.1223719676549865,0.0237196765498652,0.2207958663266675,-0.0554371002132196,0.0140161725067385,0.4684684684684684,0.0401617250673854,156.98126074503637,0.0047259591013259,0.0069412747487448,-693.0038263967328,21296000000.0,1607000000.0,-92232000000.0,54913000000.0,3137000000.0,1074500000.0,-448500000.0,75.08086253369272,47.54168908015062,-22.608929532006453,1.198707592891761,1.8930753564154783,-3.980728051391863,0.0244146245418471,0.3336183118061412,2020-04-16,6.36,bmo,3575090909.0,2025-04-25,2020-03-31,0.0377358490566036,492.721129032258,968636.0645161292
2019-12-31,BLK,USD,1364742,2020-02-28,2020-02-28 16:30:05,2019,Q4,3977000000.0,1895000000.0,2082000000.0,0.5235101836,83000000,358000000.0,109000000.0,467000000.0,29000000.0,496000000.0,2391000000.0,29000000.0,51000000.0,111000000.0,1815000000.0,0.4563741514,1538000000.0,0.3867236611,96000000.0,1634000000.0,0.4108624591,300000000.0,1301000000.0,0.3271310033,8.35,8.26,155819007,157524296,https://www.sec.gov/Archives/edgar/data/1364742/000156459020007807/0001564590-20-007807-index.htm,https://www.sec.gov/Archives/edgar/data/1364742/000156459020007807/blk-10k_20191231.htm,25.523202057114897,8.349430695576181,8.060634091962863,7.457370075526152,30.991084418860403,224.1639237246583,12.822569200431367,215.29465914257813,32.12701772640612,78330214818.9,78456214818.9,15.05192444636818,19.695804581066128,62.36482071568472,67.40982342418243,2.334939482484276,2.334939482484276,19.72748675355796,43.22656463851239,62.46513918702229,67.5182571591222,0.0166091718630916,0.0148346331321387,0.14770322234477,0.0293852522209438,0.0694214876033057,20.11482433590403,30.15686274509804,0.9415292353823088,0.006536430433438,0.393543428132206,0.0900176012069399,0.0208700025144581,0.1952948013900914,0.0748407643312101,0.0236359064621574,0.8468468468468469,0.0352024138798089,201.11122868171657,0.0074982858618514,0.0095879608817091,-813.0891887919681,22307000000.0,1998000000.0,-110219000000.0,55953000000.0,4551500000.0,1209500000.0,-320000000.0,71.94116167965804,55.42480211081794,-20.4221635883905,1.2510223340673168,1.62382176520994,-4.406976744186046,0.0387814111544996,0.6032640164367111,2020-01-15,7.69,bmo,3667041966.0,2025-04-25,2019-12-31,0.0845253576072821,474.42734375,473178.1875
2019-09-30,BLK,USD,1364742,2019-11-08,2019-11-08 14:07:20,2019,Q3,3692000000.0,1777000000.0,1915000000.0,0.5186890574,70000000,385000000.0,79000000.0,385000000.0,28000000.0,413000000.0,2190000000.0,19000000.0,54000000.0,105000000.0,1606000000.0,0.4349945829,1502000000.0,0.4068255688,-42000000.0,1460000000.0,0.3954496208,341000000.0,1119000000.0,0.3030877573,7.18,7.12,155904493,157075688,https://www.sec.gov/Archives/edgar/data/1364742/000156459019042157/0001564590-19-042157-index.htm,https://www.sec.gov/Archives/edgar/data/1364742/000156459019042157/blk-10q_20190930.htm,23.68116485263834,7.177471145748186,5.971604679795854,5.618824596671502,32.8919321138487,215.5422166056497,4.137148247549223,207.86443916019792,39.58833950988186,69477278260.52,70988278260.52,15.522180129696157,18.818331056478875,74.62650726156821,79.31196148461187,2.143897252461505,2.143897252461505,19.227594328418203,44.20191672510585,76.24949329808808,81.03684732936074,0.0161059849783416,0.0126084386425623,0.1887863733144073,0.037334016793595,0.9408468244084682,23.34664536741214,27.814814814814813,0.8319928507596068,0.0073837089310896,0.4584450402144772,0.1042795232936078,0.0189599133261105,0.2011264889669986,0.0590762620837808,0.0148970747562296,0.5238095238095238,0.0360238353196099,183.21755598669475,0.0070790210980131,0.0085476614239991,-774.8461745743274,27978000000.0,645000000.0,-101038000000.0,61606000000.0,5609000000.0,1264500000.0,-195000000.0,144.40953412784398,63.41024198086663,-10.635903207653348,0.6232275489534098,1.4193290734824282,-8.461904761904762,0.034529576943253,0.3527800831243523,2019-10-15,6.96,bmo,3593890909.0,2025-04-25,2019-09-30,0.0272988505747127,445.31796875,578459.953125
2019-06-30,BLK,USD,1364742,2019-08-08,2019-08-08 14:46:55,2019,Q2,3524000000.0,1751000000.0,1773000000.0,0.5031214529,67000000,470000000.0,81000000.0,470000000.0,25000000.0,495000000.0,2246000000.0,20000000.0,52000000.0,100000000.0,1391000000.0,0.3947219069,1278000000.0,0.3626560726,57000000.0,1335000000.0,0.378830874,322000000.0,1003000000.0,0.2846197503,6.43,6.38,155978464,156988694,https://www.sec.gov/Archives/edgar/data/1364742/000156459019030654/0001564590-19-030654-index.htm,https://www.sec.gov/Archives/edgar/data/1364742/000156459019030654/blk-10q_20190630.htm,22.592862563385676,6.430374900986331,5.911072441385241,5.609748791987078,29.093760020614127,209.38788062434057,-2.102854404310585,204.4705351118216,39.47980921263592,73766894979.52,75849894979.52,18.38656405272183,20.93271707704881,80.00747828581345,84.30502283373714,2.3129493926416456,2.3129493926416456,21.52380674787741,54.5290402440834,82.26669737475055,86.68559426230857,0.0135968851647946,0.0118616894508427,0.1914526698648606,0.0373805457094406,1.4974838245866284,21.74079874706343,24.57692307692308,0.910167818361303,0.0069814515053531,0.5134596211365903,0.1333711691259932,0.0190124858115777,0.2019504490440595,0.0509761388286334,0.0133371169125993,0.47,0.039727582292849,171.9985448540824,0.0059835152379017,0.0076941369602405,-783.8806516263681,26486000000.0,-328000000.0,-102924000000.0,60133000000.0,5328500000.0,1251000000.0,-212500000.0,135.20431328036324,65.63677898343803,-9.25185608223872,0.6656592368719305,1.3711824588880188,-9.727777777777778,0.0314489072837299,0.3013236493981631,2019-07-19,6.5,bmo,3573478939.0,2025-04-25,2019-06-30,-0.0138461538461538,452.3488888888889,507732.20634920633
2019-03-31,BLK,USD,1364742,2019-05-09,2019-05-09 13:35:40,2019,Q1,3346000000.0,1710000000.0,1636000000.0,0.4889420203,69000000,293000000.0,81000000.0,374000000.0,15000000.0,389000000.0,2099000000.0,29000000.0,46000000.0,89000000.0,1328000000.0,0.3968918111,1233000000.0,0.3684997011,125000000.0,1358000000.0,0.4058577406,298000000.0,1053000000.0,0.3147041243,6.62,6.58,158903647,159988382,https://www.sec.gov/Archives/edgar/data/1364742/000156459019017793/0001564590-19-017793-index.htm,https://www.sec.gov/Archives/edgar/data/1364742/000156459019017793/blk-10q_20190331.htm,21.056785436774778,6.626657222033425,-1.41595239787039,-1.780953460432535,28.73439399411645,203.7146447620551,6.43786356898404,197.03134944410684,32.3844046197379,69661769808.33,70700769808.33,16.538881720876066,20.819417157301256,-309.6078658148,-246.1546636336749,2.224975879406241,2.224975879406241,21.1299371812104,53.23853148217621,-314.2256435925778,-249.8260417255477,0.0151158950296161,-0.0040624865084343,0.1628924590373375,0.0309075923591583,0.7823795180722891,4.880471652398644,26.80434782608696,-0.2122641509433962,0.0079814222568533,0.5280151946818613,0.0875672444710101,0.0206216377764494,0.1899786677009599,-0.2577777777777778,0.0173341303048416,0.651685393258427,0.0460251046025104,171.39816898706238,0.0058762511627129,0.0078781984138859,-781.4247963736162,24024000000.0,1023000000.0,-102422000000.0,56028000000.0,5350000000.0,1258500000.0,-365000000.0,144.25283921099822,64.47368421052632,-12.894736842105264,0.6239045310460564,1.3959183673469389,-6.979591836734694,0.0336325018365326,0.365001062562145,2019-04-16,6.13,bmo,3103022692.0,2025-04-25,2019-03-31,0.0783034257748777,419.5355737704919,641872.3606557377
2018-12-31,BLK,USD,1364742,2019-02-28,2019-02-28 16:25:04,2018,Q4,3434000000.0,1664000000.0,1770000000.0,0.5154338963,62000000,306000000.0,108000000.0,414000000.0,15000000.0,429000000.0,2093000000.0,41000000.0,46000000.0,15000000.0,1393000000.0,0.4056493885,1246000000.0,0.3628421666,-72000000.0,1174000000.0,0.341875364,247000000.0,927000000.0,0.269947583,5.82,5.76,159497988,161094642,https://www.sec.gov/Archives/edgar/data/1364742/000156459019005479/0001564590-19-005479-index.htm,https://www.sec.gov/Archives/edgar/data/1364742/000156459019005479/blk-10k_20181231.htm,21.53005215338516,5.811985540532336,3.279038228369376,2.677149758152435,40.67762911216159,210.28478428204377,13.636535653352569,202.9743472375338,32.03175202435782,62653999646.16,61228999646.16,16.896979408349512,18.24519500470588,119.79732245919692,146.73067832824356,1.9353184545054671,1.9353184545054671,17.830227037320906,43.954773615333806,117.07265706722752,143.3934417942857,0.0147955438636839,0.00681520736763,0.1563909309940075,0.0317284252348454,-1.0229720028715004,25.139318885448915,27.08695652173913,0.564185544768069,0.0079324544770775,0.5361380798274002,0.0891089108910891,0.0180547466511357,0.1965558083134364,0.1835564053537285,0.0279557367501456,1.7142857142857142,0.0387303436225975,162.91988630299116,0.0062158552748364,0.0072304380381879,-725.9323547078224,31188000000.0,2175000000.0,-93553000000.0,63196000000.0,5118000000.0,1347500000.0,-330500000.0,139.87478159580664,69.8798076923077,-26.231971153846157,0.6434326400599588,1.2879256965944272,-3.430927835051546,0.0286340890838327,0.6018884702169409,2019-01-16,6.27,bmo,3541312500.0,2025-04-25,2018-12-31,-0.0303030303030302,409.6126984126984,948463.5714285716
2018-09-30,BLK,USD,1364742,2018-11-09,2018-11-09 14:42:13,2018,Q3,3576000000.0,1754000000.0,1822000000.0,0.50950783,61000000,413000000.0,77000000.0,413000000.0,13000000.0,426000000.0,2180000000.0,29000000.0,46000000.0,13000000.0,1482000000.0,0.4144295302,1396000000.0,0.3903803132,33000000.0,1429000000.0,0.3996085011,226000000.0,1216000000.0,0.3400447427,7.56,7.51,160784642,162026320,https://www.sec.gov/Archives/edgar/data/1364742/000156459018028881/0001564590-18-028881-index.htm,https://www.sec.gov/Archives/edgar/data/1364742/000156459018028881/blk-10q_20180930.htm,22.24093020028617,7.562911388016773,7.867666863356265,7.587789386003671,43.8599104508999,205.69750685516345,10.529612647954274,201.60507618631885,31.60127694285627,76126704447.74,74581704447.74,15.651049434157072,21.2882283131264,60.17921300216601,62.39893807191804,2.348502373831251,2.348502373831251,20.85618133326063,50.32503673936573,58.95786912864823,61.13254462929508,0.0159733697763676,0.0160259137558951,0.1553293228443621,0.028794134803445,-1.04251012145749,4.856740694401001,30.347826086956523,1.0515378221113882,0.0065942694307043,0.4128289473684211,0.1154921700223713,0.0170581655480984,0.179455799430408,0.0355731225296442,0.0125838926174496,0.7894736842105263,0.0338366890380313,185.2194100191952,0.0067751977948086,0.0084749306533223,-815.6920236200172,24660000000.0,1693000000.0,-110735000000.0,56628000000.0,4674500000.0,1309500000.0,-212500000.0,123.2969798657718,71.9897377423033,-9.03078677309008,0.7299448867115738,1.2501781895937276,-9.965909090909092,0.0375134968378836,0.2798774773525944,2018-10-16,6.84,bmo,3252638297.0,2025-04-25,2018-09-30,0.0994152046783625,486.1220634920635,608498.1587301587
2018-06-30,BLK,USD,1364742,2018-08-08,2018-08-08 13:07:19,2018,Q2,3605000000.0,1761000000.0,1844000000.0,0.5115117892,58000000,299000000.0,91000000.0,390000000.0,11000000.0,401000000.0,2162000000.0,19000000.0,46000000.0,11000000.0,1493000000.0,0.414147018,1440000000.0,0.399445215,-24000000.0,1416000000.0,0.3927877947,338000000.0,1073000000.0,0.2976421637,6.64,6.59,161627468,162813188,https://www.sec.gov/Archives/edgar/data/1364742/000156459018020313/0001564590-18-020313-index.htm,https://www.sec.gov/Archives/edgar/data/1364742/000156459018020313/blk-10q_20180630.htm,22.304377124809008,6.638723066552029,8.835131909633082,8.649519894724826,43.983860466093546,203.3688976678147,14.15600967033648,198.7904679667444,31.182818504587352,80658571630.72,78928571630.72,18.79277065021435,22.374083670102635,56.48359357893558,57.69568786174535,2.5103819368415814,2.5103819368415814,21.8941946271068,52.86575460865372,55.27210898509804,56.458205744434906,0.0133029878698141,0.0173323178397018,0.1554310613134142,0.025538356115347,-1.15874079035499,28.070723684210527,31.30434782608696,1.324675324675325,0.0057526434031628,0.4324324324324324,0.0829403606102635,0.0160887656033287,0.156390469907798,0.0210084033613445,0.0083217753120665,0.5555555555555556,0.0374479889042995,172.31826503532267,0.0056411993147879,0.0065043311692641,-942.6429918459156,32918000000.0,2288000000.0,-128545000000.0,64081000000.0,4382000000.0,1318500000.0,-271000000.0,111.09570041608876,62.146507666098806,-12.725724020442929,0.8101123595505618,1.4481907894736843,-7.072289156626506,0.0333955804544039,0.185612014908258,2018-07-16,6.55,bmo,3545457957.0,2025-04-25,2018-06-30,0.016793893129771,528.479375,555996.0
2018-03-31,BLK,USD,1364742,2018-05-09,2018-05-09 15:09:58,2018,Q1,3583000000.0,1814000000.0,1769000000.0,0.4937203461,53000000,291000000.0,85000000.0,376000000.0,11000000.0,387000000.0,2201000000.0,15000000.0,46000000.0,11000000.0,1434000000.0,0.4002232766,1375000000.0,0.3837566285,-16000000.0,1359000000.0,0.3792910968,265000000.0,1089000000.0,0.3039352498,6.72,6.65,161897606,163573252,https://www.sec.gov/Archives/edgar/data/1364742/000156459018012320/0001564590-18-012320-index.htm,https://www.sec.gov/Archives/edgar/data/1364742/000156459018012320/blk-10q_20180331.htm,22.13127228082669,6.726473768858571,-0.8709208461056552,-1.074753384555915,41.35329833104512,201.2568363734792,12.279366255730798,197.51990650189109,31.39021092134,87703171122.32,86658171122.32,20.13387766811754,24.47758055325705,-622.0083058320567,-504.0412133466667,2.7426096417011694,2.7426096417011694,24.185925515579125,60.43108167525803,-614.5969583143263,-498.0354662202299,0.0124168828340444,-0.0019839647503431,0.1574832697479517,0.0233129799969446,-0.7287308228730823,26.489795918367346,29.89130434782609,-0.1288848263254113,0.0057580586145017,0.4637281910009183,0.081216857382082,0.0147920736812726,0.141632371526315,-0.2340425531914893,0.009210159084566,0.6226415094339622,0.0488417527211833,172.89817978517956,0.0051579715319335,0.0058730894931561,-1072.5915242996243,36221000000.0,1988000000.0,-145792000000.0,67405000000.0,4253000000.0,1291000000.0,-536000000.0,108.3617080658666,70.50165380374862,-14.536934950385888,0.8305516921650441,1.2765657987332863,-6.191126279863481,0.0340546625805241,0.2038325384502597,2018-04-12,6.39,bmo,3417219402.0,2025-04-25,2018-03-31,0.0485133020344288,548.9473770491803,639816.7540983607
2017-12-31,BLK,USD,1364742,2018-02-28,2018-02-28 14:38:00,2017,Q4,3764000000.0,1817000000.0,1947000000.0,0.5172688629,58000000,450000000.0,102000000.0,450000000.0,1000000.0,462000000.0,2279000000.0,14000000.0,46000000.0,12000000.0,1544000000.0,0.4102019129,1485000000.0,0.3945270988,5000000.0,1486000000.0,0.3947927736,-815000000.0,2304000000.0,0.6121147715,14.17,13.95,161926693,164457829,https://www.sec.gov/Archives/edgar/data/1364742/000156459018003744/0001564590-18-003744-index.htm,https://www.sec.gov/Archives/edgar/data/1364742/000156459018003744/blk-10k_20171231.htm,23.24508658989287,14.228660866926989,8.287700904260424,7.948041031134997,48.27493142220845,199.41739932896672,10.387416483581246,196.53955385848585,31.2487083275393,83183361461.03,81159361461.03,9.025972380754125,22.099724086352285,61.98462105888972,64.6335364887568,2.613774122891752,2.613774122891752,21.56199826276036,52.56435327786917,60.47642433757824,63.06088691610722,0.0276978467752759,0.0154718440971267,0.1575490966221523,0.0227684511186693,-1.310880829015544,30.508182601205856,32.28260869565217,0.580952380952381,0.0048447188586962,0.1749131944444444,0.1195536663124335,0.0154091392136025,0.1389947188455023,0.040983606557377,0.0146121147715196,1.1,0.0332093517534537,250.8408456028729,0.0104970945684175,0.0121513860174676,-1095.2764903313378,34259000000.0,1682000000.0,-152506000000.0,65460000000.0,4330500000.0,1406500000.0,-708500000.0,100.2337938363443,57.50687947165658,-38.585580627407815,0.8979007633587787,1.5650301464254952,-2.3324775353016687,0.0723959151610369,0.3396598731254271,2018-01-12,6.07,bmo,3631294871.0,2025-04-25,2017-12-31,0.0280065897858319,486.0892063492064,469296.126984127
2017-09-30,BLK,USD,1364742,2017-11-08,2017-11-08 11:58:31,2017,Q3,3233000000.0,1449000000.0,1784000000.0,0.5518094649,51000000,363000000.0,76000000.0,363000000.0,27000000.0,390000000.0,1839000000.0,15000000.0,46000000.0,27000000.0,1461000000.0,0.451902258,1394000000.0,0.431178472,15000000.0,1404000000.0,0.4342715744,445000000.0,944000000.0,0.2919888648,5.81,5.74,162522805,164431269,https://www.sec.gov/Archives/edgar/data/1364742/000156459017022570/0001564590-17-022570-index.htm,https://www.sec.gov/Archives/edgar/data/1364742/000156459017022570/blk-10q_20170930.htm,19.89259291949828,5.808415625117965,8.288067634569806,8.011183415152107,42.36328557090803,187.1552733784037,-1.2859733746288713,184.84790488325623,31.047950470704716,72662320887.45,71415320887.45,19.243199387566204,22.475199779600988,53.94381654599109,55.80823416854839,2.418691195241661,2.418691195241661,22.089489912604392,48.88112312624914,53.018055595731255,54.85047687208141,0.0129916026417901,0.0179185027961978,0.166433659543306,0.0226688489211894,-0.8535249828884326,23.09140435835351,30.30434782608696,1.4045881126173096,0.0055737278283103,0.4290254237288136,0.1122796164553046,0.015774822146613,0.1388512334120698,0.0334075723830735,0.0139189607175997,0.6923076923076923,0.0392824002474481,155.42732329732138,0.00434949416746,0.004969964357353,-1108.9659078921263,36495000000.0,-209000000.0,-152003000000.0,67692000000.0,4323500000.0,1586000000.0,-652500000.0,124.40767089390658,102.6086956521739,-39.62732919254658,0.7234280599686731,0.8771186440677966,-2.2711598746081503,0.0314226749217761,0.2768842194176996,2017-10-11,5.56,bmo,3549195945.0,2025-04-25,2017-09-30,0.0647482014388489,426.82142857142856,477083.68253968254
2017-06-30,BLK,USD,1364742,2017-08-08,2017-08-08 13:38:45,2017,Q2,2965000000.0,1348000000.0,1617000000.0,0.5453625632,51000000,350000000.0,86000000.0,350000000.0,25000000.0,375000000.0,1723000000.0,13000000.0,48000000.0,25000000.0,1295000000.0,0.436762226,1242000000.0,0.4188870152,6000000.0,1243000000.0,0.4192242833,376000000.0,854000000.0,0.2880269815,5.24,5.18,163155083,164809095,https://www.sec.gov/Archives/edgar/data/1364742/000156459017016394/0001564590-17-016394-index.htm,https://www.sec.gov/Archives/edgar/data/1364742/000156459017016394/blk-10q_20170630.htm,18.172893822744093,5.2342837519809295,8.151753384232595,7.931104420448856,38.30098263012744,183.1815439056839,-4.504916343918013,181.1466701285672,30.75601389630012,68918338610.03,68306338610.03,20.17515767272541,23.24395905903204,51.81829970678948,53.25992164608192,2.331867318897987,2.331867318897987,23.037550964596964,52.74620742087259,51.35814933084962,52.78696955952859,0.0123914768873391,0.0187758443702773,0.1681610556589409,0.022851835503568,-0.4725868725868726,23.70328947368421,25.875,1.5340253748558246,0.0059055399217178,0.4765807962529274,0.118043844856661,0.0172006745362563,0.1407985727948208,0.0270676691729323,0.0121416526138279,0.5373134328358209,0.0431703204047217,146.06126839116757,0.004011253954133,0.0045701197649652,-1094.3698272642846,34509000000.0,-735000000.0,-151572000000.0,65680000000.0,4251000000.0,1760000000.0,-768000000.0,126.8195615514334,101.48367952522256,-44.532640949554896,0.7096696984202968,0.8868421052631579,-2.0209895052473765,0.0288952799864659,0.2206489637837394,2017-07-17,5.4,bmo,3055534351.0,2025-04-25,2017-06-30,-0.0296296296296296,398.8438095238095,579214.7777777778
2017-03-31,BLK,USD,1364742,2017-05-09,2017-05-09 11:54:54,2017,Q1,2824000000.0,1351000000.0,1473000000.0,0.5216005666,43000000,301000000.0,69000000.0,301000000.0,25000000.0,326000000.0,1677000000.0,7000000.0,65000000.0,25000000.0,1222000000.0,0.4327195467,1147000000.0,0.4061614731,-7000000.0,1140000000.0,0.4036827195,269000000.0,859000000.0,0.3041784703,5.25,5.19,163671282,165518254,https://www.sec.gov/Archives/edgar/data/1364742/000156459017009686/0001564590-17-009686-index.htm,https://www.sec.gov/Archives/edgar/data/1364742/000156459017009686/blk-10q_20170331.htm,17.254095926248077,5.2483245044784335,-1.1669732018106878,-1.2830595412578245,40.83184244869543,180.3309636201176,-5.718779669606303,178.1375427853006,34.72814491671178,62769573359.82,62574573359.82,18.26821110588475,22.227186033930597,-328.6365097372775,-298.9027302848571,2.152886999582247,2.152886999582247,22.15813504242918,51.206688510491,-327.6155673289005,-297.9741588562857,0.0136849743278622,-0.0033455699753795,0.1927219097269858,0.0243683484686841,-0.1595744680851064,20.088,17.646153846153847,-0.2192881745120551,0.0071212846618794,0.5203725261932479,0.1065864022662889,0.0152266288951841,0.1320591883288664,-0.0994764397905759,0.006728045325779,0.3275862068965517,0.0573654390934844,145.03717349966712,0.0038220748131767,0.0042921028305893,-1170.5138351638254,38176000000.0,-936000000.0,-160895000000.0,69173000000.0,3723500000.0,1440000000.0,-717500000.0,137.8045325779037,133.23464100666172,-57.89045151739452,0.6530989824236818,0.6755,-1.5546605293440736,0.0294622033200713,0.1160863394471364,2017-04-19,4.89,bmo,2879977142.0,2025-04-25,2017-03-31,-0.0265848670756646,382.52532258064514,549566.9354838709
2016-12-31,BLK,USD,1364742,2017-02-28,2017-02-28 15:14:26,2016,Q4,2890000000.0,1286000000.0,1604000000.0,0.555017301,46000000,355000000.0,93000000.0,355000000.0,24000000.0,379000000.0,1665000000.0,7000000.0,51000000.0,24000000.0,1289000000.0,0.4460207612,1225000000.0,0.4238754325,-38000000.0,1187000000.0,0.4107266436,336000000.0,851000000.0,0.2944636678,5.19,5.11,164097942,166520246,https://www.sec.gov/Archives/edgar/data/1364742/000156459017002816/0001564590-17-002816-index.htm,https://www.sec.gov/Archives/edgar/data/1364742/000156459017002816/blk-10k_20161231.htm,17.611433542536446,5.185927316504676,7.263954596091156,7.075043025219658,41.079125782089335,178.82003663397558,-6.9287889058352725,177.32093191028562,30.26241486928581,62445830848.68,61185830848.68,18.344838674700352,21.607553926878893,52.38744198714765,53.78624534770026,2.1460523351666785,2.1460523351666785,21.17156776770934,47.46767327283165,51.33039500728188,52.7009740298708,0.0136278113115695,0.0185921139045032,0.1689119527115265,0.022322949263547,-0.9775019394879751,34.11791590493601,24.01960784313725,1.400705052878966,0.0059891908701845,0.4394829612220917,0.1228373702422145,0.015916955017301,0.138438619837676,0.0260067114093959,0.0107266435986159,0.5344827586206896,0.0391003460207612,143.84158978920652,0.0040087248710996,0.0044861251686909,-1109.293314598668,36231000000.0,-1137000000.0,-153508000000.0,67271000000.0,3567500000.0,1117000000.0,-586500000.0,97.2560553633218,61.58631415241058,-39.61119751166407,0.925392251040666,1.4613636363636364,-2.2720848056537104,0.0292459962884047,0.1889115708714981,2017-01-13,5.02,bmo,2822529182.0,2025-04-25,2016-12-31,0.0239043824701195,366.7406349206349,740781.0634920635
2016-09-30,BLK,USD,1364742,2016-11-08,2016-11-08 12:43:31,2016,Q3,2837000000.0,1291000000.0,1546000000.0,0.54494184,41000000,312000000.0,72000000.0,312000000.0,25000000.0,337000000.0,1628000000.0,22000000.0,52000000.0,25000000.0,1274000000.0,0.4490659147,1209000000.0,0.4261543884,1000000.0,1210000000.0,0.4265068735,333000000.0,875000000.0,0.308424392,5.31,5.24,164788365,166924293,https://www.sec.gov/Archives/edgar/data/1364742/000156459016028171/0001564590-16-028171-index.htm,https://www.sec.gov/Archives/edgar/data/1364742/000156459016028171/blk-10q_20160930.htm,17.216021288881652,5.309840898051268,6.432492973639249,6.3050567920860185,37.75752007734284,179.38766489976402,-5.764970117884233,175.40073293402722,30.42083705363543,59729190777.9,59075190777.9,17.065483079399996,21.053644969298556,56.34829318669812,57.48719035409047,2.066467989824938,2.066467989824938,20.823119766619666,46.36985147401883,55.73131205462264,56.8577389585178,0.0146494534515567,0.0173951795841914,0.171637143647938,0.0218797824811788,-0.5133437990580848,29.14771048744461,23.25,1.2086659064994298,0.0062950794260403,0.4297142857142857,0.1099753260486429,0.0144518857948537,0.1345644110629402,0.0198113207547169,0.0074021854071201,0.3684210526315789,0.0419457173070144,144.75971355604597,0.0038879038383724,0.0044590985995882,-1142.377375975543,38112000000.0,-950000000.0,-157712000000.0,69187000000.0,3448500000.0,1484500000.0,-617500000.0,127.275290800141,94.39194422927964,-42.316034082106896,0.7071286141575274,0.9534711964549484,-2.1268533772652387,0.0302726266260725,0.1274361815532304,2016-10-18,5.0,bmo,2759727626.0,2025-04-25,2016-09-30,0.0279999999999999,363.8546875,528038.640625
2016-06-30,BLK,USD,1364742,2016-08-08,2016-08-08 13:33:41,2016,Q2,2804000000.0,1290000000.0,1514000000.0,0.5399429387,42000000,316000000.0,75000000.0,316000000.0,25000000.0,341000000.0,1631000000.0,6000000.0,51000000.0,25000000.0,1250000000.0,0.4457917261,1173000000.0,0.4183309558,-25000000.0,1148000000.0,0.4094151213,353000000.0,789000000.0,0.2813837375,4.77,4.71,165420291,167308522,https://www.sec.gov/Archives/edgar/data/1364742/000156459016023209/0001564590-16-023209-index.htm,https://www.sec.gov/Archives/edgar/data/1364742/000156459016023209/blk-10q_20160630.htm,16.95076210451111,4.7696687947429615,2.823111948219218,2.599439267096925,35.45514256168247,176.24802751676938,-8.372612523091258,172.6994906568022,30.232083197097023,56661412276.23,56374412276.23,17.95355268575095,20.20735102575963,121.3306472724411,131.7707262237907,1.9833874361603887,1.9833874361603887,20.10499724544579,45.099529820984,120.71608624460384,131.10328436332557,0.0139248205843078,0.0075889389749713,0.1732707924950994,0.0222917745603566,-0.2296,24.78575851393189,23.0,0.5874213836477987,0.0066359094292772,0.476552598225602,0.1126961483594864,0.0149786019971469,0.1375334939542005,0.0792291220556745,0.0131954350927246,0.6379310344827587,0.0417261055634807,136.13848044439695,0.0036849606140901,0.0041197817403336,-1119.4832803189786,38414000000.0,-1385000000.0,-152871000000.0,69530000000.0,2705500000.0,1500000000.0,-647000000.0,92.59985734664764,112.67441860465117,-43.81395348837209,0.9719237435008664,0.7987616099071208,-2.054140127388535,0.0276183141977037,0.2236726811222935,2016-07-14,4.78,bmo,2804000000.0,2025-04-25,2016-06-30,0.0,351.40421875,586656.484375
2016-03-31,BLK,USD,1364742,2016-05-10,2016-05-09 18:30:45,2016,Q1,2624000000.0,1242000000.0,1382000000.0,0.5266768293,46000000,318000000.0,86000000.0,318000000.0,25000000.0,343000000.0,1585000000.0,5000000.0,51000000.0,25000000.0,1095000000.0,0.4173018293,963000000.0,0.3669969512,-48000000.0,915000000.0,0.3487042683,268000000.0,657000000.0,0.2503810976,3.95,3.9,166052337,168071221,https://www.sec.gov/Archives/edgar/data/1364742/000156459016018688/0001564590-16-018688-index.htm,https://www.sec.gov/Archives/edgar/data/1364742/000156459016018688/blk-10q_20160331.htm,15.8022467338114,3.95658388114104,-3.402541693827531,-3.5832076244732405,34.62763670709434,174.55942218988463,-8.912852578521674,170.99428115847596,30.22541019702722,56552444412.09,56436444412.09,21.51919498176941,21.55199863265625,-100.0928219683009,-95.04612506233612,1.9917040364897511,1.9917040364897511,21.50779131558308,51.540131883187215,-99.8875122337876,-94.85116707914284,0.0116175349594533,-0.0105212074594745,0.1749665422272311,0.0222822235578001,-0.1059360730593607,28.342960288808666,18.88235294117647,-0.8732612055641422,0.0074090519756635,0.6377473363774734,0.1211890243902439,0.017530487804878,0.1366445698292952,-0.0530973451327433,0.0114329268292682,0.5357142857142857,0.0655487804878048,123.37928259426626,0.0030732128174757,0.0034131288573031,-1124.1064315764493,37870000000.0,-1480000000.0,-154717000000.0,68917000000.0,2418000000.0,1226500000.0,-693000000.0,86.63871951219512,100.3623188405797,-48.26086956521739,1.0387965162311956,0.8967509025270758,-1.864864864864865,0.0231386912728041,0.1806659306457096,2016-04-14,4.29,bmo,2648696470.0,2025-04-25,2016-03-31,-0.0093240093240093,317.06590163934425,916120.8360655736
2015-12-31,BLK,USD,1364742,2016-02-26,2016-02-26 13:40:10,2015,Q4,2863000000.0,1292000000.0,1571000000.0,0.5487251135,49000000,410000000.0,114000000.0,410000000.0,24000000.0,434000000.0,1726000000.0,5000000.0,51000000.0,24000000.0,1188000000.0,0.4149493538,1137000000.0,0.3971358715,11000000.0,1148000000.0,0.4009779951,279000000.0,861000000.0,0.3007334963,5.17,5.09,166492777,169309795,https://www.sec.gov/Archives/edgar/data/1364742/000156459016013511/0001564590-16-013511-index.htm,https://www.sec.gov/Archives/edgar/data/1364742/000156459016013511/blk-10k_20151231.htm,17.19594117887769,5.171395513452215,6.949250417031605,6.582868156496663,41.74955890128495,174.44600614716157,-8.715092787478703,171.19661593487626,29.917213765976165,56694120424.03999,55393120424.03999,16.461707440197443,19.80234733637443,49.000968387242864,51.72821206572992,1.98905800877241,1.98905800877241,19.347928894180928,46.627205744141406,47.87650857738979,50.54116827010948,0.0151867599948673,0.0193318106322584,0.1729642493772585,0.0218857236716519,-1.0951178451178452,38.23408239700375,22.294117647058822,1.331415420023015,0.0063675033195668,0.4192799070847851,0.1432064268250087,0.0171149144254278,0.1353762968290116,0.0527225583405358,0.0213063220398183,1.196078431372549,0.0408662242403073,141.1375986765609,0.0038389840224616,0.0044206894427158,-1128.5384470462643,39766000000.0,-1451000000.0,-155383000000.0,70842000000.0,2426000000.0,1205500000.0,-642500000.0,72.6161369193154,74.39628482972137,-50.154798761609904,1.2393939393939395,1.209737827715356,-1.7944444444444445,0.0302073465950952,0.366382260534942,2016-01-15,4.8,bmo,2893136842.0,2025-04-25,2015-12-31,-0.0104166666666666,340.06375,749939.953125
2015-09-30,BLK,USD,1364742,2015-11-06,2015-11-06 12:35:27,2015,Q3,2910000000.0,1335000000.0,1575000000.0,0.5412371134,40000000,319000000.0,76000000.0,319000000.0,34000000.0,353000000.0,1688000000.0,12000000.0,50000000.0,34000000.0,1254000000.0,0.4309278351,1222000000.0,0.4199312715,-48000000.0,1174000000.0,0.4034364261,342000000.0,843000000.0,0.2896907216,5.06,4.98,166712137,169342672,https://www.sec.gov/Archives/edgar/data/1364742/000156459015009883/0001564590-15-009883-index.htm,https://www.sec.gov/Archives/edgar/data/1364742/000156459015009883/blk-10q_20150930.htm,17.455237827105535,5.056620442697582,8.103789108047964,7.947831656671763,37.87366723035888,170.83939125559883,-11.060982320681306,168.76995584310697,29.99181757234628,49591859393.39001,48792859393.39001,14.706957115477463,17.04187608020275,36.70751990628424,37.42781841010567,1.762576748414487,1.762576748414487,16.767305633467355,38.90977623077353,36.116106138704666,36.82479954218114,0.0169987576653026,0.026718094788287,0.1759311913562695,0.022275623717464,-0.6371610845295056,29.77736411020104,24.44,1.6237980769230769,0.0072995851421584,0.4294187425860024,0.1096219931271477,0.0137457044673539,0.1364663210569896,0.0192450037009622,0.00893470790378,0.3823529411764705,0.0439862542955326,138.56993252023332,0.0039208822978595,0.0043931190102714,-1114.4779458978442,38648000000.0,-1844000000.0,-153744000000.0,69516000000.0,2444500000.0,1313500000.0,-579000000.0,78.61855670103093,90.53932584269664,-38.08988764044943,1.1447678992918962,0.9940431868950113,-2.3628318584070795,0.0299616150127949,0.1559574513762006,2015-10-14,4.57,bmo,2659740000.0,2025-04-25,2015-09-30,0.0940919037199124,322.619375,801033.796875
2015-06-30,BLK,USD,1364742,2015-08-07,2015-08-07 16:43:13,2015,Q2,2905000000.0,1320000000.0,1585000000.0,0.5456110155,39000000,312000000.0,80000000.0,312000000.0,35000000.0,347000000.0,1667000000.0,5000000.0,52000000.0,35000000.0,1303000000.0,0.4485370052,1238000000.0,0.42616179,-41000000.0,1197000000.0,0.4120481928,371000000.0,819000000.0,0.2819277108,4.9,4.82,167285699,169793933,https://www.sec.gov/Archives/edgar/data/1364742/000119312515283171/0001193125-15-283171-index.htm,https://www.sec.gov/Archives/edgar/data/1364742/000119312515283171/d14172d10q.htm,17.36550115978533,4.895815989626226,5.89410813891509,5.678907436074377,33.26046418349246,168.15543808081287,-13.354399170726484,166.03929783621254,29.883008708353486,57877506140.02,57853506140.02,17.667126416367523,19.923410030987952,58.69929628805274,60.92369067370527,2.0837235793497983,2.0837235793497983,19.91514841308778,44.40023495013048,58.67495551726167,60.89842751581053,0.0141505751477722,0.0164139760566344,0.1781033986175115,0.0208727131573617,-0.0184190330007674,31.66355140186916,23.807692307692307,1.2465233881163085,0.0062891445101209,0.4444444444444444,0.1074010327022375,0.0134251290877796,0.1281138189428205,0.0365111561866125,0.0123924268502581,0.5538461538461539,0.0433734939759036,135.24127183736817,0.0036241214202237,0.0039633379144809,-1206.6198796826022,39372000000.0,-2234000000.0,-168222000000.0,70281000000.0,2591500000.0,1499000000.0,-698000000.0,72.71256454388985,87.54545454545455,-40.43181818181819,1.237750319556881,1.02803738317757,-2.225969645868465,0.0294858870967741,0.2152007028407132,2015-07-15,4.8,bmo,2811290322.0,2025-04-25,2015-06-30,0.0333333333333333,364.5269841269841,511980.2380952381
2015-03-31,BLK,USD,1364742,2015-05-08,2015-05-08 13:17:37,2015,Q1,2723000000.0,1282000000.0,1441000000.0,0.52919574,41000000,339000000.0,95000000.0,339000000.0,35000000.0,374000000.0,1656000000.0,4000000.0,51000000.0,35000000.0,1130000000.0,0.4149834741,1067000000.0,0.3918472273,51000000.0,1118000000.0,0.41057657,258000000.0,822000000.0,0.3018729343,4.9,4.82,167760075,170404784,https://www.sec.gov/Archives/edgar/data/1364742/000119312515179094/0001193125-15-179094-index.htm,https://www.sec.gov/Archives/edgar/data/1364742/000119312515179094/d884015d10q.htm,16.231513964213477,4.899854747919015,-2.920837988418877,-3.505005586102653,32.03980446479891,164.854480423903,-16.38053631056138,163.1794692509526,53.36788267411063,61373345837.99999,65703345837.99999,18.66585943978102,22.53887103856041,-125.25172619999998,-104.3764385,2.241948706410959,2.241948706410959,24.129028952625777,58.144553838938045,-134.08846089387754,-111.74038407823129,0.0133934363326017,-0.0095807062817151,0.3251872146118721,0.0366769119210263,3.831858407079646,27.228704784130688,20.92156862745098,-0.5697674418604651,0.0063382563666448,0.4732360097323601,0.1244950422328314,0.0150569225119353,0.1252667748873159,-0.2,0.0359897172236503,1.5555555555555556,0.0525156077855306,134.12681755105564,0.0034056814554739,0.0038716970467712,-1239.6125836257524,44956000000.0,-2748000000.0,-168388000000.0,75897000000.0,2522500000.0,1374500000.0,-637500000.0,93.73485126698496,120.3276131045242,-56.37285491419657,0.9601551480959096,0.7479579929988331,-1.5965130759651307,0.0300273972602739,0.5841675976837755,2015-04-16,4.52,bmo,2516965235.0,2025-04-25,2015-03-31,0.081858407079646,362.4131147540984,547092.2459016393
2014-12-31,BLK,USD,1364742,2015-02-27,2015-02-27 16:34:29,2014,Q4,2784000000.0,1218000000.0,1566000000.0,0.5625,40000000,387000000.0,114000000.0,387000000.0,71000000.0,422000000.0,1640000000.0,6000000.0,58000000.0,35000000.0,1179000000.0,0.4234913793,1144000000.0,0.4109195402,-60000000.0,1084000000.0,0.3893678161,278000000.0,813000000.0,0.2920258621,4.84,4.75,167869319,171051649,https://www.sec.gov/Archives/edgar/data/1364742/000119312515069955/0001193125-15-069955-index.htm,https://www.sec.gov/Archives/edgar/data/1364742/000119312515069955/d822114d10k.htm,16.584328908846054,4.843052946441035,7.571365676416427,7.416483294365422,38.55975611600593,163.9370443862943,-16.59028592354032,163.01966412337683,49.94956821144905,60023353701.64,62349353701.64,18.45736583691267,21.56011268018678,47.22529795565696,48.21152907762249,2.1933550281970327,2.1933550281970327,22.39560118593391,52.88325165533503,49.05535303040126,50.07980216999197,0.0135447280077218,0.0207419266538914,0.3042826865453482,0.0347236122231118,1.972858354537744,43.60096618357488,19.724137931034484,1.5769230769230769,0.0053645786205245,0.3960639606396064,0.1390086206896551,0.014367816091954,0.1263719308780357,0.020456333595594,0.0093390804597701,0.4126984126984127,0.0420258620689655,133.28180466538683,0.0035624318751511,0.0038806126881237,-1217.5795506741763,44092000000.0,-2785000000.0,-167161000000.0,74864000000.0,2420000000.0,1305500000.0,-443000000.0,71.41163793103449,76.47783251231527,-34.87684729064039,1.2602987777274786,1.1768115942028985,-2.580508474576271,0.0297083972812979,0.1548823820510048,2015-01-15,4.67,bmo,2703136929.0,2025-04-25,2014-12-31,0.0321199143468951,341.6796875,558498.390625
2014-09-30,BLK,USD,1364742,2014-11-07,2014-11-07 15:06:37,2014,Q3,2849000000.0,1276000000.0,1573000000.0,0.5521235521,40000000,376000000.0,101000000.0,376000000.0,40000000.0,416000000.0,1692000000.0,10000000.0,61000000.0,40000000.0,1227000000.0,0.4306774307,1157000000.0,0.4061074061,-52000000.0,1105000000.0,0.3878553879,232000000.0,917000000.0,0.3218673219,5.44,5.35,168607468,171464622,https://www.sec.gov/Archives/edgar/data/1364742/000119312514403120/0001193125-14-403120-index.htm,https://www.sec.gov/Archives/edgar/data/1364742/000119312514403120/d800369d10q.htm,16.897234943353755,5.438667758180201,7.615321048531492,7.579735436155176,39.962642698602174,161.81964134589816,-18.148662311920845,160.7639348454008,52.70822286471913,55357203893.76,57859203893.76,15.091931268745912,19.43039799710776,43.113087144672896,43.31549600450705,2.0422490922216485,2.0422490922216485,20.308600875310635,47.15501539833741,45.06168527551402,45.27324248338029,0.0165651430256463,0.02308642615788,0.3256105659263631,0.0396118700967631,2.039119804400978,20.814720812182745,18.9672131147541,1.470790378006873,0.0058528967724202,0.3533260632497274,0.1319761319761319,0.014040014040014,0.1361865608674577,0.0046728971962616,0.0021060021060021,0.0857142857142857,0.0351000351000351,140.2593549651571,0.0041317071043644,0.0047644283725086,-1109.2257787774856,31228000000.0,-3060000000.0,-162724000000.0,62040000000.0,3419000000.0,2333500000.0,-400500000.0,83.11337311337311,111.15987460815047,-29.20062695924765,1.0828582288103383,0.8096446700507615,-3.082125603864734,0.0338301483066479,0.0355856123763153,2014-10-15,4.66,bmo,2548241842.0,2025-04-25,2014-09-30,0.1180257510729613,321.83734375,564606.984375
2014-06-30,BLK,USD,1364742,2014-08-08,2014-08-08 10:57:27,2014,Q2,2778000000.0,1238000000.0,1540000000.0,0.5543556515,43000000,377000000.0,109000000.0,377000000.0,41000000.0,418000000.0,1656000000.0,3000000.0,60000000.0,41000000.0,1194000000.0,0.4298056156,1122000000.0,0.403887689,16000000.0,1138000000.0,0.4096472282,297000000.0,808000000.0,0.2908567315,4.77,4.7,169389778,171837501,https://www.sec.gov/Archives/edgar/data/1364742/000119312514302181/0001193125-14-302181-index.htm,https://www.sec.gov/Archives/edgar/data/1364742/000119312514302181/d756612d10q.htm,16.400045107798654,4.7700635158752025,4.321394175273079,4.2092268401225486,34.73645263293279,159.7853206939087,-19.61747656343229,158.69316506217984,51.33131469125605,54136973048.8,57274973048.8,16.75030106707921,19.487751277465804,73.95761345464481,75.92843344852736,2.01394937125851,2.01394937125851,20.617340910295177,47.96898915309883,78.24449870054646,80.3295554681627,0.0149251048681952,0.0131702967463158,0.3212306089803207,0.037269144946114,2.628140703517588,11.74086056292462,18.7,0.8703923900118906,0.0060217626077124,0.4034653465346535,0.1357091432685385,0.015478761699064,0.1311606306621262,0.0259562841530054,0.0068394528437724,0.2638888888888889,0.0392368610511159,130.5065926681176,0.0036271587603101,0.0040138298295115,-1155.8032149968342,33200000000.0,-3323000000.0,-168336000000.0,64085000000.0,3537500000.0,2353000000.0,-447500000.0,136.29589632829374,224.7092084006462,-28.134087237479804,0.6603280247207036,0.4005176318343578,-3.198966408268734,0.0300584055652691,0.1121673351505307,2014-07-16,4.46,bmo,2533717791.0,2025-04-25,2014-06-30,0.0964125560538115,306.49380952380955,583482.6349206349
2014-03-31,BLK,USD,1364742,2014-05-09,2014-05-09 14:55:06,2014,Q1,2670000000.0,1265000000.0,1405000000.0,0.5262172285,41000000,313000000.0,89000000.0,313000000.0,41000000.0,354000000.0,1619000000.0,10000000.0,53000000.0,41000000.0,1124000000.0,0.4209737828,1051000000.0,0.3936329588,17000000.0,1068000000.0,0.4,324000000.0,756000000.0,0.2831460674,4.45,4.38,169760461,172624298,https://www.sec.gov/Archives/edgar/data/1364742/000119312514192207/0001193125-14-192207-index.htm,https://www.sec.gov/Archives/edgar/data/1364742/000119312514192207/d686413d10q.htm,15.728043999597762,4.453333806627681,-1.2134745557742097,-1.3018343535247587,30.001096662903148,157.286330649161,-21.989808333520017,155.9727149892695,48.49774765868479,53386269775.28001,56981269775.28001,17.654189740502648,19.99485759373783,-259.1566493945631,-241.56683156235297,2.0162500859309618,2.0162500859309618,21.34129954130337,50.69507987124556,-276.60810570524274,-257.8337998881448,0.0141609444372541,-0.0041396411648586,0.3089357202205605,0.0378183701114671,3.198398576512456,16.96470588235294,19.83018867924528,-0.2768817204301075,0.0068556953227976,0.4841269841269841,0.1172284644194756,0.0153558052434456,0.1407046792142285,-0.0728155339805825,0.0056179775280898,0.2054794520547945,0.047565543071161,125.01387004207731,0.003410427065943,0.0040675120922399,-1075.6686152024529,25783000000.0,-3733000000.0,-162198000000.0,56725000000.0,2594500000.0,1349500000.0,-468000000.0,96.67415730337078,114.90118577075098,-36.14229249011858,0.9309623430962344,0.7832817337461301,-2.4901574803149606,0.0285520054384772,0.0883597977505492,2014-04-17,4.11,bmo,2477133182.0,2025-04-25,2014-03-31,0.0778588807785886,305.65016393442625,776304.9508196721
2013-12-31,BLK,USD,1364742,2014-02-28,2014-02-28 14:29:28,2013,Q4,2777000000.0,1193000000.0,1584000000.0,0.5703997119,43000000,410000000.0,118000000.0,410000000.0,41000000.0,451000000.0,1644000000.0,4000000.0,52000000.0,41000000.0,1209000000.0,0.4353619013,1133000000.0,0.4079942384,24000000.0,1157000000.0,0.4166366583,307000000.0,841000000.0,0.3028447965,4.96,4.84,169689361,173694304,https://www.sec.gov/Archives/edgar/data/1364742/000119312514076587/0001193125-14-076587-index.htm,https://www.sec.gov/Archives/edgar/data/1364742/000119312514076587/d641151d10k.htm,16.36519805151485,4.956115074297439,6.871379520369577,6.671013393703569,29.34185131382515,157.16954700536587,-22.458685550710516,155.93199151713466,43.373373301818255,53701592075.670006,56458592075.670006,15.963612388724735,19.337987783820672,46.05625392424529,47.43956897143993,2.029538627198413,2.029538627198413,20.330785767256035,46.69858732478909,48.42074792081476,49.8750813389311,0.0156606157749468,0.0210794495329843,0.2761904761904762,0.0332373688447421,2.2803970223325063,28.51568265682657,21.78846153846154,1.371764705882353,0.0053257266487928,0.3400713436385256,0.147641339575081,0.0154843356139719,0.1386300273339609,0.0291595197255574,0.0122434281598847,0.4473684210526316,0.0388908894490457,131.86500714281274,0.0038044334660524,0.0044405254709808,-1100.229554167512,29827000000.0,-3811000000.0,-162292000000.0,60833000000.0,3316000000.0,2203000000.0,-438000000.0,75.22146200936263,81.77703269069572,-32.2883487007544,1.196467040068936,1.1005535055350553,-2.787383177570093,0.0317838246409675,0.2003661266660082,2014-01-16,4.33,bmo,2443985772.0,2025-04-25,2013-12-31,0.1362586605080831,298.51625,618485.875
2013-09-30,BLK,USD,1364742,2013-11-08,2013-11-08 14:22:06,2013,Q3,2472000000.0,1132000000.0,1340000000.0,0.5420711974,39000000,334000000.0,96000000.0,334000000.0,40000000.0,374000000.0,1506000000.0,8000000.0,52000000.0,40000000.0,1037000000.0,0.4194983819,966000000.0,0.390776699,-18000000.0,948000000.0,0.3834951456,219000000.0,730000000.0,0.2953074434,4.28,4.19,170493605,174067777,https://www.sec.gov/Archives/edgar/data/1364742/000119312513434891/0001193125-13-434891-index.htm,https://www.sec.gov/Archives/edgar/data/1364742/000119312513434891/d584518d10q.htm,14.499077546046376,4.281685521283921,6.721659736152567,6.639545219306026,26.558180877224103,153.58933843882298,-25.015601025035515,152.49252310665847,41.39744713592044,46138979385.1,49064979385.1,15.801020337363015,18.66463567358414,40.26088951579407,40.75881571121908,1.7746443857494518,1.7746443857494518,19.848292631512944,47.31434849093539,42.81411813708552,43.34362136492933,0.0158217630673413,0.0245345695783978,0.269471902765491,0.032935778522638,2.8216007714561235,9.771222155328116,18.57692307692308,1.5720164609053495,0.0062203369867492,0.3931506849315068,0.1351132686084142,0.0157766990291262,0.143152639422331,0.0122164048865619,0.0056634304207119,0.1971830985915492,0.044093851132686,121.2056646222496,0.003547562129716,0.0040051353516289,-1049.8560928428958,29138000000.0,-4265000000.0,-154071000000.0,60112000000.0,3280000000.0,2296500000.0,-408000000.0,156.95388349514562,264.1166077738516,-35.618374558303884,0.5734168406402227,0.3407585791691752,-2.5267857142857144,0.0280780030001153,0.0821145168465409,2013-10-16,3.88,bmo,2472000000.0,2025-04-25,2013-09-30,0.0,271.65890625,640777.78125
2013-06-30,BLK,USD,1364742,2013-08-08,2013-08-08 16:20:02,2013,Q2,2482000000.0,1128000000.0,1354000000.0,0.5455278002,40000000,465000000.0,106000000.0,465000000.0,40000000.0,505000000.0,1633000000.0,4000000.0,53000000.0,40000000.0,870000000.0,0.3505237712,849000000.0,0.3420628525,69000000.0,918000000.0,0.3698630137,212000000.0,729000000.0,0.2937147462,4.25,4.17,171334065,174571868,https://www.sec.gov/Archives/edgar/data/1364742/000119312513326890/0001193125-13-326890-index.htm,https://www.sec.gov/Archives/edgar/data/1364742/000119312513326890/d539907d10q.htm,14.486319460172734,4.254845643217536,6.653668084043883,6.490244657418243,24.28588850676017,150.7289283073976,-25.657477980225355,149.3515022829815,41.649627585734336,43880367387.15,47170367387.15,15.04813696404321,17.679438915048348,38.49155033960526,39.46076203880395,1.7148136850658486,1.7148136850658486,19.004982831244963,54.21881308867816,41.37751525188597,42.419395132329136,0.0166133522440261,0.025341629211738,0.2767986244089257,0.0365583627964592,3.781609195402299,21.737214791502755,16.0188679245283,1.614730878186969,0.0065177211821556,0.392318244170096,0.1873489121676067,0.016116035455278,0.1559833802162636,0.0245614035087719,0.0112812248186946,0.3888888888888889,0.0419016921837228,119.57433147597608,0.0033923264468077,0.0044580612020253,-947.0168702295132,26357000000.0,-4396000000.0,-140292000000.0,57102000000.0,2433500000.0,1464000000.0,-308500000.0,81.55116841257052,101.4095744680851,-29.361702127659573,1.103601600711427,0.8874901652242329,-3.065217391304348,0.0284888037828754,0.1634234266256392,2013-07-18,3.82,bmo,2284636144.0,2025-04-25,2013-06-30,0.0863874345549739,267.90453125,844940.03125
2013-03-31,BLK,USD,1364742,2013-05-09,2013-05-09 14:06:08,2013,Q1,2449000000.0,1169000000.0,1280000000.0,0.5226623111,38000000,331000000.0,89000000.0,331000000.0,40000000.0,371000000.0,1540000000.0,6000000.0,54000000.0,40000000.0,1076000000.0,0.4393630053,909000000.0,0.3711719069,41000000.0,950000000.0,0.3879134341,284000000.0,632000000.0,0.2580645161,3.68,3.61,171989757,175262178,https://www.sec.gov/Archives/edgar/data/1364742/000119312513210506/0001193125-13-210506-index.htm,https://www.sec.gov/Archives/edgar/data/1364742/000119312513210506/d502200d10q.htm,14.23922007169299,3.674637437856256,1.104716951254254,1.000059555872272,26.053877150370067,149.23563151496285,-26.739964520096397,147.36342699757404,46.93884182881891,43506528930.72,47293528930.72,17.20986112765823,17.76501793822785,228.9817312143158,252.94493564372087,1.7165724573178145,1.7165724573178145,19.31136338534912,43.95309380178439,248.91331016168425,274.96237750418607,0.0145265553362438,0.0039534296168258,0.3163937660288025,0.0399475933804262,3.5195167286245352,18.287869643934823,16.833333333333332,0.2852852852852853,0.0071023822767394,0.4889240506329114,0.1351572070232748,0.0155165373621886,0.150773645249031,0.0947368421052631,0.0073499387505104,0.25,0.0518579011841568,110.38075570887284,0.0032009927723151,0.0037073537003144,-981.1688960058244,28646000000.0,-4599000000.0,-144768000000.0,59441000000.0,2472500000.0,1356000000.0,-233000000.0,96.2106982441813,127.57057313943542,-19.170230966638155,0.9354469060351414,0.7054918527459264,-4.694779116465863,0.0249358847898993,0.1046573953819819,2013-04-16,3.58,bmo,2402032876.0,2025-04-25,2013-03-31,0.0195530726256982,238.88616666666667,827898.1166666667
2012-12-31,BLK,USD,1364742,2013-03-01,2013-02-28 17:48:24,2012,Q4,2539000000.0,1093000000.0,1446000000.0,0.5695155573,35000000,401000000.0,119000000.0,401000000.0,4012000000.0,441000000.0,1534000000.0,9000000.0,57000000.0,40000000.0,1071000000.0,0.421819614,1005000000.0,0.395825128,-67000000.0,938000000.0,0.3694367861,288000000.0,690000000.0,0.2717605356,4.0,3.91,172207104,175879553,https://www.sec.gov/Archives/edgar/data/1364742/000119312513084957/0001193125-13-084957-index.htm,https://www.sec.gov/Archives/edgar/data/1364742/000119312513084957/d439552d10k.htm,14.743874910061782,4.006803343025848,2.0556643238132617,1.8872624441788417,29.731642197525137,148.75692933085966,-27.263683616675884,147.514239598385,47.884203429842245,35596930467.840004,38882930467.84,12.89743857530435,14.020059262638837,100.55630075661016,109.52901682412308,1.401288448917057,1.401288448917057,15.314269581662073,36.30525720619982,109.8387866323164,119.63978605489233,0.0193836937885242,0.0091300006974933,0.3223635003739716,0.0408528767628996,3.0681605975723625,27.81437125748503,17.63157894736842,0.5446153846153846,0.0071916313186408,0.3710144927536232,0.1579361953525009,0.0137849547065773,0.1512190011524013,0.0819209039548022,0.0114218196140212,0.3815789473684211,0.0421425758172508,115.320693452005,0.0034929360294739,0.0040555075555869,-976.0180973718716,31346000000.0,-4695000000.0,-142319000000.0,62215000000.0,2456000000.0,1241000000.0,-108500000.0,82.48523040567152,86.87099725526075,-17.86825251601098,1.091104426299957,1.0360189573459715,-5.0368663594470044,0.0271621462032043,0.1684018796344197,2013-01-17,3.73,bmo,2382439678.0,2025-04-25,2012-12-31,0.0616621983914209,192.9174193548387,775289.1612903225
2012-09-30,BLK,USD,1364742,2012-11-08,2012-11-08 17:02:05,2012,Q3,2320000000.0,94000000.0,2226000000.0,0.9594827586,0,1299000000.0,0.0,1299000000.0,52000000.0,1351000000.0,1445000000.0,10000000.0,57000000.0,39000000.0,924000000.0,0.3982758621,875000000.0,0.3771551724,30000000.0,905000000.0,0.3900862069,250000000.0,642000000.0,0.2767241379,3.71,3.64,173051344,176155150,https://www.sec.gov/Archives/edgar/data/1364742/000119312512460708/0001193125-12-460708-index.htm,https://www.sec.gov/Archives/edgar/data/1364742/000119312512460708/d406649d10q.htm,13.406425783090134,3.709881617562011,5.899983070920269,5.76707453944998,26.09052259079825,146.25139230354662,-29.13008291920576,144.7951770891765,47.303879939817165,31125014731.840004,34739014731.840004,12.120332839501556,13.415954625793104,30.484833233927525,31.187389510861728,1.242168445218502,1.242168445218502,14.97371324648276,37.59633628987014,34.0245002270715,34.80863199583167,0.0206264962613255,0.0320642418517178,0.3244203216666002,0.0421567407223017,3.911255411255411,1.5441496302740323,15.350877192982455,1.5587786259541985,0.0083212812019989,0.4034267912772585,0.5599137931034482,0.0,0.1573941543759205,0.0225269343780607,0.0099137931034482,0.3108108108108108,0.0469827586206896,109.93812682769509,0.0033300589085605,0.0039513041765654,-930.7367760171802,2502000000.0,-5041000000.0,-160419000000.0,33412000000.0,2370000000.0,713500000.0,0.0,100.28017241379312,1366.276595744681,0.0,0.8974854932301741,0.0658724597056762,0.0,0.0256215827912359,0.1329085314702901,2012-10-17,3.32,bmo,2219711815.0,2025-04-25,2012-09-30,0.0451807228915663,175.53666666666666,598632.2380952381
2012-06-30,BLK,USD,1364742,2012-08-08,2012-08-08 15:00:59,2012,Q2,2229000000.0,879000000.0,1350000000.0,0.6056527591,0,1254000000.0,-786000000.0,468000000.0,53000000.0,521000000.0,1400000000.0,8000000.0,52000000.0,39000000.0,876000000.0,0.3930013459,829000000.0,0.3719156572,-40000000.0,789000000.0,0.3539703903,229000000.0,554000000.0,0.2485419471,3.12,3.07,177721121,180311947,https://www.sec.gov/Archives/edgar/data/1364742/000119312512343728/0001193125-12-343728-index.htm,https://www.sec.gov/Archives/edgar/data/1364742/000119312512343728/d363785d10q.htm,12.542122103765031,3.117243447952368,5.441109050848267,5.120381836889269,20.475900554329723,140.23094081203774,-30.42407098028601,138.82424250520003,43.75394413588017,30180600768.22,34265600768.22,13.61940467879964,13.53997342674742,31.210548881303,33.16549534969231,1.2232733774408235,1.2232733774408235,15.372633812570658,39.11598261212328,35.43495425875905,37.65450633870329,0.0183561621007676,0.0301518186131743,0.3130674448767834,0.0423279263480929,4.6632420091324205,1.6852821407795229,15.942307692307692,1.7267857142857144,0.0086148053180498,0.4693140794223827,0.5625841184387618,0.0,0.1662045155633494,0.0589451913133402,0.02557200538358,0.7916666666666666,0.0542844324809331,98.6754863592849,0.0032583182480652,0.0036411196771628,-856.9760822069089,2356000000.0,-5407000000.0,-151764000000.0,33256000000.0,2303000000.0,0.0,0.0,87.01211305518169,0.0,0.0,1.034338747099768,0.0,0.0,0.0224546044098573,0.3207272139589981,2012-07-18,3.01,bmo,2164287096.0,2025-04-25,2012-06-30,0.0299003322259137,181.13015873015877,1377651.4603174604
2012-03-31,BLK,USD,1364742,2012-05-09,2012-05-09 15:32:45,2012,Q1,2249000000.0,920000000.0,1329000000.0,0.5909293019,0,1284000000.0,-825000000.0,459000000.0,55000000.0,514000000.0,1434000000.0,9000000.0,49000000.0,39000000.0,863000000.0,0.3837261005,815000000.0,0.3623832815,23000000.0,838000000.0,0.3726100489,263000000.0,572000000.0,0.2543352601,3.18,3.13,179741805,182648456,https://www.sec.gov/Archives/edgar/data/1364742/000119312512221839/0001193125-12-221839-index.htm,https://www.sec.gov/Archives/edgar/data/1364742/000119312512221839/d333853d10q.htm,12.512392428684022,3.1823425830179017,-0.5674806703982972,-0.7955856457544754,14.726679750434242,142.44321180595688,-26.57144786100262,140.77415101066777,35.52874079572084,36829095844.5,40519095844.5,16.09663279916958,16.37576515984882,-361.0695671029411,-257.5461247867133,1.4555228962771214,1.4555228962771214,18.01649437283237,46.95144362050985,-397.24603769117647,-283.35032059090906,0.0155311985505998,-0.0038827996376499,0.2504446113109117,0.034158410504641,4.275782155272306,1.4603265539959898,16.632653061224488,-0.177391304347826,0.0077384468302813,0.4982517482517482,0.5709204090706981,0.0,0.1637523043586067,-0.4019607843137255,0.018230324588706,0.5616438356164384,0.0506891951978657,100.39825917495988,0.0030446245907875,0.0036870161597019,-864.7390071552915,1607000000.0,-4776000000.0,-154817000000.0,32531000000.0,2276500000.0,461500000.0,0.0,98.08359270787015,0.0,0.0,0.9175846593227254,0.0,0.0,0.022606015097024,0.2281049753561782,2012-04-18,3.04,bmo,2163594936.0,2025-04-25,2012-03-31,0.0394736842105263,192.6182258064516,662066.1129032258
2011-12-31,BLK,USD,1364742,2012-02-28,2012-02-28 17:27:56,2011,Q4,2227000000.0,87000000.0,2140000000.0,0.9609339919,0,1243000000.0,0.0,1243000000.0,57000000.0,1300000000.0,1387000000.0,9000000.0,48000000.0,77000000.0,940000000.0,0.4220925011,808000000.0,0.3628199371,7000000.0,815000000.0,0.3659631792,232000000.0,555000000.0,0.2492141895,3.1,3.05,179022840,181917864,https://www.sec.gov/Archives/edgar/data/1364742/000119312512085869/0001193125-12-085869-index.htm,https://www.sec.gov/Archives/edgar/data/1364742/000119312512085869/d270105d10k.htm,12.439753497374973,3.100163085335927,4.876472745041918,4.714482241483824,19.885730781614235,141.6690741807023,-26.734018966518462,139.91510803872848,35.81665892463777,31909031001.6,34713031001.600006,14.373437388108108,14.328258195599462,36.55100916563574,37.80690876966825,1.2739153226445226,1.2739153226445226,15.587351145756626,36.92875638468086,39.76292210950745,41.12918365118484,0.01739319504789,0.0264501921088634,0.2540721814116896,0.0353759950193445,2.9829787234042557,2.3319604612850084,16.833333333333332,1.497427101200686,0.0076780770932127,0.4414414414414414,0.5581499775482712,0.0,0.1675857161915773,0.0332187857961053,0.0130220026942074,0.3766233766233766,0.0547822182308037,98.79064830744464,0.003255049547423,0.0037062264604535,-834.5164225972508,3234000000.0,-4786000000.0,-148872000000.0,33919000000.0,2160000000.0,461500000.0,0.0,84.94836102379884,954.8275862068966,0.0,1.0594671741198858,0.0942578548212351,0.0,0.0221574576812519,0.1619905035580934,2012-01-19,2.99,bmo,2176055555.0,2025-04-25,2011-12-31,0.0234113712374581,161.8322222222222,843031.5396825396
2011-09-30,BLK,USD,1364742,2011-11-09,2011-11-08 18:46:58,2011,Q3,2225000000.0,861000000.0,1364000000.0,0.6130337079,0,1299000000.0,-771000000.0,528000000.0,59000000.0,587000000.0,1448000000.0,12000000.0,49000000.0,39000000.0,828000000.0,0.3721348315,777000000.0,0.3492134831,-112000000.0,665000000.0,0.2988764045,95000000.0,595000000.0,0.2674157303,3.27,3.22,179753850,182555549,https://www.sec.gov/Archives/edgar/data/1364742/000119312511302591/0001193125-11-302591-index.htm,https://www.sec.gov/Archives/edgar/data/1364742/000119312511302591/d231913d10q.htm,12.378038078183026,3.310082092817483,6.876069691970436,6.547843064279291,16.594915769537064,138.7397265760928,-29.22329619087435,137.56033598167716,26.92014663385513,26605367338.5,28412367338.5,11.178725772478993,11.957468466741574,21.52537810558253,22.604390262107053,1.0759642228535609,1.0759642228535609,12.769603298202249,34.31445330736715,22.987352215614887,24.139649395497027,0.0223639084711673,0.0442391937320403,0.193715371860719,0.0274841922860651,2.1823671497584543,2.1679866611087952,15.857142857142858,2.168421052631579,0.0093590137971776,0.4184873949579832,0.5838202247191011,0.0,0.1732364788102041,0.0477346278317152,0.0265168539325842,0.7763157894736842,0.0597752808988764,101.21788433046498,0.0038724757679538,0.0041293635921993,-804.970241249353,2802000000.0,-5253000000.0,-144142000000.0,33539000000.0,2226500000.0,564000000.0,0.0,89.71685393258426,0.0,0.0,1.003155996393147,0.0,0.0,0.0240627653981477,0.3282266276911454,2011-10-19,2.63,bmo,2067756183.0,2025-04-25,2011-09-30,0.0760456273764259,166.43046875,1005215.734375
2011-06-30,BLK,USD,1364742,2011-08-08,2011-08-08 16:25:09,2011,Q2,2347000000.0,924000000.0,1423000000.0,0.6063059225,0,1322000000.0,-824000000.0,498000000.0,59000000.0,557000000.0,1481000000.0,4000000.0,41000000.0,38000000.0,908000000.0,0.3868768641,866000000.0,0.3689816787,-24000000.0,842000000.0,0.3587558585,220000000.0,619000000.0,0.2637409459,3.25,3.2,188624497,191345342,https://www.sec.gov/Archives/edgar/data/1364742/000119312511214280/0001193125-11-214280-index.htm,https://www.sec.gov/Archives/edgar/data/1364742/000119312511214280/d10q.htm,12.442710450276245,3.2816522235709398,4.628242958283409,4.225326045534796,22.224048661081387,130.78895049353002,-29.50836232051026,129.48477206542265,28.25189773733366,36180064769.57,38607064769.57,14.61230402648223,15.415451542211333,41.44337316101947,45.39531338716437,1.4813324913842942,1.4813324913842942,16.449537609531315,42.51879379908591,44.22344188954181,48.44048277235885,0.0171088693163596,0.0220287057272029,0.2165083524402227,0.0285763693744325,2.6729074889867843,2.4483809523809525,21.12195121951219,1.4035369774919615,0.006854603538703,0.4006462035541195,0.5632722624627183,0.0,0.1633954433444295,0.0870561282932416,0.0323817639539838,1.0410958904109588,0.0447379633574776,97.7792911549224,0.0034953487602761,0.0039983980569981,-819.1393613099999,3802000000.0,-5566000000.0,-153951000000.0,34559000000.0,2297000000.0,1247000000.0,0.0,85.70515551768216,109.87012987012989,0.0,1.050111856823266,0.8191489361702128,0.0,0.0253439240091713,0.4029169127486129,2011-07-20,2.88,bmo,2253120000.0,2025-04-25,2011-06-30,0.0416666666666667,194.0315873015873,999373.0793650794
2011-03-31,BLK,USD,1364742,2011-05-09,2011-05-09 16:09:58,2011,Q1,2282000000.0,939000000.0,1343000000.0,0.5885188431,0,1313000000.0,-830000000.0,483000000.0,62000000.0,545000000.0,1484000000.0,9000000.0,38000000.0,40000000.0,847000000.0,0.3711656442,798000000.0,0.3496932515,15000000.0,813000000.0,0.356266433,249000000.0,568000000.0,0.2489044698,2.91,2.88,192567633,195076809,https://www.sec.gov/Archives/edgar/data/1364742/000119312511132329/0001193125-11-132329-index.htm,https://www.sec.gov/Archives/edgar/data/1364742/000119312511132329/d10q.htm,11.85038193827724,2.949613032840259,-0.8101049878927473,-1.2411223852972215,14.431293342012466,138.7356721573246,-18.487011262167822,137.5049357334106,17.100485417505237,38708019909.33,39184019909.33,17.036980593895247,16.962322484368975,-248.12833275211537,-161.9582422984519,1.461838434583255,1.461838434583255,17.17091144142419,46.26212504053129,-251.17961480339744,-163.9498740976151,0.0146739616578292,-0.0061744310496851,0.1229276030061558,0.0182432659649594,0.5619834710743802,2.6621761658031087,21.0,-0.2765957446808511,0.0070269675544534,0.4788732394366197,0.5753724802804557,0.0,0.1696875945791438,-0.532051282051282,0.0363716038562664,1.1369863013698631,0.0600350569675723,95.5284925385114,0.003136652629813,0.0038340555938061,-764.1873543722688,3208000000.0,-3560000000.0,-146568000000.0,33963000000.0,2302000000.0,1217000000.0,0.0,93.03680981595092,130.92651757188497,0.0,0.9673590504451038,0.6874084919472914,0.0,0.0214509611390158,0.4310173974044745,2011-04-21,2.77,bmo,2135520270.0,2025-04-25,2011-03-31,0.0685920577617328,195.30338709677417,814776.5806451613
2010-12-31,BLK,USD,1364742,2011-02-28,2011-02-28 17:20:47,2010,Q4,2493000000.0,106000000.0,2387000000.0,0.9574809467,0,1384000000.0,0.0,1384000000.0,63000000.0,1447000000.0,1553000000.0,10000000.0,35000000.0,79000000.0,1072000000.0,0.4300040112,940000000.0,0.3770557561,18000000.0,958000000.0,0.3842759727,309000000.0,657000000.0,0.2635379061,3.43,3.38,191797365,194296504,https://www.sec.gov/Archives/edgar/data/1364742/000119312511050218/0001193125-11-050218-index.htm,https://www.sec.gov/Archives/edgar/data/1364742/000119312511050218/d10k.htm,12.998093065564277,3.4254902302750616,5.5944459925192405,5.406747897709648,18.039872445588603,137.30115635321684,-20.766708656294625,136.0498357211529,24.35904163751155,36552741821.700005,37729741821.700005,13.90895807522831,14.662150750782192,34.065929004380244,35.24854563326905,1.4008102177397104,1.4008102177397104,15.134272692218213,35.19565468442165,35.16285351509786,36.38355045486982,0.0179740278637583,0.0283699648321421,0.1777036866712654,0.0259835592489031,1.0979477611940298,2.078324225865209,26.857142857142858,1.6533127889060093,0.0053073993996485,0.2952815829528158,0.5551544324107501,0.0,0.169882157806555,0.0335507921714818,0.0144404332129963,0.4556962025316455,0.0441235459286,102.40039609103115,0.0036220428720777,0.004434934049763,-766.336127714789,2960000000.0,-3983000000.0,-146420000000.0,33705000000.0,2232500000.0,1151000000.0,0.0,81.04693140794224,906.7924528301888,0.0,1.110467706013363,0.099250936329588,0.0,0.0251782018854909,0.1876980948095924,2011-01-25,2.9,bmo,2113947368.0,2025-04-25,2010-12-31,0.1793103448275862,174.4803125,1323397.890625
2010-09-30,BLK,USD,1364742,2010-11-08,2010-11-08 06:11:27,2010,Q3,2092000000.0,879000000.0,1213000000.0,0.5798279159,0,1214000000.0,-774000000.0,440000000.0,66000000.0,506000000.0,1385000000.0,10000000.0,37000000.0,40000000.0,757000000.0,0.3618546845,707000000.0,0.3379541109,78000000.0,785000000.0,0.3752390057,201000000.0,551000000.0,0.2633843212,2.84,2.82,191259942,193099236,https://www.sec.gov/Archives/edgar/data/1364742/000119312510250991/0001193125-10-250991-index.htm,https://www.sec.gov/Archives/edgar/data/1364742/000119312510250991/d10q.htm,10.937993487418291,2.88089599023302,5.777477439578017,5.620622848458251,13.782290073056698,134.26752999851897,-23.564788072559388,132.8035538147345,17.75071122838676,32562005125.5,33284005125.5,14.774049512477314,15.565012010277249,29.46787794162896,30.290237326046512,1.2819687057283464,1.2819687057283464,15.910136293260038,43.96830267569353,30.12127160678733,30.961865233023257,0.0169215623508547,0.0330139374358781,0.1322047244094488,0.0192431119057442,0.953764861294584,1.845686050931205,19.10810810810811,1.8921232876712328,0.0059271534187204,0.3502722323049002,0.5803059273422562,0.0,0.1729874386833539,0.0271493212669683,0.01434034416826,0.4054054054054054,0.0544933078393881,92.7811811611341,0.0030584567026352,0.0038179840212864,-755.6365357467273,2225000000.0,-4507000000.0,-143968000000.0,32841000000.0,2183500000.0,617000000.0,0.0,95.50669216061186,126.3481228668942,0.0,0.9423423423423424,0.7123176661264181,0.0,0.0216929133858267,0.1568545911197651,2010-10-20,2.46,bmo,1871389090.0,2025-04-25,2010-09-30,0.1178861788617886,154.1190625,426635.515625
2010-06-30,BLK,USD,1364742,2010-08-06,2010-08-06 15:01:07,2010,Q2,2032000000.0,806000000.0,1226000000.0,0.6033464567,0,1049000000.0,97000000.0,1146000000.0,-617000000.0,1335000000.0,1335000000.0,5000000.0,38000000.0,67000000.0,739000000.0,0.3636811024,697000000.0,0.343011811,-75000000.0,622000000.0,0.3061023622,233000000.0,432000000.0,0.2125984252,2.22,2.2,191742127,193342908,https://www.sec.gov/Archives/edgar/data/1364742/000119312510181206/0001193125-10-181206-index.htm,https://www.sec.gov/Archives/edgar/data/1364742/000119312510181206/d10q.htm,10.597566803877168,2.253026013422705,2.4720702091721347,2.3573327733033858,11.385082840976308,131.18661190193222,-26.452194305740647,130.14354430312542,19.526225449663443,27495821011.8,29018821011.8,15.911933455902778,13.531407978248032,58.00806120632912,60.831462415486726,1.1018602633565762,1.1018602633565762,14.28091585226378,39.267687431393774,61.22114137510548,64.2009314420354,0.015711478475751,0.0164388617385173,0.1485132644065079,0.0228390420667299,2.060893098782138,1.718936085748313,18.342105263157897,1.218508997429306,0.0070192484856943,0.4467592592592592,0.5162401574803149,0.0,0.1862743889662652,0.0464135021097046,0.0108267716535433,0.2784810126582278,0.0556102362204724,81.224243873762,0.0027211587710578,0.0032717358376249,-695.3023421921256,1811000000.0,-5072000000.0,-132782000000.0,32470000000.0,2092500000.0,0.0,0.0,95.09350393700788,0.0,0.0,0.9464368886818816,0.0,0.0,0.0173118538110122,0.1147374358687488,2010-07-21,2.29,bmo,1963409282.0,2025-04-25,2010-06-30,0.0349344978165939,175.86158730158732,658067.8571428572
2010-03-31,BLK,USD,1364742,2010-05-10,2010-05-10 14:02:01,2010,Q1,1995000000.0,873000000.0,1122000000.0,0.562406015,0,1062000000.0,100000000.0,1162000000.0,-694000000.0,1341000000.0,1341000000.0,4000000.0,40000000.0,40000000.0,698000000.0,0.3498746867,654000000.0,0.3278195489,2000000.0,656000000.0,0.3288220551,228000000.0,423000000.0,0.2120300752,2.19,2.16,190437772,192923944,https://www.sec.gov/Archives/edgar/data/1364742/000119312510114324/0001193125-10-114324-index.htm,https://www.sec.gov/Archives/edgar/data/1364742/000119312510114324/d10q.htm,10.475862950129452,2.221198008974816,-0.8611736961509926,-1.0922202975573565,14.193612809122762,130.58333826757857,-28.35046820438542,129.42810526054674,22.08595467079924,41469729230.72,42932729230.72,24.509296235650115,20.786831694596493,-252.86420262634144,-199.3736982246154,1.6824784660305094,1.6824784660305094,21.520165027929824,61.5082080669341,-261.7849343336585,-206.40735207076924,0.0102002112829482,-0.0050157067301495,0.1690197987666342,0.0247887659169344,2.095988538681949,1.6214090287277705,16.35,-0.3831775700934579,0.0047263390341793,0.4633569739952718,0.5323308270676692,0.0,0.1800963941449482,-0.2682926829268293,0.0220551378446115,0.5641025641025641,0.0541353383458646,80.42650445268313,0.0025702048112905,0.003069822124491,-729.6898012438414,1817000000.0,-5399000000.0,-138451000000.0,32534000000.0,1978500000.0,420000000.0,0.0,91.93984962406014,0.0,0.0,0.978900883218842,0.0,0.0,0.0171616358325219,0.2310466014063638,2010-04-26,2.45,bmo,2036562500.0,2025-04-25,2010-03-31,-0.0204081632653062,221.5954098360656,389336.131147541
2009-12-31,BLK,USD,1364742,2010-03-10,2010-03-10 17:25:57,2009,Q4,1544000000.0,-1079000000.0,2623000000.0,1.6988341969,0,0.0,0.0,2171000000.0,63000000.0,2234000000.0,1155000000.0,4000000.0,23000000.0,64000000.0,494000000.0,0.3199481865,389000000.0,0.2519430052,18000000.0,407000000.0,0.2636010363,150000000.0,256000000.0,0.1658031088,1.35,1.33,189676023,192152251,https://www.sec.gov/Archives/edgar/data/1364742/000119312510052764/0001193125-10-052764-index.htm,https://www.sec.gov/Archives/edgar/data/1364742/000119312510052764/d10k.htm,8.140195980384933,1.3496697998565692,2.994579868431763,2.9154976535964168,24.821271162987216,129.70537662527855,-29.608381234353484,128.26608031527527,30.003792308530212,44042772540.6,45002772540.6,43.01052005917968,28.525111749093263,77.54009250105634,79.64334998300181,1.8102993357967856,1.8102993357967856,29.14687340712435,91.09872983927126,79.23023334612675,81.3793355164557,0.0058125314377974,0.0125559761136796,0.2329729951909244,0.0318437700147195,1.94331983805668,1.3254,16.91304347826087,2.21011673151751,0.0018391212752406,0.31640625,0.0,0.0,0.1697697675202535,0.0264084507042253,0.0097150259067357,0.234375,0.0550518134715025,62.41097048050803,0.0014017959837121,0.0017323516673884,-776.2960635251194,1627000000.0,-5616000000.0,-146765000000.0,32290000000.0,1614500000.0,420000000.0,0.0,111.85880829015544,-70.06487488415199,0.0,0.8045857217300677,-1.2845238095238096,0.0,0.0105224218011426,0.0790822148353458,2010-01-27,2.1,bmo,1330780952.0,2025-04-25,2009-12-31,0.1380952380952381,227.48171875,313692.046875
2009-09-30,BLK,USD,1364742,2009-11-06,2009-11-06 15:59:01,2009,Q3,1140000000.0,563000000.0,577000000.0,0.5061403509,0,605000000.0,-444000000.0,161000000.0,59000000.0,220000000.0,783000000.0,4000000.0,15000000.0,36000000.0,397000000.0,0.348245614,357000000.0,0.3131578947,78000000.0,435000000.0,0.3815789474,101000000.0,317000000.0,0.2780701754,2.3,2.26,133801584,136448031,https://www.sec.gov/Archives/edgar/data/1364742/000119312509227485/0001193125-09-227485-index.htm,https://www.sec.gov/Archives/edgar/data/1364742/000119312509227485/d10q.htm,8.520078506693912,2.3691797251069917,4.162880463358341,4.020879154913443,20.649979749118664,99.33365213374456,9.252506308146549,97.60721517317762,8.66207981513881,29010859442.88,27391859442.88,22.87922668996845,25.448122318315782,52.08412826369838,53.92353056297397,2.2213521778621743,2.2213521778621743,24.02794687971929,68.99712706015113,49.17748553479353,50.914236882676576,0.0109269427410155,0.0185447797939002,0.0875957120980091,0.0535079513564078,-4.07808564231738,2.540860885839052,23.8,1.6676646706586826,0.0037227438991472,0.3406940063091482,0.5307017543859649,0.0,0.5637511693171188,0.0341113105924596,0.0166666666666666,0.3166666666666666,0.0640350877192982,72.13253976036111,0.0137212967326218,0.03398734855795,-32.462246485811406,2470000000.0,1238000000.0,-4016000000.0,14773000000.0,1240500000.0,0.0,0.0,103.42105263157896,0.0,0.0,0.8702290076335878,0.0,0.0,0.0242725880551301,0.1420013084448985,2009-10-20,1.93,bmo,1047714285.0,2025-04-25,2009-09-30,0.0880829015544042,194.0090625,438395.0
2009-06-30,BLK,USD,1364742,2009-08-07,2009-08-07 15:13:33,2009,Q2,1029.0,515.0,514.0,0.4995140914,0,0.0,0.0,191.0,62000000.0,253.0,768.0,4.0,15.0,36.0,411000000.0,399416.9096209913,261.0,0.2536443149,77000000.0,338.0,0.3284742468,94.0,244.0,0.2371234208,0.0,0.0,131454743,133900210,https://www.sec.gov/Archives/edgar/data/1364742/000119312509168969/0001193125-09-168969-index.htm,https://www.sec.gov/Archives/edgar/data/1364742/000119312509168969/d10q.htm,7.827789066538283e-06,1.8561521207340536e-06,3.0428723290722197,2.91355025508665,17.534551796278663,98.57384910029454,6.572604230795993,96.9535195850636,8.702614975254258,23059791017.06,21898791017.06,23626835.058463115,22409903.806666665,57.64947754265,60.20833163723237,1.8093205976508435,1.8093205976508435,21281623.92328474,53.28172996851581,54.74697754265,57.17700004454307,1.058118869418569e-08,0.0166089970076767,0.0897606904668497,0.0560537017982262,-2.8248175182481754,2.6076519129782447,17.4,1.639344262295082,0.0044666493258242,422131.1475409836,0.0,0.0,0.5925817041501299,0.0425,16520.89407191448,0.293103448275862,74829.93197278911,0.0636326238833905,9.774548722942102e-09,2.9344558027660857e-08,-32.465545955994905,2143000000.0,864000000.0,-3975000000.0,14489000000.0,1117000000.0,0.0,0.0,102419825.07288627,0.0,0.0,8.787361229718189e-07,0.0,0.0,1.91447626520204e-08,0.1293220739855693,2009-07-21,1.58,bmo,929040000.0,2025-04-25,2009-06-30,0.1075949367088607,152.94190476190477,909071.619047619
2009-03-31,BLK,USD,1364742,2009-05-08,2009-05-08 16:57:00,2009,Q1,987000000.0,480000000.0,507000000.0,0.5136778116,0,0.0,0.0,151000000.0,63000000.0,214000000.0,694000000.0,8000000.0,15000000.0,57000000.0,358000000.0,0.3627152989,271000000.0,0.2745694022,-179000000.0,92000000.0,0.0932117528,30000000.0,84000000.0,0.085106383,0.63,0.62,130739173,132326493,https://www.sec.gov/Archives/edgar/data/1364742/000119312509105532/0001193125-09-105532-index.htm,https://www.sec.gov/Archives/edgar/data/1364742/000119312509105532/d10q.htm,7.549382310992589,0.6425006222121353,-0.9637509333182028,-1.0861320042157523,13.71432875745665,93.88157901228271,1.017292651835881,92.34416680913226,8.880276457003442,17001322056.919998,16354322056.919998,50.59917278845238,17.22525031096251,-134.931127435873,-119.72762011915492,1.408210225869295,1.408210225869295,16.56972852778115,45.68246384614525,-129.79620680095238,-115.1712820909859,0.0049407922347903,-0.0083522916350027,0.0949225544603661,0.0596160848982989,-1.8072625698324023,2.625,18.066666666666663,-2.032258064516129,0.0061759902934879,1.25,0.0,0.0,0.6315871612131301,-0.1269841269841269,0.0162107396149949,0.2807017543859649,0.083080040526849,36.53699021857022,0.0099607545559099,0.0118610561988138,-33.33928079841839,1768000000.0,133000000.0,-4093000000.0,14165000000.0,1136500000.0,272500000.0,0.0,96.93009118541032,0.0,0.0,0.9285042333019756,0.0,0.0,0.0069576741489273,0.1223810708975495,2009-04-21,0.81,bmo,987000000.0,2025-04-25,2009-03-31,0.0,113.49360655737703,892822.5409836066
2008-12-31,BLK,USD,1364742,2009-03-02,2009-02-27 18:43:16,2008,Q4,1063690000.0,-1351612000.0,2415302000.0,2.2706822476,0,0.0,0.0,1969703000.0,68815000.0,2038518000.0,686906000.0,13132000.0,15165000.0,56515000.0,-256154000.0,-0.2408164033,338784000.0,0.3184988107,-412525000.0,-73741000.0,-0.0693256494,-6937000.0,52545000.0,0.049398791,0.4,0.4,130216218,131797189,https://www.sec.gov/Archives/edgar/data/1364742/000119312509041298/0001193125-09-041298-index.htm,https://www.sec.gov/Archives/edgar/data/1364742/000119312509041298/d10k.htm,8.168644553937206,0.4035211650825245,5.8348185169991655,5.794700626307546,15.604815062283564,96.431920638334,4.477168888440609,92.66126896728024,8.91720722529355,17468505644.7,16582505644.7,83.11212125178419,16.42255322951236,22.991289207910626,23.15046257799206,1.447746199627051,1.447746199627051,15.589603779954686,-64.73646964209031,21.825174449583304,21.976274570082857,0.0030079848310288,0.0431956811502612,0.0949776230730979,0.057518570568159,3.4588567814673987,1.936678614097969,22.339861523244316,14.45975830240746,0.0060736162644908,2.019164525644685,0.0,0.0,0.6009837382051797,0.00687560214165,0.0049112053323806,0.0924356365566663,0.0694083802611663,29.005044772647693,0.0166348912293885,0.0066094339622641,-34.00114108674236,1568000000.0,583000000.0,-4125000000.0,13802000000.0,1209288500.0,272500000.0,0.0,102.37945266007954,-36.29000038472579,0.0,0.8790826446280992,-2.480022018348624,0.0,0.0043547986076578,0.0401178906916187,2009-01-21,0.99,bmo,1396764646.0,2025-04-25,2008-12-31,-0.3131313131313131,131.33375,701547.28125
2008-09-30,BLK,USD,1364742,2008-11-07,2008-11-07 16:18:34,2008,Q3,1313220000.0,618353000.0,694867000.0,0.5291322094,0,170917000.0,0.0,170917000.0,70414000.0,859684000.0,859684000.0,19605000.0,16737000.0,70414000.0,543555000.0,0.4139100836,453536000.0,0.3453617825,-141000000.0,313852000.0,0.2389942279,117237000.0,217000000.0,0.1652426859,1.61,1.58,130315198,132801555,https://www.sec.gov/Archives/edgar/data/1364742/000119312508230033/0001193125-08-230033-index.htm,https://www.sec.gov/Archives/edgar/data/1364742/000119312508230033/d10q.htm,10.077258985555927,1.6651933414550772,5.17774603695879,4.933162132017786,30.226996240300384,100.18905085805878,7.945274349351025,93.5206651798204,8.927815157829864,25346306011.0,24699706011.0,29.20081337672811,19.30088333333333,37.56460796100418,39.42704391117278,2.0797542406912712,2.0797542406912712,18.80850581852241,45.44104278499876,36.6063114937776,38.42123554675469,0.0085614053545248,0.0253633014499629,0.0940902247643504,0.0528511008508586,-1.1895760318643007,0.3505628868387247,27.09780725339069,3.0990281362813814,0.0041426154941249,0.4838709677419355,0.1301510790271241,0.0,0.5540373196405421,0.0472375244353742,0.0242708761669788,0.5299888591429854,0.0540655792631851,59.19395873974344,0.040975475015513,0.0224268404426417,-29.12205412909705,-5561130000.0,1035390000.0,-5638646000.0,6733931000.0,1388846500.0,0.0,0.0,82.82841412710741,0.0,0.0,1.086583643408736,0.0,0.0,0.0178056190923499,0.2445839049410031,2008-10-21,1.88,bmo,1443532163.0,2025-04-25,2008-09-30,-0.0904255319148935,204.9878125,774178.984375
2008-06-30,BLK,USD,1364742,2008-08-08,2008-08-08 13:33:48,2008,Q2,1386951000.0,705572000.0,681379000.0,0.4912783509,0,0.0,0.0,206395000.0,69994000.0,276389000.0,981961000.0,13924000.0,16720000.0,27647000.0,477000000.0,0.3439198645,404990000.0,0.2920002221,-4000000.0,401727000.0,0.2896475795,147569000.0,274000000.0,0.1975556454,2.03,1.99,130089682,132562787,https://www.sec.gov/Archives/edgar/data/1364742/000119312508171608/0001193125-08-171608-index.htm,https://www.sec.gov/Archives/edgar/data/1364742/000119312508171608/d10q.htm,10.661498888128577,2.106239294212434,4.702955611806323,4.585275256495746,25.897880202366856,97.42584350386836,4.856926316416086,93.24113037650442,9.71077783094281,23025873714.0,22844903714.0,21.00900886313869,16.601793224129764,37.63590699339333,38.6018265205022,1.898303884619161,1.898303884619161,16.47131276735804,47.89287990356394,37.34011061349513,38.2984385738738,0.0118996570294487,0.0259055099237047,0.1027685000522271,0.0566170564791646,-0.3793920335429769,0.3351569175707415,24.22188995215311,2.2323960621474286,0.0045166581425645,0.3795620437956204,0.0,0.0,0.5469465944251354,0.025022637895019,0.0110378809345103,0.5537309653850327,0.0454233783313181,66.4735510132038,0.038452787331495,0.0274686964629842,-36.87664483644445,-5944362000.0,631836000.0,-6346517000.0,6363298000.0,1529976500.0,0.0,0.0,101.8207853053208,0.0,0.0,0.883905969985648,0.0,0.0,0.0225891651646383,0.1176803553105772,2008-07-17,1.97,bmo,1276817757.0,2025-04-25,2008-06-30,0.0862944162436549,208.664375,500343.515625
2008-03-31,BLK,USD,1364742,2008-05-09,2008-05-09 15:39:41,2008,Q1,1300138000.0,625000000.0,675138000.0,0.5192817993,0,212983000.0,0.0,212983000.0,691465000.0,904448000.0,904448000.0,18000000.0,18000000.0,87699000.0,453000000.0,0.3484245519,395690000.0,0.3043446157,-20000000.0,377162000.0,0.2900938208,130131000.0,241000000.0,0.1853649382,1.8,1.76,129421939,132149340,https://www.sec.gov/Archives/edgar/data/1364742/000119312508109678/0001193125-08-109678-index.htm,https://www.sec.gov/Archives/edgar/data/1364742/000119312508109678/d10q.htm,10.045731118276631,1.8621263277472608,-1.0070394633787707,-1.1970690687921155,24.08485009639672,95.7620098706758,2.701914394900234,91.284438258957,10.637701850534013,26425371505.02,26589943505.02,27.412211104792533,20.32505126765005,-202.7527295851396,-170.56659914036933,2.23674488110207,2.23674488110207,20.451631676806617,58.69744703094923,-204.01543358182505,-171.62885426697736,0.0091200231548009,-0.0058628125614267,0.1150099850104226,0.0622812082137826,0.3632935982339956,0.2965231363887355,21.982777777777777,-0.5392992953229804,0.0039356116518643,0.4315352697095436,0.1638156872578141,0.0,0.5520624755573833,-0.1887012498753194,0.0189164534841686,0.2804364930044812,0.0538404384765309,61.84352031863583,0.041502193936575,0.0246613263127346,-40.08179208317996,-6369983000.0,349687000.0,-6737682000.0,5944642000.0,1450918500.0,394500000.0,0.0,103.2008371419034,0.0,0.0,0.872085949033999,0.0,0.0,0.0203991651070334,0.1900296054133449,2008-04-16,2.0,bmo,1368421052.0,2025-04-25,2008-03-31,-0.05,201.9154098360656,715007.524590164
2007-12-31,BLK,USD,1364742,2008-02-28,2008-02-28 16:45:02,2007,Q4,1444179000.0,0.0,1444179000.0,1.0,0,2163254000.0,0.0,2163254000.0,-1734411000.0,428843000.0,976463000.0,0.0,0.0,55437000.0,1101620000.0,0.7628001792,467716000.0,0.3238629007,29416000.0,497132000.0,0.3442315669,165746000.0,322440000.0,0.2232687222,2.5,2.43,128904253,132876553,https://www.sec.gov/Archives/edgar/data/1364742/000119312508041884/0001193125-08-041884-index.htm,https://www.sec.gov/Archives/edgar/data/1364742/000119312508041884/d10k.htm,11.20350156328822,2.5013914785263136,1.7542788134383742,1.54965406765904,12.848296013941448,94.45122807546156,0.7938372677276986,89.9656507066528,9.674009747374278,27946442050.4,27537263050.4,21.66793981081752,19.35109293958713,123.5835480308136,139.9021914145687,2.409808613588653,2.409808613588653,19.067763103050247,24.997061645939617,121.7740943440615,137.85380762826836,0.0115377835725383,0.0071478508655859,0.1075300369795347,0.0552720417932926,-0.3714338882736334,1.4157102587225234,0.0,0.7013211760327502,0.0031444432118235,0.2725344250093041,1.49791265487173,0.0,0.5351075049703001,0.1166432292357628,0.018264356426731,0.4758013601024586,0.0,71.15746286123587,0.0151557133377692,0.0307417168549061,-59.51626747334706,951937000.0,102329000.0,-7144508000.0,13291233000.0,1283498000.0,394500000.0,0.0,87.93231309969194,0.0,0.0,1.0235145287030474,0.0,0.0,0.0278038502348245,0.2046247457793343,2008-01-17,2.15,bmo,1232154761.0,2025-04-25,2007-12-31,0.172093023255814,196.8740625,446270.3125
2007-09-30,BLK,USD,1364742,2007-11-08,2007-11-08 17:27:57,2007,Q3,1298079000.0,638592000.0,659487000.0,0.5080484316,0,194442000.0,0.0,194442000.0,831919000.0,1026361000.0,1026361000.0,20109000.0,9815000.0,49305000.0,271718000.0,0.2093231614,271718000.0,0.2093231614,128189000.0,399907000.0,0.3080760108,63168000.0,255200000.0,0.196598204,1.98,1.93,128675728,131843829,https://www.sec.gov/Archives/edgar/data/1364742/000119312507240559/0001193125-07-240559-index.htm,https://www.sec.gov/Archives/edgar/data/1364742/000119312507240559/d10q.htm,10.08798644605298,1.9832800168808835,3.411086199566713,3.2351788986964194,38.8677031615473,98.90902657259495,11.528436815993766,87.57138720054492,12.843012630944663,22616045953.28,21938235953.28,22.155217430721,17.422703821015514,51.526109197218645,54.327752963157806,2.0070482564984,2.0070482564984,16.900539915737024,80.7389865716662,49.98185552232277,52.699533144714366,0.0112840237646841,0.0184067984677766,0.1457866093874575,0.0711816877103199,-2.494534775024106,0.3200382030746571,27.68395313295975,1.719921630094044,0.0039273443370023,0.348044670846395,0.1497921158881701,0.0,0.4871956338301211,0.0515692921781447,0.0174373054336446,0.4590812290842713,0.0393573888800296,62.51214363162593,0.05019910071272,0.0215635737162005,-34.839639687136646,-7386425000.0,1483430000.0,-6874768000.0,4107817000.0,1116825000.0,468618500.0,0.0,80.14892776171558,0.0,0.0,1.1229095948428889,0.0,0.0,0.0226475802231958,0.1759073008702931,2007-10-17,1.91,bmo,1082694759.0,2025-04-25,2007-09-30,0.1989528795811519,161.4552380952381,466003.1746031746
2007-06-30,BLK,USD,1364742,2007-08-10,2007-08-10 09:31:05,2007,Q2,1097023000.0,539850000.0,557173000.0,0.5078954589,0,210780000.0,0.0,210780000.0,604242000.0,815022000.0,815022000.0,13738000.0,10223000.0,48020000.0,282001000.0,0.257060244,282001000.0,0.257060244,213718000.0,495719000.0,0.4518765787,125012000.0,222244000.0,0.2025882775,1.72,1.68,129061137,131911113,https://www.sec.gov/Archives/edgar/data/1364742/000119312507178419/0001193125-07-178419-index.htm,https://www.sec.gov/Archives/edgar/data/1364742/000119312507178419/d10q.htm,8.500025844340733,1.7220055949142925,1.699326420779944,1.4333904403771058,29.75626194893975,96.9449463319078,9.526857027456686,86.02990999529162,5.5319983737629705,20209683442.83,19557176442.83,22.733665973918303,18.42229692798601,92.1482759787431,109.24448467704534,1.8201809115988856,1.8201809115988856,17.827499006702688,69.35144358647665,89.17309849592144,105.7173244835266,0.0109969065388229,0.0091537801927141,0.0633824660784475,0.031999696983159,-2.313846404799983,0.2288148914167528,27.584955492516876,0.9868297906805134,0.0043716172126062,0.3975315419088929,0.1921381775951826,0.0,0.5130132410265705,0.156494936553026,0.0312864908028364,0.714743856726364,0.0,57.73421596152464,0.0572388168867431,0.0207512694564159,-37.43756340841782,-8203096000.0,1229547000.0,-7046448000.0,3324302000.0,1179985000.0,919657500.0,0.0,88.41096312474761,156.24956932481246,0.0,1.017973301263671,0.5760015876453874,0.0,0.0200163593686025,0.265935980402838,2007-07-18,1.68,bmo,1023866666.0,2025-04-25,2007-06-30,0.0714285714285715,152.85698412698412,383090.4761904762
2007-03-31,BLK,USD,1364742,2007-05-10,2007-05-10 15:29:44,2007,Q1,1005374000.0,0.0,1005374000.0,1.0,0,223036000.0,0.0,223036000.0,510107000.0,733143000.0,733143000.0,0.0,0.0,46062000.0,272231000.0,0.2707758506,272231000.0,0.2707758506,157731000.0,429962000.0,0.4276637351,109906000.0,195388000.0,0.1943435975,1.51,1.47,129327032,132425269,https://www.sec.gov/Archives/edgar/data/1364742/000119312507110090/0001193125-07-110090-index.htm,https://www.sec.gov/Archives/edgar/data/1364742/000119312507110090/d10q.htm,7.773889065976555,1.5108055677021954,-2.2959314491961744,-2.5123053933534947,24.84933698934651,93.43151090021148,7.15197732211159,85.04595543490088,7.159957092342458,20215108371.92,20122256371.92,25.86534021014597,20.107053068728653,-68.08130097034278,-62.21775442330007,1.8379474861640983,1.8379474861640983,20.01469738815605,73.91610937740376,-67.76859005920667,-61.93197594378734,0.0096654441027585,-0.0160725826457264,0.0841892722085191,0.0443432854983306,-0.341077981567125,0.2389557632398753,0.0,-1.5196736749442137,0.0043738078655475,0.4525201138247999,0.2218438113577633,0.0,0.5343492901945308,-0.0942423364744077,0.0278334231838102,0.6075072728062177,0.0,53.76781395115505,0.0439943885714558,0.0200939702765805,-35.74922371991031,-7328856000.0,924944000.0,-6497625000.0,4056130000.0,1123341000.0,827958500.0,0.0,114.7915502091759,0.0,0.0,0.7840298335199748,0.0,0.0,0.0177645786913247,0.2163739441573205,2007-04-19,1.62,bmo,1024369811.0,2025-04-25,2007-03-31,-0.0185185185185185,164.53770491803277,286659.9016393443
2006-12-31,BLK,USD,1364742,2007-03-13,2007-03-13 14:24:33,2006,Q4,1018525000.0,0.0,1018525000.0,1.0,0,229004000.0,0.0,229004000.0,543438000.0,772442000.0,772442000.0,0.0,0.0,43508000.0,289591000.0,0.2843238998,246083000.0,0.2416072261,20445000.0,282697000.0,0.2775552883,99500000.0,169423000.0,0.1663415233,1.32,1.28,128809726,131895570,https://www.sec.gov/Archives/edgar/data/1364742/000119312507053304/0001193125-07-053304-index.htm,https://www.sec.gov/Archives/edgar/data/1364742/000119312507053304/d10k.htm,7.907205702774339,1.3152966414973974,3.7499264612984273,3.46284410231569,25.29217397760787,92.3142403082202,5.834380860339692,83.70392776085868,3.858427584885943,19566197379.4,18902896379.4,28.87181400901885,19.21032608860853,40.50746103095686,43.865676741965,1.8147296556259207,1.8147296556259207,18.55908925102477,65.27446080644772,39.13424379879386,42.37861481141043,0.0086589640651573,0.0227968670330196,0.0460961353678579,0.0242801824295395,-2.2904751874194984,0.225190249072602,0.0,2.851011964137101,0.0027870004039421,0.3218630292227147,0.2248388601163447,0.0,0.5441975306470722,0.0765567970320499,0.0363064235045776,0.8499356440194906,0.0,49.770961804449385,0.0394346740425589,0.0181588620419301,-35.691151924350805,-7310330000.0,751525000.0,-6453850000.0,4043901000.0,1004103000.0,376919500.0,0.0,85.21434427235464,0.0,0.0,1.056160213031152,0.0,0.0,0.0157136788760401,0.287082358982737,2007-01-23,1.54,bmo,972228409.0,2025-04-25,2006-12-31,0.0454545454545454,147.4257142857143,178714.2857142857
2006-09-30,BLK,USD,1364742,2006-11-14,2006-11-14 15:51:57,2006,Q3,323058000.0,0.0,323058000.0,1.0,0,82905000.0,0.0,82905000.0,211145000.0,294050000.0,294050000.0,0.0,0.0,10180000.0,29008000.0,0.0897919259,29008000.0,0.0897919259,1909000.0,30917000.0,0.0957010815,11108000.0,18914000.0,0.0585467625,0.29,0.28,65021532,67748529,https://www.sec.gov/Archives/edgar/data/1364742/000119312506234738/0001193125-06-234738-index.htm,https://www.sec.gov/Archives/edgar/data/1364742/000119312506234738/d10q.htm,4.968477211518178,0.2908882552936464,3.163367482636368,2.8637897981241043,39.37329560306269,176.49048933513285,32.12764965304109,163.1349596622854,8.172046761371295,9688208268.0,9275666268.0,128.05604668499524,29.989067808257342,47.10170437606655,52.02895830469153,0.913354196479118,0.913354196479118,28.712077298813217,319.7623506618864,45.09602584509473,49.81346810018904,0.001952270169756,0.0192200657592221,0.0500937798880674,0.0297269164487233,-14.221662989520132,0.0,0.0,10.875429598688733,0.0027891638218857,1.4286771703500052,0.2566257452222201,0.0,0.5251391969286604,0.0947021445205579,0.0602956744609327,1.913457760314342,0.0,32.67592363430812,0.0010397880319203,0.0022283268003717,-46.99984614327451,8294231000.0,2088989000.0,1895237000.0,17874676000.0,741058000.0,0.0,0.0,290.8010326319113,0.0,0.0,0.3094899601471489,0.0,0.0,0.0017831141522076,0.2995776845122628,2006-10-30,1.15,bmo,348340800.0,2025-04-25,2006-09-30,-0.0782608695652172,134.3830158730159,165657.14285714287
2006-06-30,BLK,USD,1364742,2006-06-30,2006-06-29 20:00:00,2006,Q2,360733000.0,0.0,360733000.0,1.0,0,74367000.0,0.0,74367000.0,189683000.0,264050000.0,264050000.0,0.0,0.0,9710000.0,106091000.0,0.2940984052,96683000.0,0.2680181741,4815000.0,101498000.0,0.2813659965,37237000.0,63404000.0,0.1757643465,0.99,0.95,64393953,66921162,,,5.601970110454316,0.9846266154836,1.4630255732242436,1.2621837333080017,11.118124709629178,16.47830192999644,8.873923301462794,16.168443642526498,3.931580345750788,8961706439.009998,8846189439.009998,35.33572976078008,24.843045795671586,95.1247897145738,110.26128473012044,8.607507505172164,8.607507505172164,24.522817260993584,83.38303380126493,93.89862476393162,108.84000933855825,0.0070749918479816,0.0090693664820579,0.2431638092493876,0.13159064223531,-1.0888482529149504,0.0,0.0,1.485868399470065,0.0030374795453584,0.4293262254747335,0.2061552450150111,0.0,0.2545198061666773,0.1372784205498354,0.0358520013417125,1.331925849639547,0.0,18.926100989929477,0.0318165347689175,0.0442072309821543,2.823696815134179,1291719000.0,571427000.0,428901000.0,1923921000.0,412777500.0,0.0,0.0,109.34635866416436,0.0,0.0,0.8230726756655623,0.0,0.0,0.0608980454305335,0.2008418399162418,2006-07-18,1.17,bmo,354566623.0,2025-04-25,2006-06-30,0.0170940170940171,139.02904761904762,204614.2857142857
2006-03-31,BLK,USD,1364742,2006-03-31,2006-03-30 19:00:00,2006,Q1,395660000.0,0.0,395660000.0,1.0,0,56984000.0,0.0,56984000.0,238649000.0,295633000.0,295633000.0,0.0,0.0,9411000.0,109136000.0,0.2758327857,100027000.0,0.2528104939,13095000.0,113122000.0,0.2859070919,41618000.0,70862000.0,0.1790982156,1.11,1.06,64332216,66999557,,,6.150262257404595,1.1015009960172988,-0.9643690806484888,-1.191347116039031,10.981418703189084,15.626851716098198,7.97141823934683,15.37242242673562,3.945006340213743,9006510240.0,8892203240.0,31.774823741920915,22.76325693777486,-145.17263442940038,-117.51402938336682,9.107217855041045,9.107217855041045,22.474354850123845,81.47818538337488,-143.33016183107674,-116.02258865895983,0.0078678642572664,-0.0085096222574216,0.2566288012846052,0.1378510764497689,-1.047381249083712,0.0,0.0,-0.8755045017075442,0.002985729131864,0.3794840676243967,0.1440226457059091,0.0,0.267505208978345,-0.2353642811089619,0.036905423848759,1.5515885665710338,0.0,19.51887852363908,0.0343427011726458,0.0525463809201066,2.505373823901853,1211589000.0,512819000.0,375847000.0,1841052000.0,363428500.0,0.0,0.0,88.09359045645252,0.0,0.0,1.0216407292933518,0.0,0.0,0.0716543538448159,0.2269780353905421,2006-04-19,1.12,bmo,356800535.0,2025-04-25,2006-03-31,0.0982142857142855,132.46580645161288,263158.06451612903
2005-12-31,BLK,USD,1364742,2005-12-31,2005-12-30 19:00:00,2005,Q4,369108000.0,0.0,369108000.0,1.0,0,60761000.0,0.0,60761000.0,195951000.0,256712000.0,256712000.0,0.0,0.0,7788000.0,120184000.0,0.3256065975,112396000.0,0.3045070819,4046000.0,116442000.0,0.3154686433,42826000.0,72918000.0,0.197551936,1.14,1.09,64074888,66731560,,,5.760571910792883,1.1380121335522273,2.6549714765010592,2.464194709165937,12.218374849129662,14.543248206692144,6.989867855875144,14.393205025968989,3.9608496857614486,6950843850.240001,6720411850.240001,23.83102886200938,18.831463556032386,40.85919602532375,44.022495298968295,7.536889789610764,7.536889789610764,18.20716931152942,55.91769162484192,39.50464592157163,42.56307657869571,0.010490524829943,0.0227156591921638,0.2751888602027882,0.1373327922077922,-1.91732676562604,0.0,0.0,2.332990482459749,0.0027477239327338,0.2619243533832524,0.1646157764123237,0.0,0.2618950216450216,0.0718564282229289,0.0331176782946996,1.5695942475603493,0.0,19.19744629125958,0.0384513372727934,0.0534582388208953,1.8951496255444096,1234567000.0,447875000.0,318424000.0,1848000000.0,307125000.0,0.0,0.0,82.7996683897396,0.0,0.0,1.086960874968343,0.0,0.0,0.0790659294784563,0.190776767335122,2006-01-19,1.06,bmo,316875735.0,2025-04-25,2005-12-31,0.141509433962264,100.24571428571429,100911.11111111112
2005-09-30,BLK,USD,1364742,2005-09-30,2005-09-29 20:00:00,2005,Q3,300807000.0,0.0,300807000.0,1.0,0,51524000.0,0.0,51524000.0,169614000.0,221138000.0,221138000.0,0.0,0.0,8646000.0,87212000.0,0.2899267637,79669000.0,0.2648508845,19431000.0,99100000.0,0.3294471206,37077000.0,61119000.0,0.2031834366,0.95,0.92,64345251,66982727,,,4.674890459281913,0.9498603090381916,1.4774516925887815,1.2631079797948104,10.70445742763518,13.626118266288216,5.984373267888876,13.47714068284542,3.8852906176401434,5702276143.62,5555762143.62,23.32448233618024,18.95659390778805,59.98165655400928,70.16027245302983,6.575578758541957,6.575578758541957,18.4695241255024,63.70410199995413,58.44049084982171,68.35757789750846,0.0107183514899367,0.0142530803407223,0.2882874571893126,0.1494228691103482,-1.679975232766133,0.0,0.0,1.5554410248858783,0.0033448046919544,0.3120633518218557,0.1712859075752891,0.0,0.2938908758809972,0.1450766301660933,0.0458499968418288,1.5951885264862364,0.0,16.97149147288097,0.0298020090894169,0.0517346456812883,1.530136233363982,1057707000.0,385066000.0,261379000.0,1673104000.0,259234000.0,0.0,0.0,82.1805343625647,0.0,0.0,1.0951498514591949,0.0,0.0,0.0704793643838143,0.2143437127939713,2005-10-19,0.97,bmo,282200381.0,2025-04-25,2005-09-30,0.0618556701030928,84.2096875,60526.5625
2005-06-30,BLK,USD,1364742,2005-06-30,2005-06-29 20:00:00,2005,Q2,271389000.0,0.0,271389000.0,1.0,0,46397000.0,0.0,46397000.0,143097000.0,189494000.0,189494000.0,0.0,0.0,7462000.0,89635000.0,0.3302823622,81895000.0,0.3017624148,3964000.0,85859000.0,0.3163687548,31324000.0,53335000.0,0.1965260198,0.83,0.8,64612518,67064343,,,4.200254198420189,0.825459239957186,1.918281531761384,1.7255325043979868,10.062957150191856,13.374993372027385,5.6366941155272725,13.211294442974657,3.86921927419699,5198077073.1,5080691073.1,24.365224866879164,19.15360266296718,41.93857818467869,46.62328863406015,6.089486563731894,6.089486563731894,18.721064866667405,56.68200003458471,40.99149681794344,45.57041441102869,0.0102605250460806,0.0214485084449718,0.2928720793331889,0.1599954945268741,-1.3096000446254252,0.0,0.0,2.3238961282459925,0.0036859784359783,0.3592387737883191,0.1709612401386939,0.0,0.3199852292159453,0.1004800516358062,0.0458898481515463,1.6689895470383276,0.0,15.66432775670058,0.0332900634719258,0.0501951432069741,2.0845496224121773,947230000.0,364201000.0,248878000.0,1562544000.0,244448000.0,0.0,0.0,80.84940804527818,0.0,0.0,1.1131806920540124,0.0,0.0,0.0624813294049425,0.1927490273633973,2005-07-19,0.9,bmo,268373566.0,2025-04-25,2005-06-30,0.0111111111111111,75.93046875,80453.125
2005-03-31,BLK,USD,1364742,2005-03-31,2005-03-30 19:00:00,2005,Q1,250083000.0,0.0,250083000.0,1.0,0,46167000.0,0.0,46167000.0,137334000.0,183501000.0,183501000.0,0.0,0.0,7006000.0,73713000.0,0.2947541416,66582000.0,0.2662396084,7772000.0,74354000.0,0.2973172907,27331000.0,46536000.0,0.1860822207,0.72,0.7,64548704,67149309,,,3.8743303041374775,0.7209439867297723,-2.0789263251513157,-2.337397819792013,9.879020963767143,13.484778873329509,6.611131960139742,13.112501840470724,3.8730444533789554,4836634390.72,4774348390.72,25.98329460374764,19.340116644154143,-36.0426433074997,-32.0570162962963,5.71439385951004,5.71439385951004,19.091055332509608,64.76942182138836,-35.578487471086206,-31.64418721811289,0.0096215666185743,-0.0311944190550115,0.2953703649005488,0.1673451956533089,-0.8449798542997843,0.0,0.0,-2.883616984700017,0.0039850024713426,0.4141739728382327,0.18460671057209,0.0,0.2969942125337535,-0.1243293191844521,0.0667138510014675,2.381387382243791,0.0,14.584273565714028,0.0281861703466259,0.0443101673628613,3.067606128854268,942256000.0,426740000.0,318763000.0,1493918000.0,205221000.0,0.0,0.0,88.206715370497,0.0,0.0,1.0203304773561812,0.0,0.0,0.0549814212040477,0.2584714946406979,2005-04-19,0.81,bmo,225383444.0,2025-04-25,2005-03-31,0.0987654320987653,79.00590163934426,84845.90163934426
2004-12-31,BLK,USD,1364742,2004-12-31,2004-12-30 19:00:00,2004,Q4,188677000.0,0.0,188677000.0,1.0,0,36817000.0,0.0,36817000.0,96034000.0,132851000.0,132851000.0,0.0,0.0,5224000.0,61050000.0,0.3235688505,55826000.0,0.295881321,7657000.0,63483000.0,0.3364639039,12919000.0,49752000.0,0.2636887379,0.77,0.74,64290510,66880713,,,2.934756622711501,0.7738622698746673,1.3671691202947371,1.2062277931844063,10.657404957590163,12.218304070071929,9.354584370228205,11.951250658923067,0.074816640900811,4967084802.6,4514221802.6,24.95922175289436,26.325862731546508,56.51093112997179,64.05092009697096,6.464595397161718,6.464595397161718,23.925660269137204,73.94302706961507,51.358671641485394,58.21121874685683,0.0100163379481577,0.0156125782187989,0.0062601515971846,0.004200011351382,-7.417903357903357,0.0,0.0,1.7666827464222543,0.0032161721884913,0.3210926193921852,0.1951324220758227,0.0,0.1607617650525874,0.1177186675161554,0.0548397525930558,1.980666156202144,0.0,14.42546339505233,0.0388262887257512,0.0517643386656262,6.991117351534465,867424000.0,601411000.0,507710000.0,1145235000.0,168024500.0,0.0,0.0,78.86907254196325,0.0,0.0,1.141131714869785,0.0,0.0,0.0647515721960768,0.1609413271103309,2005-01-19,0.72,bmo,180815458.0,2025-04-25,2004-12-31,0.0416666666666667,74.61078125,70489.0625
2004-09-30,BLK,USD,1364742,2004-09-30,2004-09-29 20:00:00,2004,Q3,170999000.0,0.0,170999000.0,1.0,0,29259000.0,0.0,29259000.0,164116000.0,193375000.0,193375000.0,0.0,0.0,5357000.0,-17019000.0,-0.0995268978,-22376000.0,-0.1308545664,5682000.0,-16694000.0,-0.0976263019,-7265000.0,-9814000.0,-0.0573921485,-0.15,-0.15,63932505,63932505,,,2.674680117727281,-0.1535056384854621,1.6218197613248535,1.5380908350142075,9.696851390384282,11.632158007886598,8.749618054227657,11.495701599679224,0.0,4698399792.45,4318968792.45,-119.6861573377318,27.47618285750209,45.31329667605389,47.78001294008176,6.392824253723727,6.392824253723727,25.25727514459149,-253.77335874316933,41.65390832457299,43.92141876105924,-0.0020887962782074,0.0209292534360349,0.0,0.0,22.29455314648334,0.0,0.0,-10.565212961076014,0.003390090393243,-1.622987568779295,0.1711062637793203,0.0,0.1711121902393776,0.0516265298446285,0.0313042766331966,0.9992533134216912,0.0,,-0.0117346887094639,-0.0109934547833402,6.485687523115198,804336000.0,559385000.0,471008000.0,1077001000.0,158446000.0,0.0,0.0,89.84631489073035,0.0,0.0,1.0017105332528835,0.0,0.0,-0.0133533075084121,0.0837289263106459,2004-10-18,0.56,bmo,170999000.0,2025-04-25,2004-09-30,0.0,67.38515625,81704.6875
2004-06-30,BLK,USD,1364742,2004-06-30,2004-06-29 20:00:00,2004,Q2,183812000.0,0.0,183812000.0,1.0,0,31363000.0,0.0,31363000.0,89868000.0,121231000.0,121231000.0,0.0,0.0,5156000.0,67737000.0,0.3685123931,62581000.0,0.3404619938,15488000.0,78069000.0,0.4247219986,26521000.0,47996000.0,0.2611146171,0.75,0.73,63902927,66031102,,,2.8764253631136487,0.7510767073314185,1.1524980694546276,1.069465879082503,8.341793170131314,11.959389591027652,9.055109478788037,11.818754405412449,0.0,4078923830.41,3782227830.41,21.246165463840736,22.190737440482668,55.38404071271453,59.68399857203477,5.400738335908629,5.400738335908629,20.57660996240724,55.83695514135553,51.3554723877091,55.34265649834655,0.0117668291920949,0.0167549095892605,0.0,0.0,-4.380117218063983,0.0,0.0,1.534461205100425,0.0038860740379176,0.3302566880573381,0.1706254216264444,0.0,0.1920343690116012,0.0720454051705409,0.0288664505037755,1.0290923196276185,0.0,14.132508649580132,0.0427558370120117,0.0614655636093537,6.893138869836119,692762000.0,578648000.0,490550000.0,966452000.0,146670500.0,0.0,0.0,71.57666528844689,0.0,0.0,1.2573930293805795,0.0,0.0,0.0635495655098357,0.0830321903721248,2004-07-20,0.7,bmo,181186114.0,2025-04-25,2004-06-30,0.0142857142857143,62.08870967741935,64441.93548387097
2004-03-31,BLK,USD,1364742,2004-03-31,2004-03-30 19:00:00,2004,Q1,181823000.0,0.0,181823000.0,1.0,0,31299000.0,0.0,31299000.0,74660000.0,105959000.0,105959000.0,0.0,0.0,4949000.0,80813000.0,0.4444597218,69767000.0,0.3837083317,5813000.0,75580000.0,0.4156789845,20089000.0,55207000.0,0.3036304538,0.87,0.84,64031910,66071891,,,2.8395685838513955,0.862179497691073,-0.5290018679748894,-0.6006224084210513,7.471228017405696,11.357634029658024,8.45558097517316,11.290480012231402,0.0,3916831934.7,3615722934.7,17.737025806057204,21.542004777723392,-115.63286200513684,-101.84435202943396,5.417838739693285,5.417838739693285,19.88594916319718,44.74184765693639,-106.74351060431611,-94.0150012922853,0.0140948095094175,-0.0098189048295087,0.0,0.0,-3.725997054929281,0.0,0.0,-0.6135634973825783,0.0040609350273841,0.288115637509736,0.1721399382916352,0.0,0.2043274887238548,-0.1353880671921589,0.0252223316082123,0.9266518488583552,0.0,14.799474945984649,0.0563236388757627,0.0762930164810715,6.349537285394111,635902000.0,541427000.0,453711000.0,909442000.0,137236000.0,0.0,0.0,72.84028973232209,0.0,0.0,1.2355799287830602,0.0,0.0,0.0763634049887198,0.0716205404461619,2004-04-20,0.75,bmo,191520226.0,2025-04-25,2004-03-31,-0.0533333333333333,59.19290322580645,81646.7741935484
2003-12-31,BLK,USD,1364742,2003-12-31,2003-12-30 19:00:00,2003,Q4,85962000.0,0.0,85962000.0,1.0,0,28591000.0,0.0,28591000.0,68368000.0,96959000.0,96959000.0,0.0,0.0,5480000.0,-5517000.0,-0.0641795212,-10997000.0,-0.1279286196,47106000.0,36109000.0,0.4200576999,25347000.0,41310000.0,0.4805611782,0.65,0.63,63775783,65807605,,,1.3478783945310402,0.6477380293394438,5.291569685628164,5.2319859404940585,8.637510573566772,11.204049035352494,8.192263198085707,11.184621598452187,0.0,3387131835.13,3071190835.13,20.49825608284919,39.40266437646867,10.036719377285362,10.15102116176268,4.748484294484291,4.748484294484291,35.727307823573206,-556.6776935164039,9.100525774222609,9.204165847893451,0.0121961594678863,0.0985122564581822,0.0,0.0,57.26681167301069,0.0,0.0,8.169305252965383,0.0037731038005225,0.3093681917211329,0.3326004513622298,0.0,0.1985881229044387,0.0112601267060573,0.0442055792094181,0.6934306569343066,0.0,12.767374708392405,-0.0033886376844535,0.0532933235631056,6.17279759622865,688138000.0,522468000.0,435462000.0,967223000.0,176981000.0,0.0,0.0,133.29657290430654,0.0,0.0,0.6751861509943762,0.0,0.0,0.0579132716862841,0.0595837451341052,2004-01-21,0.63,bmo,85962000.0,2025-04-25,2003-12-31,0.0,51.11171875,68795.3125
2003-09-30,BLK,USD,1364742,2003-09-30,2003-09-29 20:00:00,2003,Q3,213831000.0,0.0,213831000.0,1.0,0,28167000.0,0.0,28167000.0,67031000.0,95198000.0,95198000.0,0.0,0.0,5422000.0,124055000.0,0.580154421,118633000.0,0.5547979479,5934000.0,94468000.0,0.4417881411,23579000.0,40053000.0,0.1873114749,0.62,0.61,64756140,65956095,,,3.302096140999139,0.6185204985967354,-2.7899130491718624,-2.8417073655100507,43.11575705408012,14.908871961793894,11.939300273302267,10.752030618254889,31.43542836246879,3173050860.0,4967120860.0,19.805325818290765,14.839059163545045,-17.563271376699287,-17.243154800073906,4.55727868899549,4.55727868899549,23.22918968718287,40.03966676071097,-27.49369470398087,-26.992581486593703,0.0126228673183007,-0.057994027867552,2.923673627667825,0.5841471050579057,14.461891902785055,0.0,0.0,-4.505561374632151,0.0040446877677844,0.3204254362969066,0.1317255215567434,0.0,0.0551819012959703,-0.0185648496656777,0.0156852841730151,0.6185909258576171,0.0,12.232452948036771,0.0255459192328381,0.01216490549442,6.835390435563331,3204049000.0,773143000.0,684688000.0,3484802000.0,173047000.0,0.0,0.0,95.39374552801044,0.0,0.0,0.9434580800014118,0.0,0.0,0.0575259242237095,0.0517943163381881,2003-10-15,0.6,bmo,210267150.0,2025-04-25,2003-09-30,0.0166666666666666,46.50875,107239.0625
2003-06-30,BLK,USD,1364742,2003-06-30,2003-06-29 20:00:00,2003,Q2,143906000.0,0.0,143906000.0,1.0,0,25476000.0,0.0,25476000.0,63628000.0,89104000.0,89104000.0,0.0,0.0,5169000.0,59971000.0,0.4167373146,54802000.0,0.380818034,8082000.0,62884000.0,0.4369796951,24210000.0,38674000.0,0.2687448751,0.59,0.58,65289494,66430045,,,2.2041218453921547,0.5923464501042082,0.7877530801509964,0.7426615988171084,7.436877976110521,10.859128422713768,7.91525509448733,10.859128422713768,0.0,2940638809.76,2759805809.76,19.00914574235921,20.434441995191303,57.17527628247006,60.64673341362811,4.147662523798038,4.147662523798038,19.17783698914569,46.01900601557419,53.65931345776948,56.91729520211186,0.0131515641675001,0.0164889342543762,0.0,0.0,-3.0153407480282137,0.0,0.0,1.3298857113306095,0.0,0.0,0.1770322293719511,0.0,0.2134016085838511,0.0572406284025509,0.02045779884091,0.5695492358289804,0.0,12.030305020216849,0.0374205881661145,0.0545885182592199,5.873150127339017,618172000.0,516783000.0,426491000.0,900668000.0,117487500.0,0.0,0.0,74.7037649576807,0.0,0.0,1.2047585560243788,0.0,0.0,0.0545482498268656,0.0450914813338881,2003-07-15,0.57,bmo,141381333.0,2025-04-25,2003-06-30,0.0175438596491228,45.60444444444445,83309.52380952382
2003-03-31,BLK,USD,1364742,2003-03-31,2003-03-30 19:00:00,2003,Q1,142751000.0,0.0,142751000.0,1.0,0,25109000.0,0.0,25109000.0,63576000.0,88685000.0,88685000.0,0.0,0.0,5295000.0,59361000.0,0.4158359661,54066000.0,0.3787434064,3365000.0,57431000.0,0.4023159207,22111000.0,35320000.0,0.2474238359,0.54,0.54,65317807,66131557,,,2.185483661446258,0.5407407508338423,-0.4385787171329864,-0.4899429645578885,6.672774546763336,10.2300127743113,7.430546466448269,10.2300127743113,0.0,2843937316.78,2652723316.78,20.1297941448188,19.92236353356544,-99.27522312214194,-88.86748693144177,4.25610416727277,4.25610416727277,18.58287029008553,44.68798229106652,-92.60038806087896,-82.89242287294543,0.0124194017187377,-0.011252709337572,0.0,0.0,-3.2212058422196392,0.0,0.0,-0.8110702151755379,0.0,0.0,0.1758936890109351,0.0,0.218622257133873,-0.1171152302160784,0.0235024623295108,0.6336166194523135,0.0,11.156395374132725,0.0397544811955126,0.0540439635096137,5.424267382400025,561327000.0,485347000.0,393132000.0,836397000.0,114798500.0,0.0,0.0,72.83612724254121,0.0,0.0,1.2356505405662743,0.0,0.0,0.0528582674101544,0.051364247424902,2003-04-15,0.54,bmo,142751000.0,2025-04-25,2003-03-31,0.0,41.93901639344263,77121.31147540984
2002-12-31,BLK,USD,1364742,2002-12-31,2002-12-30 19:00:00,2002,Q4,137037000.0,0.0,137037000.0,1.0,0,22172000.0,0.0,22172000.0,59862000.0,82034000.0,82034000.0,0.0,0.0,4287000.0,59290000.0,0.4326568737,55003000.0,0.4013733517,1885000.0,56888000.0,0.4151287608,23040000.0,33848000.0,0.2469989857,0.52,0.51,65056537,65867032,,,2.1064293661988187,0.5202859168479872,1.1554565223783737,1.086870025067581,7.131904361893717,9.75542242588166,6.9451437293688105,9.75542242588166,0.0,2563227557.8,2307993557.8,18.93189817566769,18.704638585199618,34.09907619795131,36.25088473440063,4.0387794889813975,4.0387794889813975,16.842119703437756,38.92719780401416,30.70365249168551,32.64119417604797,0.0132052263159387,0.0275855336311568,0.0,0.0,-4.304840613931523,0.0,0.0,2.220810683053652,0.0,0.0,0.1617957194042485,0.0,0.211559290339602,0.0593587867500332,0.032560549340689,1.0408210870072312,0.0,10.686496164529713,0.0378695803791559,0.0496770434468659,4.918729381491671,587438000.0,451827000.0,357904000.0,864188000.0,112957000.0,0.0,0.0,74.91626349088203,0.0,0.0,1.2013412816691504,0.0,0.0,0.0533329971921708,0.0685864973107929,2003-01-15,0.51,bmo,134350000.0,2025-04-25,2002-12-31,0.0196078431372549,37.973125,91481.25
2002-09-30,BLK,USD,1364742,2002-09-30,2002-09-29 20:00:00,2002,Q3,137132000.0,0.0,137132000.0,1.0,0,23448000.0,0.0,23448000.0,58188000.0,81636000.0,81636000.0,0.0,0.0,5985000.0,61481000.0,0.4483344515,55496000.0,0.4046903713,244000.0,55740000.0,0.4064696788,22575000.0,33165000.0,0.2418472712,0.51,0.51,65059143,65600742,,,2.107805201184405,0.5097669362167897,1.0760055661968988,0.9754970181516224,6.058133904407564,9.159727173166116,6.376382793729699,9.159727173166116,0.0,2694749703.06,2481074703.06,20.313204455450023,19.65077227095061,38.49422465944803,42.4604065714961,4.521968746115276,4.521968746115276,18.0926020408074,40.35514554187473,35.44189907805268,39.09359021602458,0.0123072654808495,0.0235513524420961,0.0,0.0,-3.4754639644768304,0.0,0.0,2.110715793282277,0.0,0.0,0.1709885365924802,0.0,0.2293413916871629,0.0934089480601108,0.0476839833153458,1.092564745196324,0.0,10.249870062447023,0.0418197930950614,0.054503592487658,4.370945986792356,514965000.0,414842000.0,321315000.0,789574000.0,115277500.0,0.0,0.0,73.40343610535834,0.0,0.0,1.22610064017739,0.0,0.0,0.0556530698545452,0.1005085480452762,2002-10-11,0.51,bmo,137132000.0,2025-04-25,2002-09-30,0.0,43.05546875,70559.375
2002-06-30,BLK,USD,1364742,2002-06-30,2002-06-29 20:00:00,2002,Q2,156695000.0,0.0,156695000.0,1.0,0,22043000.0,0.0,22043000.0,79947000.0,101990000.0,101990000.0,0.0,0.0,4965000.0,59670000.0,0.3808034717,54705000.0,0.3491177128,3843000.0,58548000.0,0.3736430646,23712000.0,34836000.0,0.2223172405,0.54,0.53,64986802,65595609,,,2.4111818889010728,0.5360473038817943,1.0163294387066468,0.7375651443811622,5.1169774441278095,8.635876558443359,5.846294759972956,8.635876558443359,0.0,2849671267.7000003,2680138267.7000003,20.45062053407395,18.186102094514823,43.14545887384933,59.452375609196366,5.077654793146335,5.077654793146335,17.10417223076678,44.91600917881683,40.57864383024467,55.91542743261287,0.0122245679334502,0.0168201857327517,0.0,0.0,-2.8411764705882354,0.0,0.0,1.8959696865311744,0.0,0.0,0.140674558856377,0.0,0.2468847627789414,0.2742853682170542,0.1156131337949519,3.648741188318227,0.0,10.20577595191639,0.04432750225156,0.0629936637444666,3.823749474547155,460236000.0,379932000.0,287160000.0,734294000.0,116580500.0,0.0,0.0,68.18334981971346,0.0,0.0,1.319970348156447,0.0,0.0,0.0620721359614267,0.2787642943254847,2002-07-12,0.49,bmo,143903571.0,2025-04-25,2002-06-30,0.0816326530612245,44.4934375,58618.75
2002-03-31,BLK,USD,1364742,2002-03-31,2002-03-30 19:00:00,2002,Q1,146113000.0,0.0,146113000.0,1.0,0,22412000.0,0.0,22412000.0,73766000.0,96178000.0,96178000.0,0.0,0.0,5001000.0,54936000.0,0.3759829721,49935000.0,0.3417560381,2837000.0,52772000.0,0.3611725172,21373000.0,31399000.0,0.2148953207,0.49,0.48,64908142,65481915,,,2.2510735247975515,0.483745167131729,-0.6035760505977817,-0.8147976258510065,4.34572599536126,8.057602388310546,5.261543305306752,8.057602388310546,0.0,2914375575.8,2802547575.8,23.20436618841364,19.94603885896532,-74.38996288128237,-55.105707939569264,5.572377220441908,5.572377220441908,19.180686015618047,51.01477311416921,-71.53553298619087,-52.9912374647834,0.0107738344572768,-0.0181469404421159,0.0,0.0,-2.03560506771516,0.0,0.0,-1.2477148953788335,0.0,0.0,0.1533881311040085,0.0,0.2722397561517091,-0.3499502258978482,0.0938314865891467,2.7414517096580684,0.0,9.364886001191998,0.0445680202300682,0.0647192558285256,3.4551982708116955,405737000.0,341517000.0,262097000.0,666644000.0,105554500.0,0.0,0.0,70.49680726560949,0.0,0.0,1.2766535605067717,0.0,0.0,0.0600358697065414,0.2112215752532247,2002-04-12,0.46,bmo,139760260.0,2025-04-25,2002-03-31,0.0434782608695651,43.0555,53400.0
2001-12-31,BLK,USD,1364742,2001-12-31,2001-12-30 19:00:00,2001,Q4,129391000.0,0.0,129391000.0,1.0,0,20139000.0,0.0,20139000.0,66236000.0,86375000.0,86375000.0,0.0,0.0,7122000.0,50138000.0,0.3874921749,43016000.0,0.3324497067,4005000.0,47021000.0,0.3634024005,18689000.0,28332000.0,0.2189642247,0.44,0.43,64648511,65219988,,,2.001453676172062,0.4382467525044776,0.7360107644242572,0.5213577154159049,5.036109803054861,7.519384321164025,4.708987032972809,7.519384321164025,0.0,2695842908.7000003,2509391908.7000003,23.787968628229564,20.834856432827632,56.6567800575848,79.98347155318203,5.545666801819316,5.545666801819316,19.39386749232945,50.0497009992421,52.73826044932959,74.45162167927609,0.0105095144485486,0.0125025831034989,0.0,0.0,-3.718756232797479,0.0,0.0,1.679443738528872,0.0,0.0,0.1556445193251462,0.0,0.2654402332872642,0.2916438989533857,0.1072485721572597,1.9484695310306093,0.0,8.610765331294452,0.0378665642134952,0.0563495694027327,3.089170143454657,432280000.0,304429000.0,233919000.0,684478000.0,96962500.0,0.0,0.0,67.23272870601511,0.0,0.0,1.3386337537115012,0.0,0.0,0.0582822653805565,0.2146530490083522,2002-01-15,0.43,bmo,126381906.0,2025-04-25,2001-12-31,0.0232558139534883,41.12046875,58109.375
2001-09-30,BLK,USD,1364742,2001-09-30,2001-09-29 20:00:00,2001,Q3,134782000.0,0.0,134782000.0,1.0,0,20689000.0,0.0,20689000.0,71561000.0,92250000.0,92250000.0,0.0,0.0,6768000.0,49300000.0,0.3657758454,42532000.0,0.3155614251,2718000.0,45250000.0,0.3357273226,17874000.0,27376000.0,0.2031131753,0.43,0.42,64542939,65208674,,,2.0882532169785453,0.4241517418349976,0.9190625794093448,0.7862982502237774,4.54798006641749,7.088645281554347,4.233166388657945,7.088645281554347,0.1137847162491314,2591399000.85,2445911000.85,23.664879829503946,19.22659554577021,43.68581737470287,51.06204927783251,5.6639877445237605,5.6639877445237605,18.147163574141945,49.612799205882354,41.23317993981692,48.195290657142856,0.0105641778788293,0.0195840161948636,0.0160516871319849,0.0114078009226897,-2.9510750507099397,0.0,0.0,2.1668249561659847,0.0,0.0,0.1534997254826312,0.0,0.2862839212762322,0.144456245047961,0.0635767387336588,1.2661052009456264,0.0,8.224954588141417,0.0399702145433533,0.0595818216245274,2.79258277965929,398327000.0,273221000.0,212079000.0,643770000.0,87741000.0,0.0,0.0,64.94888041429864,0.0,0.0,1.3857051796105524,0.0,0.0,0.0598353740366583,0.1327643291855674,2001-10-16,0.41,bmo,131494634.0,2025-04-25,2001-09-30,0.024390243902439,39.46186440677966,69686.44067796611
2001-06-30,BLK,USD,1364742,2001-06-30,2001-06-29 20:00:00,2001,Q2,135262000.0,0.0,135262000.0,1.0,0,18684000.0,0.0,18684000.0,73870000.0,92554000.0,92554000.0,0.0,0.0,6382000.0,181296000.0,1.3403320962,42708000.0,0.3157427807,2431000.0,45139000.0,0.3337153081,18909000.0,26230000.0,0.193919948,0.41,0.4,64506655,65137940,,,2.096868919958724,0.4066247118223693,1.3476283958608613,1.1951169999436493,3.7465126660187233,6.64849231447515,3.750899810259887,6.64849231447515,0.0,2211933199.95,2112702199.95,21.08209302277926,16.352953526858983,25.44469981882182,28.691751520241784,5.15756029759462,5.15756029759462,15.619332849950466,11.653330464819962,24.303208291058425,27.404591855940225,0.0118584051275115,0.034853222512209,0.0,0.0,-0.547342467566852,0.0,0.0,3.314182234083111,0.0,0.0,0.1381319217518593,0.0,0.3272109153166653,0.113170215458237,0.0727329183362659,1.5415230335318082,0.0,7.799194099847794,0.0434451741270061,0.0682504163197335,2.4489721254341896,327592000.0,241958000.0,185230000.0,571234000.0,82323000.0,0.0,0.0,52.0429980334462,0.0,0.0,1.729339265623402,0.0,0.0,0.0611604394784457,0.1525113959172119,2001-07-11,0.4,bmo,135262000.0,2025-04-25,2001-06-30,0.0,34.6868253968254,76428.57142857143
2001-03-31,BLK,USD,1364742,2001-03-31,2001-03-30 19:00:00,2001,Q1,133709000.0,0.0,133709000.0,1.0,0,17055000.0,0.0,17055000.0,74734000.0,91789000.0,91789000.0,0.0,0.0,5749000.0,47669000.0,0.3565130246,41920000.0,0.3135166668,1661000.0,43581000.0,0.3259391664,18085000.0,25496000.0,0.1906827513,0.4,0.39,64416915,65158117,,,2.075681519364906,0.3957966630348566,-0.4107461526215591,-0.5379642909009226,2.578204808473054,6.237709458765606,3.295500878922873,6.237709458765606,0.0,2319008940.0,2173631940.0,22.738948658613115,17.343701171948037,-87.64537359688575,-66.91893980492873,5.771349281010616,5.771349281010616,16.25643703864362,45.59843797856049,-82.15094825957141,-62.72383967218792,0.0109943517509682,-0.0149434525250256,0.0,0.0,-3.0497178459795675,0.0,0.0,-1.0377706306871666,0.0,0.0,0.1275531190869724,0.0,0.3787204536780412,-0.3097244793831966,0.0612898159435789,1.42546529831275,0.0,7.453150558462424,0.0490051264660967,0.082003119823746,2.053396999840803,260257000.0,212286000.0,161628000.0,500443000.0,84857000.0,0.0,0.0,58.17633816721388,0.0,0.0,1.547020710401481,0.0,0.0,0.0634522440731283,0.1272181382793634,2001-04-12,0.38,bmo,130190342.0,2025-04-25,2001-03-31,0.0263157894736842,39.20483870967742,53893.54838709677
2000-12-31,BLK,USD,1364742,2000-12-31,2000-12-30 19:00:00,2000,Q4,128540000.0,0.0,128540000.0,1.0,0,15029000.0,0.0,15029000.0,73839000.0,88868000.0,88868000.0,0.0,0.0,5003000.0,44675000.0,0.3475571806,39672000.0,0.3086354442,2869000.0,42541000.0,0.3309553446,17995000.0,24546000.0,0.1909600124,0.38,0.38,64159248,64897486,,,2.003452409541957,0.3825792970640803,0.6819437783934126,0.521281047433723,3.209295719924897,5.739484353058503,2.744717332098406,5.739484353058503,0.0,2566369920.0,2373779920.0,26.13837203617697,19.965535397541625,58.65586176947866,76.73403857078786,6.969267191866196,6.969267191866196,18.467246927026608,53.13441343033016,54.25410646127123,70.97562924203916,0.009564482426602,0.013032026185843,0.0,0.0,-4.310912143256855,0.0,0.0,1.7824900187403243,0.0,0.0,0.116920802862922,0.0,0.3578043325642501,0.2355952734669622,0.0801929360510347,2.060363781730961,0.0,7.028917235913844,0.0426265730139478,0.0711765029968596,1.552496375892685,299263000.0,176099000.0,130501000.0,537003000.0,80462500.0,0.0,0.0,58.31305430216275,0.0,0.0,1.543393689063926,0.0,0.0,0.0666574335828981,0.1606627309596895,2001-01-16,0.35,bmo,117522285.0,2025-04-25,2000-12-31,0.0857142857142858,41.93412698412698,73077.77777777778
2000-09-30,BLK,USD,1364742,2000-09-30,2000-09-29 20:00:00,2000,Q3,127701000.0,0.0,127701000.0,1.0,0,15577000.0,0.0,15577000.0,75198000.0,90775000.0,90775000.0,0.0,0.0,5457000.0,42383000.0,0.3318924676,36926000.0,0.2891598343,1982000.0,38908000.0,0.3046804645,16147000.0,22761000.0,0.1782366622,0.36,0.35,64140973,64910943,,,1.990942669360504,0.3548589760245764,0.9212208240121332,0.7363000246347994,2.6992886434697523,5.356139514752917,2.319749655185306,5.356139514752917,0.0,2052511136.0,1893583136.0,22.544166952242872,16.072788278870174,34.73651394530192,43.460544519025134,5.974452291965024,5.974452291965024,14.828256129552626,44.67789292876861,32.046830760899,40.09535087979334,0.011089343000768,0.0230093757698374,0.0,0.0,-3.74980534648326,0.0,0.0,2.5960195070515355,0.0,0.0,0.1219802507419675,0.0,0.3954496999969543,0.2007344976983482,0.0928810267734786,2.173538574308228,0.0,6.539508324952635,0.0438614385309952,0.0764464059004896,1.28496257766467,260060000.0,148791000.0,111113000.0,492495000.0,74945000.0,0.0,0.0,54.71914863626753,0.0,0.0,1.64476243222009,0.0,0.0,0.0662527507073247,0.184920799377334,2000-10-12,0.33,bmo,119961545.0,2025-04-25,2000-09-30,0.0606060606060604,34.88444444444445,51798.4126984127
2000-06-30,BLK,USD,1364742,2000-06-30,2000-06-29 20:00:00,2000,Q2,112571000.0,0.0,112571000.0,1.0,0,14605000.0,0.0,14605000.0,63644000.0,78249000.0,78249000.0,0.0,0.0,4902000.0,39224000.0,0.3484378748,34322000.0,0.3048920237,1331000.0,35653000.0,0.3167156728,14796000.0,20857000.0,0.1852786242,0.33,0.32,64122258,64751452,,,1.755568245896768,0.3252692692138196,0.6329783333581297,0.5555949074656729,1.974930452386752,5.008978317638159,1.930951963669152,5.008978317638159,0.0,1859545482.0,1742912482.0,22.28922522414537,16.518867932238322,45.81515428205381,52.19630275641386,5.789603819581739,5.789603819581739,15.482784038517911,44.43484810320212,42.94157095693309,48.92248588109808,0.0112161816970282,0.0191584450850232,0.0,0.0,-2.9735111156434835,0.0,0.0,1.946013328858417,0.0,0.0,0.1297403416510469,0.0,0.4550537317080481,0.1222528826254065,0.0440788480159188,1.0122399020807833,0.0,6.05462642364793,0.0462924203515566,0.088242884764278,1.064868146096789,207698000.0,123817000.0,95156000.0,433729000.0,72358500.0,0.0,0.0,57.76274528963943,0.0,0.0,1.558097689933425,0.0,0.0,0.0649372483942376,0.0773834258924568,2000-07-12,0.32,bmo,112571000.0,2025-04-25,2000-06-30,0.0,25.36460317460317,63368.25396825397
2000-03-31,BLK,USD,1364742,2000-03-31,2000-03-30 19:00:00,2000,Q1,108060000.0,0.0,108060000.0,1.0,0,13100000.0,0.0,13100000.0,62842000.0,75942000.0,75942000.0,0.0,0.0,4633000.0,36751000.0,0.3400980937,32118000.0,0.2972237646,697000.0,32815000.0,0.3036738849,13618000.0,19197000.0,0.1776513048,0.3,0.3,64120864,64600995,,,1.685254896128661,0.2993877312694976,-0.5430681657689453,-0.6308710999277863,1.4171050471185167,4.678757915676245,1.6868456420050737,4.678757915676245,0.0,1298447496.0,1209777496.0,16.909510548523205,12.015986451971129,-37.2881366951927,-32.09847463660635,4.328071758564829,4.328071758564829,11.195423801591708,32.91821980354276,-34.74175796909999,-29.90649401760111,0.0147845793219504,-0.0311541283914956,0.0,0.0,-2.412723463307121,0.0,0.0,-1.813929259780174,0.0,0.0,0.1212289468813622,0.0,0.4938959400664212,-0.1616793980816725,0.0521006848047381,1.2151953377940858,0.0,5.614014708255054,0.0483722941609441,0.0976519182444324,0.8857179466577368,170499000.0,108162000.0,82075000.0,388430000.0,37289500.0,352500.0,0.0,60.356468628539695,0.0,0.0,1.4911409173704255,0.0,0.0,0.0639887202255954,0.087802934158841,2000-04-11,0.29,bmo,104333793.0,2025-04-25,2000-03-31,0.0344827586206896,19.444126984126985,40920.63492063492
1999-12-31,BLK,USD,1364742,1999-12-31,1999-12-30 19:00:00,1999,Q4,98581000.0,0.0,98581000.0,1.0,0,-83030000.0,0.0,-83030000.0,420368000.0,337338000.0,337338000.0,0.0,0.0,4453000.0,-234304000.0,-2.376766314,-238757000.0,-2.4219372901,268907000.0,30150000.0,0.3058398677,12933000.0,17217000.0,0.1746482588,0.27,0.27,63864382,64342592,,,1.543599059644858,0.2695868880403477,0.2274507251945223,0.1331101896515651,2.495663388710158,4.392526651240436,1.35081554535359,4.392526651240436,0.8831213617631186,1097828726.5800002,997099726.5800002,15.941057190277052,11.136311526359036,75.57680893432466,129.14112770027057,3.91346515681256,3.91346515681256,10.114522337773,-4.255581324177138,68.64241543301667,117.2920511210446,0.0156827741733768,0.0077434665300503,0.2010508829841084,0.1260104293738354,0.4299072999180551,7.979519114340079,0.0,0.843700993204391,0.0,0.0,-0.8422515494872237,0.0,0.4340143258665451,0.4147735095690486,0.0611172538318742,1.353020435661352,0.0,5.161760434890356,-0.3050972361789492,0.0679640777657159,-0.0953387445289927,201743000.0,86269000.0,63592000.0,418677000.0,1055500.0,352500.0,0.0,1.927247644069344,0.0,0.0,46.69872098531501,0.0,0.0,0.0613739902896701,0.0943405355429572,1999-12-30,,bmo,,2025-04-25,1999-12-31,,16.1834375,135421.875
1999-09-30,BLK,USD,1364742,1999-09-30,1999-09-29 20:00:00,1999,Q3,101000000.0,0.0,101000000.0,1.0,0,43300000.0,0.0,43300000.0,-69400000.0,-26100000.0,-26100000.0,0.0,0.0,0.0,127100000.0,1.2584158416,127100000.0,1.2584158416,-98700000.0,28400000.0,0.2811881188,12200000.0,16200000.0,0.1603960396,0.3,0.3,54216867,54216867,,,1.862888905033926,0.2988000025896,,,0.0461111115107407,2.7371555792775704,-0.8908666743875112,2.7371555792775704,2.8256889133781926,766084330.71,919284330.71,11.822289054166667,7.584993373366337,0.0,0.0,5.162293333625338,5.162293333625338,9.101825056534654,7.232764207002361,0.0,0.0,0.0211464969985562,,1.0323450134770888,0.3455119530897609,1.2053501180173092,14.161490683229813,0.0,0.0,,,0.4287128712871287,0.0,0.4436175011276499,0.0,,0.0,,4.289743246275494,0.1635108349692199,0.0656668017835427,-5.3950000467566674,211900000.0,-48300000.0,-67000000.0,427300000.0,,,,0.0,0.0,0.0,0.0,0.0,0.0,0.1091644204851752,,2000-01-13,0.26,bmo,94789423.0,2025-04-25,1999-09-30,0.0384615384615384,,
1999-06-30,BLK,USD,1364742,1999-06-30,1999-06-29 20:00:00,1999,Q2,90700000.0,0.0,90700000.0,1.0,0,0.0,0.0,0.0,0.0,0.0,0.0,0.0,0.0,0.0,90700000.0,1.0,90700000.0,1.0,-90700000.0,0.0,0.0,-13000000.0,13000000.0,0.1433296582,0.24,0.24,54384203,54384203,,,1.667763707045592,0.2390400021123781,,,,,,,,768448788.39,,14.77786131519231,8.472423245755238,0.0,0.0,0.0,0.0,,,0.0,0.0,0.0169171976017252,,0.0,0.0,,0.0,0.0,0.0,,,0.0,0.0,0.0,0.0,,0.0,,,0.0,0.0,,,,,,,,,,0.0,0.0,0.0,0.0,0.0,0.0,,1999-06-29,,bmo,,2025-04-25,1999-06-30,,,
1999-03-31,BLK,USD,1364742,1999-03-31,1999-03-30 19:00:00,1999,Q1,90700000.0,0.0,90700000.0,1.0,0,0.0,0.0,0.0,0.0,0.0,0.0,0.0,0.0,0.0,90700000.0,1.0,90700000.0,1.0,-90700000.0,0.0,0.0,-13000000.0,13000000.0,0.1433296582,0.24,0.24,54384203,54384203,,,1.667763707045592,0.2390400021123781,,,,,,,,768448788.39,,14.77786131519231,8.472423245755238,0.0,0.0,0.0,0.0,,,0.0,0.0,0.0169171976017252,,0.0,0.0,,0.0,0.0,0.0,,,0.0,0.0,0.0,0.0,,0.0,,,0.0,0.0,,,,,,,,,,0.0,0.0,0.0,0.0,0.0,0.0,,1999-03-30,,bmo,,2025-04-25,1999-03-31,,,
