date,symbol,reportedCurrency,cik,fillingDate,acceptedDate,calendarYear,period,revenue,costOfRevenue,grossProfit,grossProfitRatio,researchAndDevelopmentExpenses,generalAndAdministrativeExpenses,sellingAndMarketingExpenses,sellingGeneralAndAdministrativeExpenses,otherExpenses,operatingExpenses,costAndExpenses,interestIncome,interestExpense,depreciationAndAmortization,ebitda,ebitdaratio,operatingIncome,operatingIncomeRatio,totalOtherIncomeExpensesNet,incomeBeforeTax,incomeBeforeTaxRatio,incomeTaxExpense,netIncome,netIncomeRatio,eps,epsdiluted,weightedAverageShsOut,weightedAverageShsOutDil,link,finalLink,revenuePerShare,netIncomePerShare,operatingCashFlowPerShare,freeCashFlowPerShare,cashPerShare,bookValuePerShare,tangibleBookValuePerShare,shareholdersEquityPerShare,interestDebtPerShare,marketCap,enterpriseValue,peRatio,priceToSalesRatio,pocfratio,pfcfRatio,pbRatio,ptbRatio,evToSales,enterpriseValueOverEBITDA,evToOperatingCashFlow,evToFreeCashFlow,earningsYield,freeCashFlowYield,debtToEquity,debtToAssets,netDebtToEBITDA,currentRatio,interestCoverage,incomeQuality,dividendYield,payoutRatio,salesGeneralAndAdministrativeToRevenue,researchAndDdevelopementToRevenue,intangiblesToTotalAssets,capexToOperatingCashFlow,capexToRevenue,capexToDepreciation,stockBasedCompensationToRevenue,grahamNumber,roic,returnOnTangibleAssets,grahamNetNet,workingCapital,tangibleAssetValue,netCurrentAssetValue,investedCapital,averageReceivables,averagePayables,averageInventory,daysSalesOutstanding,daysPayablesOutstanding,daysOfInventoryOnHand,receivablesTurnover,payablesTurnover,inventoryTurnover,roe,capexPerShare,report_date,epsEstimated,time,revenueEstimated,updatedFromDate,fiscalDateEnding,surprise(%),QuarterAvgPrice,QuarterAvgVolume
2024-12-31,BWA,USD,908255,2025-02-06,2025-02-06 13:19:07,2024,Q4,3439000000.0,2756000000.0,683000000.0,0.1986042454,0,0.0,0.0,353000000.0,646000000.0,999000000.0,3096000000.0,-10000000.0,3000000.0,178000000.0,-154000000.0,-0.0447804594,-316000000.0,-0.0918871765,-3000000.0,-319000000.0,-0.0927595231,67000000.0,-405000000.0,-0.1177667927,-1.85,-1.85,218669874,219100000,https://www.sec.gov/Archives/edgar/data/908255/000090825525000007/0000908255-25-000007-index.htm,https://www.sec.gov/Archives/edgar/data/908255/000090825525000007/bwa-20241231.htm,15.726903469107958,-1.8521069802235308,3.1188566926233285,2.464902869976502,9.576079053303886,26.09412945470486,13.147673007759634,25.29840941875697,19.874708484077697,6951515294.46,9200515294.46,-4.291058823740741,2.021376939360279,10.19283767516129,12.897059915510203,1.2566007401409978,1.2566007401409978,2.675346116446641,-59.74360580818181,13.49049163410557,17.06960165948052,-0.0582606788368521,0.0775370515878106,0.7850686912509038,0.3103694704495104,-14.603896103896105,1.788535381239715,-105.33333333333331,-1.766839378238342,0.0034524846718134,-0.0592592592592592,0.0,0.0,0.2023154434360037,0.2096774193548387,0.0415818551904623,0.8033707865168539,0.0046525152660657,,-0.0354604382784116,-0.036283820103924,-15.658306914284864,2875000000.0,2875000000.0,-1766000000.0,9458000000.0,3044500000.0,2104000000.0,1308500000.0,74.79499854608898,66.35703918722787,40.85268505079826,1.2032890132960112,1.3562992125984252,2.203037569944045,-0.0732104121475054,0.653953822646827,2025-02-06,0.93,bmo,3468188700.0,2025-05-06,2024-12-31,0.086021505376344,34.04734375,2038903.921875
2024-09-30,BWA,USD,908255,2024-10-31,2024-10-31 12:50:35,2024,Q3,3449000000.0,2813000000.0,636000000.0,0.1844012757,0,0.0,0.0,340000000.0,0.0,340000000.0,3153000000.0,0.0,4000000.0,185000000.0,485000000.0,0.1406204697,270000000.0,0.0782835605,-23000000.0,247000000.0,0.0716149609,13000000.0,234000000.0,0.0678457524,1.05,1.04,223100000,224500000,https://www.sec.gov/Archives/edgar/data/908255/000090825524000043/0000908255-24-000043-index.htm,https://www.sec.gov/Archives/edgar/data/908255/000090825524000043/bwa-20240930.htm,15.459435230838189,1.0488570147915732,1.5956969968623935,0.9009412819363514,9.134917077543705,28.47153742716271,12.5997310623039,27.59300761990139,21.25952487673689,8096299000.0,10835299000.0,8.649892094017094,2.3474337489127284,22.742412921348315,40.28009452736318,1.3151882716049383,1.3151882716049383,3.1415769788344448,22.340822680412373,30.436233146067416,53.90696019900498,0.0289020946484313,0.0248261582236525,0.7698180636777128,0.3130739248199775,5.647422680412372,1.8440021516944591,67.5,1.4710743801652892,0.0029643173998391,0.1025641025641025,0.0,0.0,0.2339301050406289,0.4353932584269663,0.0449405624818788,0.8378378378378378,0.0049289649173673,25.518134552312898,0.0215801462654358,0.0201793721973094,-16.318915284625728,3138000000.0,2811000000.0,-1929000000.0,10635000000.0,3179000000.0,2189000000.0,1344000000.0,84.3113946071325,69.61962317810168,43.70423035904728,1.067471371092541,1.2927389705882353,2.059297218155198,0.0380116959064327,0.6947557149260422,2024-10-31,0.92,bmo,3478430000.0,2025-04-25,2024-09-30,0.1847826086956522,32.969375,2709083.875
2024-06-30,BWA,USD,908255,2024-07-31,2024-07-31 12:00:34,2024,Q2,3603000000.0,2918000000.0,685000000.0,0.190119345,189000000,344000000.0,-192000000.0,152000000.0,22000000.0,341000000.0,3259000000.0,9000000.0,17000000.0,160000000.0,490000000.0,0.1359977796,344000000.0,0.0954759922,-43000000.0,298000000.0,0.0827088537,-31000000.0,303000000.0,0.0840965862,1.34,1.33,226100000,227200000,https://www.sec.gov/Archives/edgar/data/908255/000090825524000036/0000908255-24-000036-index.htm,https://www.sec.gov/Archives/edgar/data/908255/000090825524000036/bwa-20240630.htm,15.935426802299869,1.3401149933657674,2.0079610791685094,1.2781954887218046,5.696594427244582,27.79743476337904,12.379478107032286,26.94825298540469,17.20919946926139,7119889000.0,9705889000.0,5.874495874587458,1.9761001942825425,15.68257488986784,24.63629411764705,1.1685358608238965,1.1685358608238965,2.693835414932001,19.80793673469388,21.37861013215859,33.584391003460205,0.0425568432316852,0.0405905204421024,0.6358115870671263,0.2745959739155089,5.277551020408163,1.6174568965517242,20.23529411764705,1.4412698412698413,0.0035112906956835,0.0825082508250825,0.0954759922286983,0.0524562864279766,0.2470938474624326,0.3634361233480176,0.0457951706910907,1.03125,0.003053011379406,28.50543022113469,0.0349163588213044,0.0285257013745057,-15.60703228659885,2292000000.0,2799000000.0,-1819000000.0,9656000000.0,3216000000.0,2258000000.0,1327500000.0,78.10990840965862,67.91638108293351,40.77450308430432,1.1522225775503678,1.3251589464123523,2.2072617246596065,0.0497291974396848,0.729765590446705,2024-07-31,1.01,bmo,3705920000.0,2025-04-25,2024-06-30,0.1782178217821781,34.62539682539683,2805330.1428571427
2024-03-31,BWA,USD,908255,2024-05-02,2024-05-02 14:12:38,2024,Q1,3595000000.0,2951000000.0,644000000.0,0.1791376912,218000000,332000000.0,-3000000.0,329000000.0,0.0,329000000.0,3280000000.0,10000000.0,15000000.0,150000000.0,465000000.0,0.1293463143,315000000.0,0.0876216968,-5000000.0,290000000.0,0.0806675939,62000000.0,206000000.0,0.0573018081,0.9,0.9,227700000,228300000,https://www.sec.gov/Archives/edgar/data/908255/000090825524000023/0000908255-24-000023-index.htm,https://www.sec.gov/Archives/edgar/data/908255/000090825524000023/bwa-20240331.htm,15.788317962231003,0.9046991655687308,-0.562143170838823,-1.396574440052701,4.795783926218709,26.53491436100132,11.08915239350022,25.65217391304348,16.490996925779534,7978608000.0,10681608000.0,9.682776699029128,2.219362447844228,-62.332875,-25.089962264150945,1.3659661016949154,1.3659661016949154,2.971240055632824,22.9712,-83.4500625,-33.58996226415094,0.0258190401132628,-0.0398565764855222,0.64030131826742,0.2648350092054949,5.812903225806451,1.5396743344533472,21.0,-0.6009389671361502,0.0031333786545221,0.1213592233009708,0.0923504867872044,0.0606397774687065,0.2490440447528678,-1.484375,0.0528511821974965,1.2666666666666666,0.0050069541029207,22.85101217711097,0.0230720302230103,0.0194247996228194,-16.876372419850682,2088000000.0,2525000000.0,-2123000000.0,9371000000.0,3216000000.0,2430000000.0,1323000000.0,82.73991655076495,70.57268722466961,40.65401558793629,1.0877458396369135,1.2752808988764044,2.213803450862716,0.0352679335730183,0.8344312692138779,2024-05-02,0.87,bmo,3509290000.0,2025-04-25,2024-03-31,0.1839080459770115,32.70836065573771,3010242.081967213
2023-12-31,BWA,USD,908255,2024-02-08,2024-02-08 15:51:40,2023,Q4,3522000000.0,2863000000.0,659000000.0,0.1871095968,176000000,360000000.0,-578000000.0,360000000.0,-16000000.0,349000000.0,3212000000.0,0.0,7000000.0,155000000.0,453000000.0,0.1286201022,281000000.0,0.0797842135,-52000000.0,229000000.0,0.0650198751,59000000.0,154000000.0,0.0437251562,0.67,0.66,231585095,233600000,https://www.sec.gov/Archives/edgar/data/908255/000090825524000007/0000908255-24-000007-index.htm,https://www.sec.gov/Archives/edgar/data/908255/000090825524000007/bwa-20231231.htm,15.208232636906102,0.6649823469856728,3.8301255959499465,2.9319676208004664,6.865726829267661,26.19339556373436,10.747669231476232,25.16569557293832,16.995912452828623,8302325655.75,10697325655.75,13.477801389204544,2.35727588181431,9.360006376268322,12.227283734536082,1.4245582799845573,1.4245582799845573,3.0372872389977283,23.61440542108168,12.06011911583991,15.754529684462446,0.0185490194417203,0.0817843129930395,0.674159231297186,0.2718466754307064,5.286975717439294,1.6503849216883462,40.142857142857146,5.2176470588235295,0.0030112044548247,0.1623376623376623,0.1022146507666098,0.0499716070414537,0.2474918701999585,0.2344983089064261,0.0590573537762634,1.3419354838709678,0.0022714366837024,19.40442538124843,0.0192562189686454,0.0141596175064361,-16.38814449608685,2450000000.0,2489000000.0,-2170000000.0,9953000000.0,3247000000.0,2471000000.0,1320500000.0,79.90630323679727,80.03492839678658,41.27488648271044,1.1263191557403265,1.124509033778476,2.180502665651181,0.0264241592312971,0.8981579751494801,2024-02-08,0.93,bmo,3649680000.0,2025-04-25,2023-12-31,-0.032258064516129,35.68873015873016,2465198.793650794
2023-09-30,BWA,USD,908255,2023-11-02,2023-11-02 16:57:17,2023,Q3,3622000000.0,2970000000.0,652000000.0,0.1800110436,192000000,333000000.0,0.0,333000000.0,3000000.0,327000000.0,3297000000.0,19000000.0,0.0,58000000.0,380000000.0,0.1049144119,272000000.0,0.0750966317,-34000000.0,238000000.0,0.0657095527,133000000.0,50000000.0,0.0138045279,0.21,0.21,233400000,235300000,https://www.sec.gov/Archives/edgar/data/908255/000090825523000051/0000908255-23-000051-index.htm,https://www.sec.gov/Archives/edgar/data/908255/000090825523000051/bwa-20230930.htm,15.518423307626392,0.2142245072836332,1.0368466152527849,0.5912596401028277,4.065981148243359,25.7369323050557,10.77120822622108,24.71293916023993,15.972579263067695,9422358000.0,12201358000.0,47.11179,2.601424075096632,38.93536363636363,68.27795652173913,1.6335572122052704,1.6335572122052704,3.3686797349530644,32.10883684210526,50.4188347107438,88.41563768115942,0.0053065273045239,0.0146460153604861,0.6463245492371706,0.2643221781055019,7.313157894736842,1.6512734396865378,0.0,3.025,0.0027593941983524,0.52,0.0919381557150745,0.0530093870789619,0.2476602382302893,0.4297520661157025,0.0287134180011043,1.793103448275862,0.0044174489232468,10.914102681415825,0.0112834978843441,0.0047120912260861,-16.96122536418166,2327000000.0,2514000000.0,-2197000000.0,9389000000.0,3619000000.0,2560500000.0,1594000000.0,83.66372170071783,72.60606060606061,40.24242424242424,1.0757350757350757,1.2395659432387311,2.23644578313253,0.0086685159500693,0.4455869751499571,2023-11-02,0.91,bmo,3660650000.0,2025-04-25,2023-09-30,0.0769230769230768,42.35984126984127,2105052.904761905
2023-06-30,BWA,USD,908255,2023-08-02,2023-08-02 13:06:55,2023,Q2,4520000000.0,3652000000.0,868000000.0,0.1920353982,208000000,422000000.0,0.0,422000000.0,-3000000.0,473000000.0,4125000000.0,9000000.0,12000000.0,186000000.0,541000000.0,0.1196902655,383000000.0,0.0847345133,-15000000.0,328000000.0,0.0725663717,106000000.0,204000000.0,0.0451327434,0.87,0.87,233400000,234400000,https://www.sec.gov/Archives/edgar/data/908255/000090825523000044/0000908255-23-000044-index.htm,https://www.sec.gov/Archives/edgar/data/908255/000090825523000044/bwa-20230630.htm,19.365895458440445,0.8740359897172236,1.199657240788346,0.1628106255355612,3.63324764353042,33.33761782347901,14.460154241645244,32.35218508997429,18.286203941730932,10040868000.0,13448868000.0,12.304985294117648,2.221430973451328,35.860242857142865,264.23336842105266,1.329740166865316,1.329740166865316,2.975413274336283,24.859275415896487,48.03167142857143,353.91757894736844,0.0203169686126737,0.0037845333690274,0.563633955767448,0.2457700525495178,6.299445471349353,1.623612750885478,31.916666666666668,1.2612612612612613,0.0039837193358183,0.196078431372549,0.093362831858407,0.0460176991150442,0.2544320609805393,0.8642857142857143,0.0535398230088495,1.3010752688172045,0.0050884955752212,25.22363807184019,0.0196576635896032,0.015800480210673,-20.80012853470437,2641000000.0,3375000000.0,-2660000000.0,11529000000.0,3725500000.0,2694500000.0,1830000000.0,77.07743362831859,67.15498357064622,45.83789704271632,1.1676569361921985,1.340183486238532,1.9634408602150537,0.0270162892332141,1.0368466152527849,2023-08-02,1.14,bmo,4071760000.0,2025-04-25,2023-06-30,0.1842105263157896,41.09370967741936,2861136.935483871
2023-03-31,BWA,USD,908255,2023-05-04,2023-05-04 13:58:15,2023,Q1,4180000000.0,3430000000.0,750000000.0,0.1794258373,193000000,301000000.0,83000000.0,384000000.0,19000000.0,403000000.0,3833000000.0,10000000.0,10000000.0,183000000.0,349000000.0,0.083492823,340000000.0,0.0813397129,-26000000.0,317000000.0,0.0758373206,87000000.0,217000000.0,0.0519138756,0.93,0.93,232800000,234400000,https://www.sec.gov/Archives/edgar/data/908255/000090825523000027/0000908255-23-000027-index.htm,https://www.sec.gov/Archives/edgar/data/908255/000090825523000027/bwa-20230331.htm,17.9553264604811,0.93213058419244,-0.0515463917525773,-1.245704467353952,4.080756013745704,32.985395189003434,13.857388316151203,31.963058419243985,18.243127147766323,10056960000.0,13343960000.0,11.58635944700461,2.4059712918660288,-838.0800000000002,-34.679172413793104,1.3515602741566994,1.3515602741566994,3.192334928229665,38.2348424068768,-1111.996666666667,-46.01365517241379,0.0215770968563064,-0.0288357515591192,0.5694127133449806,0.2475316936379038,9.41833810888252,1.5928158148505305,34.0,-0.0521739130434782,0.0038779114165712,0.1797235023041474,0.0720095693779904,0.0461722488038277,0.2601507273470818,-23.166666666666668,0.0665071770334928,1.5191256830601092,0.0026315789473684,25.891296744860178,0.0188700143165978,0.0171351863550221,-21.060996563573884,2459000000.0,3226000000.0,-2831000000.0,11375000000.0,3459500000.0,2674000000.0,1743500000.0,77.08133971291865,69.90087463556851,47.23032069970846,1.1675977653631284,1.2875375375375375,1.9055555555555552,0.0291627469426152,1.1941580756013743,2023-05-04,1.11,bmo,4152860000.0,2025-04-25,2023-03-31,-0.018018018018018,41.37532258064516,2338517.2580645164
2022-12-31,BWA,USD,908255,2023-02-09,2023-02-09 14:58:14,2022,Q4,4108000000.0,3275000000.0,833000000.0,0.202775073,189000000,791000000.0,-360000000.0,431000000.0,32000000.0,463000000.0,3738000000.0,10000000.0,10000000.0,178000000.0,523000000.0,0.1273125609,206000000.0,0.0501460565,-42000000.0,319000000.0,0.0776533593,40000000.0,255000000.0,0.0620740019,1.09,1.09,234500000,234500000,https://www.sec.gov/Archives/edgar/data/908255/000090825523000013/0000908255-23-000013-index.htm,https://www.sec.gov/Archives/edgar/data/908255/000090825523000013/bwa-20221231.htm,17.5181236673774,1.0874200426439231,3.795309168443497,2.891257995735608,6.076759061833688,32.01705756929638,13.049040511727078,30.80597014925373,18.072494669509595,8301300000.0,11191300000.0,8.138529411764704,2.0207643622200586,9.327303370786517,12.243805309734514,1.1491279069767442,1.1491279069767442,2.724269717624148,21.398279158699808,12.574494382022472,16.506342182890855,0.0307180803006758,0.0816739546817968,0.5852713178294574,0.2487936918912557,5.525812619502868,1.5620868744098206,20.6,3.1899641577060933,0.004818522400106,0.1568627450980392,0.1925511197663096,0.0460077896786757,0.2617394374485112,0.2382022471910112,0.0516066212268743,1.1910112359550562,0.0077896786757546,27.454110091227705,0.0140318753112823,0.0203252032520325,-20.099147121535182,2381000000.0,3060000000.0,-2869000000.0,11194000000.0,3360000000.0,2542000000.0,1672500000.0,73.15238558909445,73.7587786259542,46.36030534351145,1.2303084755914944,1.220193740685544,1.941315945465323,0.0352990033222591,0.9040511727078892,2023-02-09,1.08,bmo,3895240939.0,2025-04-25,2022-12-31,0.1666666666666666,33.9847619047619,2207908.587301587
2022-09-30,BWA,USD,908255,2022-10-27,2022-10-27 11:59:39,2022,Q3,4060000000.0,3254000000.0,806000000.0,0.1985221675,199000000,397000000.0,0.0,397000000.0,3000000.0,400000000.0,3654000000.0,6000000.0,18000000.0,178000000.0,599000000.0,0.1475369458,389000000.0,0.0958128079,-129000000.0,396000000.0,0.0975369458,104000000.0,273000000.0,0.0672413793,1.17,1.16,234300000,235600000,https://www.sec.gov/Archives/edgar/data/908255/000090825522000041/0000908255-22-000041-index.htm,https://www.sec.gov/Archives/edgar/data/908255/000090825522000041/bwa-20220930.htm,17.32821169440888,1.1651728553137004,1.481007255655143,0.7127614169867691,5.296628254374733,30.03414425949637,11.5962441314554,28.915919760990185,18.544600938967136,6471366000.0,9557366000.0,5.926159340659341,1.593932512315271,18.649469740634007,38.750694610778446,0.9551831734317344,0.9551831734317344,2.3540310344827584,15.95553589315526,27.54284149855908,57.229736526946105,0.042185838353139,0.0258059890292095,0.6386715867158672,0.2691422529078808,5.151919866444073,1.7156708595387842,21.61111111111111,1.1883561643835616,0.0060265483361627,0.1428571428571428,0.097783251231527,0.0490147783251231,0.2687068482925919,0.5187319884726225,0.0443349753694581,1.0112359550561798,0.0036945812807881,27.53308932572828,0.0232145017674315,0.0232202092370502,-18.92552283397353,2731000000.0,2717000000.0,-2493000000.0,11241000000.0,3266500000.0,2349000000.0,1655500000.0,74.94827586206897,66.37984019668102,45.85740626920713,1.2008281573498965,1.3558333333333332,1.962605548854041,0.0402952029520295,0.7682458386683739,2022-10-27,1.04,bmo,3984475308.0,2025-04-25,2022-09-30,0.1923076923076922,32.23484375,2003033.15625
2022-06-30,BWA,USD,908255,2022-08-03,2022-08-03 13:41:16,2022,Q2,3759000000.0,3047000000.0,712000000.0,0.1894120777,207000000,394000000.0,0.0,394000000.0,5000000.0,399000000.0,3446000000.0,6000000.0,21000000.0,185000000.0,310000000.0,0.0824687417,272000000.0,0.0723596701,16000000.0,288000000.0,0.0766161213,57000000.0,216000000.0,0.057462091,0.91,0.91,236900000,238000000,https://www.sec.gov/Archives/edgar/data/908255/000090825522000031/0000908255-22-000031-index.htm,https://www.sec.gov/Archives/edgar/data/908255/000090825522000031/bwa-20220630.htm,15.86745462220346,0.9117771211481638,0.9117771211481638,0.2617138032925284,5.867454622203462,30.270156184043906,11.836217813423383,29.079780498100465,18.66188265090756,6953015000.0,9963015000.0,8.047471064814815,1.849698057994147,32.18988425925926,112.14540322580643,1.009292350123385,1.009292350123385,2.650442936951317,32.13875806451613,46.12506944444444,160.69379032258064,0.0310656600050481,0.008916995001449,0.6386993758165191,0.2725470763131813,9.709677419354838,1.7748562037797864,12.952380952380953,0.935064935064935,0.0058967225009582,0.1898148148148148,0.1048151104017025,0.0550678371907422,0.2705029732408325,0.7129629629629629,0.0409683426443202,0.8324324324324325,0.0042564511838254,24.424808439146812,0.0173285676462801,0.018340833828649,-18.541578725200505,2829000000.0,2804000000.0,-2493000000.0,11523000000.0,3168500000.0,2379000000.0,1648500000.0,75.46687948922586,67.87659993436168,48.82507384312439,1.1925761421319796,1.3259355961705832,1.843315184513007,0.0313543329946291,0.6500633178556353,2022-08-03,0.85,bmo,3696886235.0,2025-04-25,2022-06-30,0.2352941176470589,32.909032258064514,2436801.4032258065
2022-03-31,BWA,USD,908255,2022-05-04,2022-05-04 11:22:37,2022,Q1,3874000000.0,3124000000.0,750000000.0,0.193598348,191000000,0.0,0.0,388000000.0,13000000.0,388000000.0,3512000000.0,4000000.0,19000000.0,180000000.0,556000000.0,0.1435209086,352000000.0,0.090862158,-37000000.0,315000000.0,0.0813113061,91000000.0,200000000.0,0.0516262261,0.84,0.84,238200000,239000000,https://www.sec.gov/Archives/edgar/data/908255/000090825522000018/0000908255-22-000018-index.htm,https://www.sec.gov/Archives/edgar/data/908255/000090825522000018/bwa-20220331.htm,16.263643996641477,0.8396305625524769,0.4869857262804366,-0.2560873215785054,6.301427371956339,30.80604534005037,11.767422334172965,29.596977329974813,18.887489504617967,8151204000.0,11130204000.0,10.189005,2.104079504388229,70.26899999999999,-133.6262950819672,1.15619914893617,1.15619914893617,2.873052142488384,20.01835251798561,95.95003448275862,-182.4623606557377,0.0245362525585177,-0.0074835570303479,0.6354609929078014,0.2686173402086581,5.357913669064748,1.720653018916818,18.526315789473685,0.5178571428571429,0.0050299317744961,0.205,0.0,0.0493030459473412,0.2719150977335411,1.5258620689655171,0.0456892101187403,0.9833333333333332,0.0030975735673722,23.646074755061196,0.0193694274635232,0.0164703944659474,-19.430100755667507,2781000000.0,2803000000.0,-2700000000.0,11837000000.0,3050000000.0,2349500000.0,1589000000.0,73.99328859060402,70.8706786171575,47.36235595390525,1.2163265306122448,1.269918699186992,1.900243309002433,0.0283687943262411,0.743073047858942,2022-05-04,0.87,bmo,3720374823.0,2025-04-25,2022-03-31,0.2068965517241379,37.32838709677419,2397353.709677419
2021-12-31,BWA,USD,908255,2022-02-15,2022-02-15 15:49:46,2021,Q4,3655000000.0,3030000000.0,625000000.0,0.170998632,174000000,1084000000.0,-708000000.0,376000000.0,12000000.0,427000000.0,3457000000.0,3000000.0,18000000.0,187000000.0,447000000.0,0.1222982216,178000000.0,0.0487004104,-23000000.0,155000000.0,0.0424076607,1000000.0,129000000.0,0.0352941176,0.54,0.54,239776892,240200000,https://www.sec.gov/Archives/edgar/data/908255/000090825522000009/0000908255-22-000009-index.htm,https://www.sec.gov/Archives/edgar/data/908255/000090825522000009/bwa-20211231.htm,15.243337126915469,0.5380001338911341,2.260434671077478,1.5431011592226327,7.677970903050992,30.28648815749935,12.061212303977983,28.976937443996896,18.121012261682,9504755998.88,11990755998.88,18.42006976527132,2.6004804374500687,17.536450182435424,25.688529726702704,1.3679844557973515,1.3679844557973515,3.280644596136799,26.824957491901568,22.123166049594097,32.40744864562163,0.0135721527217743,0.0389278798996627,0.622769142199194,0.2610558069381599,5.56152125279642,1.7369668246445498,9.88888888888889,3.51948051948052,0.0042084194486121,0.3100775193798449,0.2965800273597811,0.0476060191518467,0.2636500754147813,0.3173431734317343,0.0470588235294117,0.9197860962566844,0.0054719562243502,18.728745688221363,0.0137243219698297,0.0105694387546087,-18.8456442249656,2799000000.0,2892000000.0,-2716000000.0,11564000000.0,2913000000.0,2182000000.0,1591500000.0,71.77838577291382,66.50495049504951,45.56435643564357,1.2538593481989708,1.3532827154979905,1.97522816166884,0.0185664939550949,0.7173335118548455,2022-02-15,0.74,bmo,3499058230.0,2025-04-25,2021-12-31,0.4324324324324325,40.12625,2015636.5
2021-09-30,BWA,USD,908255,2021-11-03,2021-11-03 16:25:08,2021,Q3,3416000000.0,2766000000.0,650000000.0,0.1902810304,184000000,343000000.0,0.0,343000000.0,10000000.0,397000000.0,3163000000.0,3000000.0,21000000.0,195000000.0,517000000.0,0.1513466042,253000000.0,0.0740632319,-57000000.0,196000000.0,0.0573770492,79000000.0,96000000.0,0.0281030445,0.4,0.4,238200000,239800000,https://www.sec.gov/Archives/edgar/data/908255/000090825521000054/0000908255-21-000054-index.htm,https://www.sec.gov/Archives/edgar/data/908255/000090825521000054/bwa-20210930.htm,14.340890008396306,0.4030226700251889,0.5961376994122586,-0.0419815281276238,6.326616288832914,29.47103274559194,10.91939546599496,27.900923593618806,18.316540722082284,9053982000.0,11888982000.0,23.578078125,2.6504631147540985,63.76043661971831,-905.3982,1.3623204935299429,1.3623204935299429,3.480381147540984,22.99609671179884,83.72522535211267,-1188.8982,0.0106030694560691,-0.0011044864016738,0.6533253084562143,0.2632951306773392,5.483558994197292,1.776739070662634,12.047619047619047,1.2136752136752136,0.0045283942468628,0.4270833333333333,0.1004098360655737,0.0538641686182669,0.2679643441877388,1.0704225352112675,0.0444964871194379,0.7794871794871795,0.0043911007025761,15.906157809620568,0.0116568007258476,0.0079522862823061,-20.80709487825357,2825000000.0,2601000000.0,-3009000000.0,11642000000.0,2998000000.0,2246000000.0,1608000000.0,76.69496487119439,69.14316702819957,53.65509761388287,1.1734799038131227,1.3016470588235294,1.6773802304426926,0.0144447788143244,0.6381192275398825,2021-11-03,0.66,bmo,2691393939.0,2025-04-25,2021-09-30,0.2121212121212121,39.7371875,1964527.46875
2021-06-30,BWA,USD,908255,2021-08-04,2021-08-04 11:37:21,2021,Q2,3758000000.0,2996000000.0,762000000.0,0.2027674295,166000000,364000000.0,0.0,364000000.0,15000000.0,364000000.0,3360000000.0,3000000.0,42000000.0,195000000.0,608000000.0,0.1617881852,317000000.0,0.0843533795,-15000000.0,302000000.0,0.0803618946,28000000.0,247000000.0,0.0657264502,1.03,1.03,238200000,239600000,https://www.sec.gov/Archives/edgar/data/908255/000090825521000048/0000908255-21-000048-index.htm,https://www.sec.gov/Archives/edgar/data/908255/000090825521000048/bwa-20210630.htm,15.77665827036104,1.0369437447523089,1.1754827875734677,0.5583543240973972,6.519731318219983,29.479429051217465,10.60033585222502,27.913518052057096,19.391267842149453,10171140000.0,13195140000.0,10.294676113360326,2.706530069185737,36.325500000000005,76.47473684210526,1.529724770642202,1.529724770642202,3.5112134113890368,21.70253289473684,47.1255,99.21157894736842,0.0242843968326067,0.0130762136790959,0.6883741916077606,0.2714226412856549,4.973684210526316,1.6926462972553082,7.547619047619048,1.0218978102189782,0.0040310132394205,0.1659919028340081,0.0968600319318786,0.0441724321447578,0.2666785269524995,0.525,0.0391165513571048,0.7538461538461538,0.0039914848323576,25.51973410142636,0.0220187774860801,0.0199741225942099,-21.79156171284635,2675000000.0,2525000000.0,-3304000000.0,11916000000.0,3126500000.0,2426000000.0,1464000000.0,73.88238424693986,71.10480640854473,47.07276368491322,1.2181523500810372,1.2657372201098436,1.91193363114231,0.0371484433749436,0.6171284634760705,2021-08-04,0.81,bmo,3758000000.0,2025-04-25,2021-06-30,0.3333333333333333,44.00666666666667,2094445.984126984
2021-03-31,BWA,USD,908255,2021-05-05,2021-05-05 11:29:31,2021,Q1,4009000000.0,3191000000.0,818000000.0,0.204040908,183000000,377000000.0,0.0,377000000.0,14000000.0,377000000.0,3568000000.0,3000000.0,21000000.0,195000000.0,649000000.0,0.161885757,403000000.0,0.1005238214,-267000000.0,136000000.0,0.0339236717,42000000.0,65000000.0,0.0162135196,0.27,0.27,237700000,238400000,https://www.sec.gov/Archives/edgar/data/908255/000090825521000019/0000908255-21-000019-index.htm,https://www.sec.gov/Archives/edgar/data/908255/000090825521000019/bwa-20210331.htm,16.865797223390828,0.2734539335296592,1.438788388725284,0.6100126209507782,7.3832562053008,27.993268826251576,12.6167437946992,26.78586453512831,16.848969289019774,9693406000.0,11922406000.0,37.28233076923077,2.4179111998004488,28.34329239766082,66.85107586206897,1.5224447934663108,1.5224447934663108,2.973910202045398,18.370425269645608,34.86083625730994,82.22348965517241,0.0067055893459945,0.0149586223872186,0.6257264017590702,0.2494521319892304,3.4345146379044684,1.6786534047436878,19.19047619047619,3.638297872340426,0.004126516520612,0.6153846153846154,0.0940384135694687,0.0456472935894237,0.2288522947842965,0.5760233918128655,0.0491394362683961,1.0102564102564102,0.0029932651534048,12.837669198603663,0.0229254417816509,0.0052776875608963,-18.95456457719815,2661000000.0,2999000000.0,-2735000000.0,10984000000.0,3051500000.0,2378500000.0,1323500000.0,71.11998004489897,70.08774678784081,38.386085866499535,1.2654671717171715,1.2841046277665995,2.3445995591476856,0.0102088895869326,0.8287757677745057,2021-05-05,0.92,bmo,3599140000.0,2025-04-25,2021-03-31,0.3152173913043477,38.9455737704918,3099846.409836065
2020-12-31,BWA,USD,908255,2021-02-22,2021-02-22 14:44:15,2020,Q4,3926000000.0,3154000000.0,772000000.0,0.1966377993,197000000,0.0,0.0,350000000.0,2000000.0,558000000.0,3712000000.0,4000000.0,23000000.0,229000000.0,228000000.0,0.058074376,214000000.0,0.0545084055,373000000.0,596000000.0,0.1518084564,211000000.0,358000000.0,0.0911869587,1.5,1.5,234300000,238930703,https://www.sec.gov/Archives/edgar/data/908255/000090825521000008/0000908255-21-000008-index.htm,https://www.sec.gov/Archives/edgar/data/908255/000090825521000008/bwa-20201231.htm,16.756295347844645,1.5279556124626548,1.775501493811353,0.8322663252240717,7.042253521126761,28.82202304737516,12.93213828425096,27.558685446009388,16.261203585147246,7963857000.0,10100857000.0,5.561352653631285,2.028491339786042,19.14388701923077,40.84029230769231,1.23336797274276,1.23336797274276,2.5728112582781457,44.30200438596491,24.28090625,51.79926666666667,0.0449530924525641,0.0244856229839385,0.5864952764441691,0.2361856055881252,9.37280701754386,1.6186351706036746,9.304347826086955,1.0805194805194804,0.0051482591914947,0.1145251396648044,0.0,0.0501782985226693,0.2321940875639266,0.53125,0.0562913907284768,0.965065502183406,0.0030565461029037,30.780514651882704,0.0112206375838926,0.0290796848347006,-20.43000426803244,2357000000.0,3030000000.0,-3114000000.0,10671000000.0,2456000000.0,2122000000.0,1050500000.0,67.28222109016811,64.83195941661381,36.69625871908687,1.337649063032368,1.3882042253521127,2.452566096423017,0.0554437045067368,0.9432351685872812,2021-02-11,0.93,bmo,2870623655.0,2025-04-25,2020-12-31,0.2688172043010751,33.8803125,3305404.140625
2020-09-30,BWA,USD,908255,2020-10-29,2020-10-29 12:32:57,2020,Q3,2534000000.0,2017000000.0,517000000.0,0.2040252565,115000000,0.0,0.0,204000000.0,6000000.0,204000000.0,2221000000.0,3000000.0,20000000.0,115000000.0,434000000.0,0.1712707182,284000000.0,0.1120757695,-12000000.0,272000000.0,0.1073401736,143000000.0,111000000.0,0.043804262,0.54,0.53,206000000,207300000,https://www.sec.gov/Archives/edgar/data/908255/000090825520000092/0000908255-20-000092-index.htm,https://www.sec.gov/Archives/edgar/data/908255/000090825520000092/bwa-20200930.htm,12.300970873786408,0.5388349514563107,2.33495145631068,1.805825242718447,10.29611650485437,23.87378640776699,13.067961165048544,23.09223300970874,13.864077669902912,7020480000.0,7735480000.0,15.811891891891891,2.770513022888714,14.595592515592514,18.872258064516128,1.475820895522388,1.475820895522388,3.0526756116811367,17.8236866359447,16.082079002079002,20.794301075268816,0.0158108847258307,0.0529878298919732,0.5961740592810595,0.2603745868527359,1.6474654377880185,2.348794906775807,14.2,3.728682170542635,0.0049854141027394,0.3153153153153153,0.0,0.0453827940015785,0.2043701799485861,0.2266112266112266,0.04301499605367,0.9478260869565216,0.0051302288871349,16.7321636582988,0.0154073640437643,0.0128086775905838,-9.527912621359222,2966000000.0,2692000000.0,-809000000.0,8016000000.0,1756000000.0,1733500000.0,825500000.0,70.21704814522494,87.99206742687159,36.36588993554784,1.281740010116338,1.0228194726166329,2.474846625766871,0.0233340340550767,0.529126213592233,2020-10-29,0.75,bmo,2246045454.0,2025-04-25,2020-09-30,0.1733333333333333,34.35078125,3006258.015625
2020-06-30,BWA,USD,908255,2020-08-05,2020-08-05 12:23:20,2020,Q2,1426000000.0,1252000000.0,174000000.0,0.1220196353,103000000,0.0,0.0,184000000.0,2000000.0,184000000.0,1436000000.0,3000000.0,18000000.0,112000000.0,43000000.0,0.0301542777,-78000000.0,-0.0546984572,-12000000.0,-90000000.0,-0.0631136045,-6000000.0,-98000000.0,-0.0687237027,-0.48,-0.48,206000000,206000000,https://www.sec.gov/Archives/edgar/data/908255/000090825520000073/0000908255-20-000073-index.htm,https://www.sec.gov/Archives/edgar/data/908255/000090825520000073/bwa-20200630.htm,6.922330097087379,-0.4757281553398058,0.3106796116504854,0.0485436893203883,9.723300970873789,23.12135922330097,12.41747572815534,22.383495145631063,14.936893203883496,6396300000.0,7452300000.0,-16.317091836734694,4.485483870967742,99.94218750000002,639.63,1.3871828236824986,1.3871828236824986,5.2260168302945305,173.3093023255814,116.4421875,745.23,-0.0153213576598971,0.0015634038428466,0.6634135762307526,0.2959272516203927,24.55813953488372,2.3558375634517765,-4.333333333333333,-0.7619047619047619,0.0054719134499632,-0.3571428571428571,0.0,0.0722300140252454,0.2133114056302602,0.84375,0.0378681626928471,0.4821428571428571,0.0042075736325385,,-0.0084025854108956,-0.0120511559272011,-9.717233009708735,2671000000.0,2558000000.0,-933000000.0,7657000000.0,1635000000.0,1553500000.0,841500000.0,96.87938288920056,107.46805111821084,60.09584664536741,0.9289902280130292,0.8374581939799332,1.4976076555023925,-0.0212535241813055,0.2621359223300971,2020-08-05,-0.47,bmo,4583571428.0,2025-04-25,2020-06-30,-0.702127659574468,26.32015873015873,4019057.873015873
2020-03-31,BWA,USD,908255,2020-05-06,2020-05-06 12:14:26,2020,Q1,2279000000.0,1832000000.0,447000000.0,0.1961386573,118000000,0.0,0.0,213000000.0,2000000.0,213000000.0,2045000000.0,2000000.0,12000000.0,112000000.0,310000000.0,0.1360245722,189000000.0,0.0829311101,-12000000.0,186000000.0,0.0816147433,49000000.0,129000000.0,0.0566037736,0.63,0.63,205700000,206200000,https://www.sec.gov/Archives/edgar/data/908255/000090825520000050/0000908255-20-000050-index.htm,https://www.sec.gov/Archives/edgar/data/908255/000090825520000050/a2020033110q.htm,11.079241614000972,0.6271268838113758,1.278561011181332,0.7097715119105493,4.380165289256198,23.64608653378707,12.946037919299952,22.965483714146817,9.53816237238697,4410208000.0,5459208000.0,8.54691472868217,1.935150504607284,16.768851711026617,30.20690410958904,0.9335749364944962,0.9335749364944962,2.3954401053093464,17.610348387096774,20.757444866920157,37.39183561643836,0.0292503210732917,0.0331050145480666,0.4127857747671465,0.2052199536939591,3.3838709677419354,1.7612994350282485,15.75,1.9197080291970805,0.0079361336245365,0.2713178294573643,0.0,0.0517770952172005,0.231635445169438,0.4448669201520912,0.0513383062746818,1.0446428571428572,0.0043878894251864,18.00142009202775,0.0181641019597279,0.0176688124914395,-9.782450170150703,1617000000.0,2663000000.0,-897000000.0,6657000000.0,1833000000.0,1468500000.0,827000000.0,68.51689337428697,79.19213973799127,41.61026200873362,1.3135446685878962,1.1364764267990075,2.162927981109799,0.0273073666384419,0.5687894992707827,2020-05-06,0.5,bmo,1479870129.0,2025-04-25,2020-03-31,0.54,28.892258064516128,4294137.887096774
2019-12-31,BWA,USD,908255,2020-02-13,2020-02-13 12:30:02,2019,Q4,2559000000.0,2014000000.0,545000000.0,0.2129738179,126000000,212000000.0,-7000000.0,205000000.0,-1000000.0,67000000.0,2081000000.0,3000000.0,12000000.0,115000000.0,454000000.0,0.177413052,478000000.0,0.1867917155,-3000000.0,475000000.0,0.1856193826,238000000.0,220000000.0,0.0859710825,1.07,1.06,206407543,206900000,https://www.sec.gov/Archives/edgar/data/908255/000090825520000014/0000908255-20-000014-index.htm,https://www.sec.gov/Archives/edgar/data/908255/000090825520000014/a2019123110k.htm,12.397802729525248,1.0658525207094782,0.8914402900479271,0.237394425067111,4.030860441955845,23.46813459234869,12.596438881112014,22.799554374812747,9.55391441290496,7876511840.879999,9004511840.88,8.950581637363635,3.077964767831184,42.80712957,160.7451396097959,1.6737169232639182,1.6737169232639182,3.518761954232122,19.833726521762117,48.93756435260869,183.7655477730612,0.0279311457208982,0.0062210279105637,0.416489587760306,0.202020202020202,2.484581497797357,1.6470588235294117,39.833333333333336,0.7763713080168776,0.0044435913646883,0.1590909090909091,0.0828448612739351,0.0492379835873388,0.2312925170068027,0.7336956521739131,0.0527549824150058,1.173913043478261,0.0046893317702227,23.38314898131894,0.0310664116328335,0.0294985250737463,-10.53377201432992,1507000000.0,2600000000.0,-1022000000.0,6676000000.0,1957000000.0,1558000000.0,808500000.0,67.91324736225089,59.21052631578948,36.062562065541215,1.3252200932159504,1.52,2.495662949194548,0.046748831279218,0.6540458649808162,2020-02-13,1.03,bmo,2252794871.0,2025-04-25,2019-12-31,0.1359223300970873,36.61859375,1598797.59375
2019-09-30,BWA,USD,908255,2019-10-31,2019-10-31 11:33:23,2019,Q3,2492000000.0,1968000000.0,524000000.0,0.2102728732,123000000,0.0,0.0,230000000.0,1000000.0,230000000.0,2198000000.0,4000000.0,15000000.0,110000000.0,405000000.0,0.1625200642,276000000.0,0.1107544141,-3000000.0,273000000.0,0.1095505618,66000000.0,194000000.0,0.0778491172,0.94,0.94,205300000,206300000,https://www.sec.gov/Archives/edgar/data/908255/000090825519000062/0000908255-19-000062-index.htm,https://www.sec.gov/Archives/edgar/data/908255/000090825519000062/a2019093010q.htm,12.138334145153436,0.944958597174866,1.7389186556259133,1.2420847540185096,4.461763273258646,22.29907452508524,11.47588894301023,21.70969313200195,10.180224062347785,6622978000.0,7781978000.0,8.534765463917525,2.657695826645265,18.55175910364145,25.97246274509804,1.4859721785954676,1.4859721785954676,3.122784109149278,19.21476049382716,21.798257703081237,30.517560784313726,0.0292919589948811,0.0385023172355396,0.4655597935831276,0.2034513187567408,2.8617283950617285,1.579009900990099,18.4,1.7246376811594204,0.005284631777427,0.1804123711340206,0.0,0.0493579454253611,0.2178644965192666,0.2857142857142857,0.0409309791332263,0.9272727272727272,0.0052166934189406,21.48446243823781,0.0258587328895002,0.0243199197693368,-13.70068192888456,1462000000.0,2356000000.0,-1634000000.0,6496000000.0,2023000000.0,1809000000.0,813500000.0,71.61717495987159,81.90548780487805,37.04268292682927,1.2566817952597076,1.0988274706867671,2.4296296296296296,0.0435270361229526,0.4968339016074038,2019-10-31,0.85,bmo,2206458333.0,2025-04-25,2019-09-30,0.1294117647058823,32.1834375,1991291.953125
2019-06-30,BWA,USD,908255,2019-07-25,2019-07-25 12:06:28,2019,Q2,2551000000.0,2038000000.0,513000000.0,0.2010976088,128000000,212000000.0,0.0,212000000.0,-27000000.0,210000000.0,2248000000.0,2000000.0,14000000.0,107000000.0,383000000.0,0.1501372011,285000000.0,0.1117208938,-30000000.0,255000000.0,0.0999607997,73000000.0,172000000.0,0.0674245394,0.84,0.83,205700000,206800000,https://www.sec.gov/Archives/edgar/data/908255/000090825519000057/0000908255-19-000057-index.htm,https://www.sec.gov/Archives/edgar/data/908255/000090825519000057/a2019063010q.htm,12.401555663587748,0.8361691784151677,2.075838599902771,1.4584346135148274,3.4516285853184248,21.886242100145843,10.87019931939718,21.361205639280502,10.277102576567817,7590330000.0,8980330000.0,11.032456395348838,2.975433163465308,17.775948477751754,25.3011,1.727430587164315,1.727430587164315,3.5203175225401804,23.44733681462141,21.03121779859485,29.93443333333333,0.0226604113391644,0.0395239732659844,0.4779244424214838,0.2052585280031277,3.629242819843342,1.6640726329442284,20.357142857142858,2.3461538461538463,0.0046111302143648,0.2034883720930232,0.0831046648373187,0.0501764014112112,0.221483725930994,0.297423887587822,0.0497843982751862,1.1869158878504673,0.0035280282242257,20.04708432192769,0.025146713401642,0.0215944758317639,-14.891832766164317,1536000000.0,2236000000.0,-1880000000.0,6693000000.0,2064000000.0,1792500000.0,812000000.0,72.78322226577812,80.6820412168793,36.079489695780175,1.236548715462918,1.1154898741105637,2.494492044063648,0.0391442876649977,0.6174039863879436,2019-07-25,1.0,bmo,2551000000.0,2025-04-25,2019-06-30,0.0,35.4168253968254,1932138.7777777775
2019-03-31,BWA,USD,908255,2019-04-25,2019-04-25 11:37:46,2019,Q1,2566000000.0,2047000000.0,519000000.0,0.2022603274,121000000,0.0,0.0,226000000.0,14000000.0,255000000.0,2302000000.0,3000000.0,14000000.0,107000000.0,400000000.0,0.1558846454,264000000.0,0.1028838659,-2000000.0,262000000.0,0.1021044427,91000000.0,160000000.0,0.0623538581,0.77,0.77,206500000,207100000,https://www.sec.gov/Archives/edgar/data/908255/000090825519000025/0000908255-19-000025-index.htm,https://www.sec.gov/Archives/edgar/data/908255/000090825519000025/a2019033110q.htm,12.426150121065374,0.774818401937046,0.1937046004842615,-0.3728813559322034,2.3922518159806296,21.234866828087167,10.188861985472156,20.69733656174334,10.174334140435835,7359660000.0,8952660000.0,11.49946875,2.868144972720187,183.9915,-95.58,1.721960692559663,1.721960692559663,3.488955572876072,22.38165,223.8165,-116.26831168831168,0.021740134734485,-0.0104624398409709,0.488301357042583,0.2065518606492478,3.9825,1.6176598521096128,18.857142857142858,0.2339181286549707,0.0047556544731685,0.21875,0.0,0.0471551052221356,0.2257521773555027,2.925,0.0455962587685113,1.0934579439252337,0.0031176929072486,18.995400440113688,0.0215597276665978,0.0204525118241084,-15.84866828087167,1420000000.0,2104000000.0,-2000000000.0,6596000000.0,2026200000.0,1621500000.0,793900000.0,72.42790335151987,77.29360039081583,35.481191988275526,1.2426150121065376,1.164391353811149,2.536555142503098,0.0374356574637342,0.5665859564164649,2019-04-25,0.94,bmo,2412040000.0,2025-04-25,2019-03-31,0.0638297872340426,34.56885245901639,1866738.37704918
2018-12-31,BWA,USD,908255,2019-02-19,2019-02-19 11:39:10,2018,Q4,2572800000.0,2030000000.0,542800000.0,0.2109763682,126000000,225800000.0,0.0,225800000.0,2000000.0,277200000.0,2307200000.0,2000000.0,13300000.0,105500000.0,388700000.0,0.1510805348,265600000.0,0.1032338308,1200000.0,266800000.0,0.1037002488,19200000.0,230000000.0,0.0893967662,1.11,1.1,207300000,208600000,https://www.sec.gov/Archives/edgar/data/908255/000090825519000014/0000908255-19-000014-index.htm,https://www.sec.gov/Archives/edgar/data/908255/000090825519000014/a2018123110k.htm,12.410998552821995,1.1095031355523397,2.7506029908345395,2.015918958031838,3.566811384466956,20.958996623251327,9.898215147129765,20.38350217076701,10.258562469850458,6335088000.0,7708988000.0,6.885965217391304,2.462332089552239,11.110291125920728,15.159339554917445,1.499251686190983,1.499251686190983,2.9963417288557213,19.832745047594543,13.51979656260961,18.44696817420435,0.0363057308754037,0.0659659344905706,0.5001301621109928,0.2093350370964706,3.5346025212245946,1.5859769060819542,19.96992481203008,2.302907915993538,0.0056826361370197,0.1565217391304348,0.087764303482587,0.0489738805970149,0.2271254940417818,0.2670992634163451,0.0591962064676616,1.443601895734597,0.0059468283582089,22.55770578693871,0.031323720526317,0.0294781092997026,-15.099614085865896,1405700000.0,2051900000.0,-1945900000.0,6602400000.0,2024250000.0,1642250000.0,795550000.0,69.52192164179104,65.83743842364532,34.6167487684729,1.294555700915769,1.367003367003367,2.5998975409836067,0.0544314282333451,0.7346840328027014,2019-02-14,1.07,bmo,2275120661.0,2025-04-25,2018-12-31,0.130841121495327,33.493650793650794,2602998.095238095
2018-09-30,BWA,USD,908255,2018-10-25,2018-10-25 11:15:23,2018,Q3,2478500000.0,1962900000.0,515600000.0,0.2080290498,122000000,230500000.0,0.0,230500000.0,2600000.0,230500000.0,2193400000.0,1500000.0,14400000.0,107500000.0,407300000.0,0.1643332661,278000000.0,0.1121646157,4700000.0,282700000.0,0.1140609239,66800000.0,203800000.0,0.0822271535,0.98,0.98,207500000,208700000,https://www.sec.gov/Archives/edgar/data/908255/000090825518000062/0000908255-18-000062-index.htm,https://www.sec.gov/Archives/edgar/data/908255/000090825518000062/a2018093010q.htm,11.944578313253013,0.9821686746987952,1.210120481927711,0.6048192771084338,1.7436144578313253,20.09734939759036,8.981204819277108,19.59710843373493,10.364819277108433,7775025000.0,9549525000.0,9.537567468105983,3.1369880976397013,30.96385902031063,61.952390438247015,1.91201677159158,1.91201677159158,3.8529453298365945,23.44592438006384,38.03076463560335,76.09183266932271,0.0262121343661274,0.0161414271979832,0.5253541215817431,0.2198653822403359,4.356739504051068,1.6625071442179462,19.30555555555556,1.1630384437239465,0.0045015932424654,0.1717369970559372,0.0929997982650796,0.0492233205567883,0.2373924498785558,0.5001991238550378,0.0506758119830542,1.1683720930232555,0.0063344764978817,20.810393687086403,0.0276896741549331,0.0275041161704769,-15.582771084337349,1391000000.0,1863600000.0,-2055600000.0,6525400000.0,2096050000.0,1849900000.0,805250000.0,74.84325196691547,82.50802384227418,37.152682255845946,1.2025132210955316,1.090803000833565,2.4224361347649017,0.0501180405272476,0.6053012048192771,2018-10-25,0.99,bmo,2453715000.0,2025-04-25,2018-09-30,0.0101010101010101,39.26714285714286,2285260.222222222
2018-06-30,BWA,USD,908255,2018-07-26,2018-07-26 11:24:19,2018,Q2,2694000000.0,2114800000.0,579200000.0,0.214996288,134000000,236000000.0,0.0,236000000.0,4200000.0,236000000.0,2350800000.0,1400000.0,14900000.0,109100000.0,440900000.0,0.1636599852,312800000.0,0.1161098738,1700000.0,314700000.0,0.1168151448,30400000.0,271800000.0,0.1008908686,1.3,1.3,208600000,209900000,https://www.sec.gov/Archives/edgar/data/908255/000090825518000050/0000908255-18-000050-index.htm,https://www.sec.gov/Archives/edgar/data/908255/000090825518000050/a201863010q.htm,12.914669223394055,1.3029721955896452,1.2967401725790988,0.7775647171620326,1.7348993288590604,19.43432406519655,8.312559923298178,18.98513902205177,10.48849472674976,7918456000.0,9729556000.0,7.283348050036793,2.939293244246473,29.27340480591497,48.81908754623921,1.9994586268717016,1.9994586268717016,3.611564959168523,22.06748922658199,35.96878373382625,59.98493218249075,0.0343248734349221,0.0204837912845635,0.5486958058732925,0.2222517694227386,4.107734180086188,1.5846263918078969,20.993288590604028,0.9514597256419276,0.0044200536064101,0.1287711552612215,0.0876020786933927,0.0497401633259094,0.2372867487624268,0.4003696857670979,0.0402004454342984,0.992667277726856,0.0026726057906458,23.592052394622065,0.0371263551881716,0.0364479965670761,-16.121524448705657,1307400000.0,1734000000.0,-2179500000.0,6453100000.0,2189050000.0,1899500000.0,800300000.0,71.19153674832963,80.87147720824665,34.05428409305845,1.2641952135147818,1.1128769141714463,2.642839290177456,0.0686311643057344,0.5191754554170661,2018-07-26,1.1,bmo,2511355932.0,2025-04-25,2018-06-30,0.0727272727272725,44.03953125,1771652.625
2018-03-31,BWA,USD,908255,2018-04-26,2018-04-26 11:59:15,2018,Q1,2784300000.0,2192500000.0,591800000.0,0.2125489351,130000000,253400000.0,0.0,253400000.0,2600000.0,258300000.0,2450800000.0,1500000.0,16100000.0,109200000.0,458300000.0,0.1646015156,333500000.0,0.1197787595,-1300000.0,331700000.0,0.1191322774,94900000.0,225100000.0,0.0808461732,1.07,1.07,209500000,210800000,https://www.sec.gov/Archives/edgar/data/908255/000090825518000027/0000908255-18-000027-index.htm,https://www.sec.gov/Archives/edgar/data/908255/000090825518000027/a10q3312018.htm,13.290214797136038,1.0744630071599046,0.1656324582338902,-0.6,1.9556085918854416,19.16849642004773,7.828162291169451,18.666825775656324,11.17708830548926,9255710000.0,11171510000.0,10.27955353176366,3.324250260388608,266.73515850144094,-73.63333333333334,2.366765540696039,2.366765540696039,4.012322666379341,24.375976434649797,321.9455331412104,-88.87438345266507,0.0243201223893142,-0.0135808057944771,0.594650574066024,0.231743532506876,4.180231289548331,1.5176065008618569,20.714285714285715,0.1465371621621621,0.0038894909196593,0.1599289204797867,0.0910103077972919,0.0466903710088711,0.2367560888109379,4.622478386167147,0.0576087346909456,1.468864468864469,0.0052796034910031,21.243312113073102,0.0305542743488678,0.0293902598250424,-16.819928400954655,1261200000.0,1640000000.0,-2321200000.0,6560800000.0,2133000000.0,1722150000.0,783350000.0,72.63549186510075,77.93979475484606,32.85564424173318,1.239063682079124,1.1547374519408016,2.739255372313843,0.0575600276165392,0.7656324582338903,2018-04-26,1.03,bmo,2607117272.0,2025-04-25,2018-03-31,0.0679611650485437,46.43196721311475,1757851.1147540985
2017-12-31,BWA,USD,908255,2018-02-08,2018-02-08 11:53:55,2017,Q4,2586400000.0,2020500000.0,565900000.0,0.2187983297,126200000,239900000.0,0.0,239900000.0,-2300000.0,356900000.0,2377400000.0,1600000.0,16900000.0,105800000.0,434600000.0,0.1680327869,209000000.0,0.0808072997,-2600000.0,206400000.0,0.0798020414,338400000.0,-146200000.0,-0.056526446,-0.7,-0.7,209629000,209700000,https://www.sec.gov/Archives/edgar/data/908255/000090825518000017/0000908255-18-000017-index.htm,https://www.sec.gov/Archives/edgar/data/908255/000090825518000017/a10k12312017.htm,12.337987587595228,-0.6974225894318057,2.654212919014068,1.8418253199700425,2.60126222993956,18.2508145342486,6.923660371418077,17.73037127496673,10.519536896135554,9420727260.0,11063727260.0,-16.10931474008208,3.6424092406433655,16.931573076923076,24.399708003108003,2.53463389474817,2.53463389474817,4.277655142282709,25.45726474919466,19.884484651329977,28.65508225848226,-0.0155189717274545,0.0409840970175799,0.5887591476538958,0.2235788140095631,3.7804878048780486,1.4609929078014183,12.366863905325443,-4.215151515151515,0.0037789014603104,-0.2435020519835841,0.0927544076708939,0.0487936900711413,0.2426028852834198,0.3060747663551402,0.065844416950201,1.609640831758034,0.0066501701206309,,-0.0179485417883274,-0.019721843763068,-16.787157311249874,1118000000.0,1451400000.0,-2418500000.0,6356300000.0,2032500000.0,1656600000.0,769850000.0,70.25247448190535,68.84632516703786,34.13363028953229,1.2810936648670068,1.3072593167701865,2.6366958110400627,-0.0393349117520447,0.8123875990440254,2018-02-08,1.02,bmo,2441368224.0,2025-04-25,2017-12-31,0.0490196078431372,46.20079365079365,1565498.5555555555
2017-09-30,BWA,USD,908255,2017-10-26,2017-10-26 11:58:07,2017,Q3,2416200000.0,1893500000.0,522700000.0,0.2163314295,115200000,224800000.0,0.0,224800000.0,2300000.0,227100000.0,2120600000.0,1300000.0,17600000.0,104900000.0,400500000.0,0.165756146,275900000.0,0.1141875673,-600000.0,274000000.0,0.1134012085,79400000.0,184900000.0,0.0765251221,0.88,0.88,209803000,211013000,https://www.sec.gov/Archives/edgar/data/908255/000090825517000060/0000908255-17-000060-index.htm,https://www.sec.gov/Archives/edgar/data/908255/000090825517000060/a10q9302017.htm,11.516517876293475,0.8813029365643008,1.0710047044131876,0.4251607460331835,1.9747096085375329,18.66655862880893,7.267770241607604,18.2347249562685,11.499835560025357,9453723180.0,11434523180.0,12.782210897782583,3.912640998261733,42.07264432576769,105.98344372197307,2.4711093865175,2.4711093865175,4.732440683718235,28.55061967540574,50.8879536270583,128.18972174887892,0.0195584317923724,0.0094354359971856,0.6260553624173354,0.2439946211364886,4.9458177278402,1.4283134554006385,15.676136363636363,1.1546762589928057,0.0031098858555746,0.1590048674959437,0.0930386557404188,0.047678172336727,0.2436278804425337,0.6030262572318648,0.0560797947189802,1.2917063870352716,0.0046353778660706,19.015312899254116,0.025322350941872,0.0249033630988457,-16.988913409245818,1019900000.0,1524800000.0,-2498800000.0,6165100000.0,1992700000.0,1714400000.0,737400000.0,76.21430345170101,84.01584367573277,36.76049643517296,1.1808806998680417,1.07122652183752,2.448280320662012,0.0483310243876937,0.6458439583800041,2017-10-26,0.88,bmo,2238164210.0,2025-04-25,2017-09-30,0.0795454545454544,40.79888888888889,2178682.111111111
2017-06-30,BWA,USD,908255,2017-07-27,2017-07-27 11:17:46,2017,Q2,2389700000.0,1875500000.0,514200000.0,0.2151734527,119700000,215000000.0,0.0,215000000.0,300000.0,215000000.0,2090500000.0,1400000.0,18000000.0,99800000.0,415100000.0,0.1737038122,299500000.0,0.1253295393,-800000.0,297300000.0,0.1244089216,76200000.0,212000000.0,0.0887140645,1.01,1.0,210572000,211478000,https://www.sec.gov/Archives/edgar/data/908255/000090825517000050/0000908255-17-000050-index.htm,https://www.sec.gov/Archives/edgar/data/908255/000090825517000050/a10q6302017.htm,11.348612351119806,1.0067815284083357,1.6094257546112494,1.0238778185133826,1.8383260832399368,17.53272039967327,7.139600706646657,17.153277738730697,10.626768991128923,7845912720.0,9678512720.0,9.252255566037734,3.283220789220404,23.15111454706403,36.39106085343228,2.1721796013289034,2.1721796013289034,4.050095292296104,23.31609906046736,28.558609383298908,44.89106085343228,0.0270204382288871,0.027479275859189,0.6145348837209302,0.2389729235075631,4.414839797639123,1.5161673234889133,16.63888888888889,1.532790592492085,0.0037471739807985,0.1386792452830188,0.0899694522324978,0.0500899694522325,0.2356139312052538,0.3638241369135438,0.0515964346989161,1.2354709418837675,0.0046867807674603,19.71207933039458,0.0304109834693393,0.0298591549295774,-16.167035503295786,1087100000.0,1503400000.0,-2403400000.0,5939400000.0,1936800000.0,1664250000.0,679150000.0,73.03720132234172,79.71634230871769,33.658224473473744,1.2322487495488064,1.1290031302672767,2.6739378386084973,0.0586932447397563,0.5855479360978668,2017-07-27,0.89,bmo,2215451041.0,2025-04-25,2017-06-30,0.0786516853932583,36.22587301587301,2310148.587301587
2017-03-31,BWA,USD,908255,2017-04-27,2017-04-27 11:48:30,2017,Q1,2407000000.0,1889700000.0,517300000.0,0.2149148317,112000000,218800000.0,0.0,218800000.0,500000.0,219300000.0,2109000000.0,1500000.0,18000000.0,97300000.0,395300000.0,0.1642293311,292700000.0,0.121603656,-5600000.0,285900000.0,0.1187785625,86300000.0,189200000.0,0.0786040715,0.89,0.89,211596000,212236000,https://www.sec.gov/Archives/edgar/data/908255/000090825517000023/0000908255-17-000023-index.htm,https://www.sec.gov/Archives/edgar/data/908255/000090825517000023/a10q3312017.htm,11.375451331783209,0.8941567893532959,0.2849770317019225,-0.3336547004669275,1.6937938335318248,16.445017864231836,6.218926633773795,16.0844250363901,10.9330989243653,7778268960.0,9715268960.0,10.27783953488372,3.231520132945576,128.99285174129352,-110.17378130311614,2.285440723981901,2.285440723981901,4.0362563190693805,24.57695158107766,161.11557147595357,-137.61004192634562,0.0243241781652148,-0.009076569653616,0.6744432038549686,0.2526943866486123,4.900075891727802,1.4444496095202677,16.261111111111113,0.3021042084168336,0.0038183302933767,0.1569767441860465,0.0909015371832156,0.0465309513917739,0.2382068980701696,2.1708126036484248,0.0543830494391358,1.3453237410071943,0.0054424594931449,17.98874513704271,0.0284305462454468,0.0273414355698781,-16.382280383372088,956100000.0,1315900000.0,-2496700000.0,5673000000.0,1811800000.0,1463350000.0,649050000.0,72.32530120481928,79.40784251468487,31.285918399745988,1.2443778110944528,1.133389312061417,2.8766935606637234,0.0555914673561732,0.61863173216885,2017-04-27,0.84,bmo,2221846153.0,2025-04-25,2017-03-31,0.0833333333333334,36.40709677419355,2033692.983870968
2016-12-31,BWA,USD,908255,2017-02-09,2017-02-09 11:56:11,2016,Q4,2259000000.0,1758000000.0,501000000.0,0.2217795485,106700000,217100000.0,0.0,217100000.0,-300000.0,959000000.0,2717000000.0,1600000.0,19500000.0,100200000.0,-344900000.0,-0.1526781762,-458000000.0,-0.2027445772,-6600000.0,-464600000.0,-0.205666224,-183100000.0,-293300000.0,-0.1298362107,-1.39,-1.38,211500000,212262965,https://www.sec.gov/Archives/edgar/data/908255/000090825517000011/0000908255-17-000011-index.htm,https://www.sec.gov/Archives/edgar/data/908255/000090825517000011/a10k12312016.htm,10.680851063829786,-1.3867612293144207,2.0926713947990545,1.4033096926713948,2.097872340425532,15.611820330969268,5.3721040189125295,15.216548463356974,10.58628841607565,7336934999.999999,9112735000.0,-6.253780259120354,3.247868525896414,16.57689787618617,24.720131401617248,2.2797548395115435,2.2797548395115435,4.033968570163789,-26.42138300956799,20.589098508811567,30.70328504043127,-0.0399758209661118,0.0404528594024616,0.6896498151197837,0.2512252821261616,-5.148738764859379,1.3919112725882017,-23.487179487179485,-1.572291296625222,0.0040343822045581,-0.1009205591544493,0.0961044710048694,0.0472332890659583,0.245135658256647,0.3294170808856755,0.0645418326693227,1.4550898203592817,0.0072155821159805,,-0.0401082667795825,-0.0439796071375018,-16.555673758865247,819800000.0,1136200000.0,-2621200000.0,5487300000.0,1726650000.0,1416550000.0,664200000.0,67.30278884462152,64.47440273037543,32.82593856655291,1.3372402770378262,1.3959028108623155,2.7417342482844664,-0.0911350713109405,0.6893617021276596,2017-02-09,0.84,bmo,2232423529.0,2025-04-25,2016-12-31,0.0119047619047619,32.22666666666667,3049643.492063492
2016-09-30,BWA,USD,908255,2016-10-27,2016-10-27 11:25:31,2016,Q3,2214200000.0,1743100000.0,471100000.0,0.2127630747,106100000,209700000.0,0.0,209700000.0,2600000.0,209700000.0,1952800000.0,1600000.0,22400000.0,97800000.0,361800000.0,0.1633998735,150300000.0,0.067880047,-8400000.0,141900000.0,0.0640863517,48800000.0,83300000.0,0.0376208111,0.39,0.39,212872000,213766000,https://www.sec.gov/Archives/edgar/data/908255/000090825516000135/0000908255-16-000135-index.htm,https://www.sec.gov/Archives/edgar/data/908255/000090825516000135/a10q9302016.htm,10.401555864557103,0.39131496861964,1.0846893908076214,0.5205005825096771,2.436675560900447,17.80741478447142,7.355593971964373,17.427843962569057,12.391014318463675,6586259680.0,8682859680.0,19.76668571428571,2.9745549995483698,28.52429484625379,59.44277689530686,1.7753200032345886,1.7753200032345886,3.9214432661909497,23.99905936981758,37.60441611087051,78.365159566787,0.012647542618605,0.0168229018264278,0.7049516159465214,0.2903533800361929,5.794914317302377,1.3452210543536052,6.709821428571429,2.4801288936627284,0.0041905423322148,0.3313325330132052,0.0947068918796856,0.0479179839219582,0.2470107579407813,0.5201385881333911,0.0542408093216511,1.2280163599182004,0.0031614126998464,12.387290454321136,0.0139132012351142,0.0122817881575843,-14.240012777631629,844100000.0,1565800000.0,-1927400000.0,5587500000.0,1785450000.0,1570750000.0,715900000.0,71.70084003251738,81.25351385462682,35.48161321783031,1.2552154195011338,1.1076444049056364,2.536525029103609,0.0224534354025714,0.5641888082979443,2016-10-27,0.77,bmo,2185812820.0,2025-04-25,2016-09-30,0.0129870129870129,29.453125,2708891.828125
2016-06-30,BWA,USD,908255,2016-07-28,2016-07-28 11:23:23,2016,Q2,2329200000.0,1832500000.0,496700000.0,0.2132491843,104400000,202300000.0,0.0,202300000.0,1400000.0,227300000.0,2059800000.0,1500000.0,21400000.0,99000000.0,394800000.0,0.1695002576,269400000.0,0.1156620299,-9800000.0,259600000.0,0.1114545767,84200000.0,164400000.0,0.0705821741,0.76,0.76,215735000,216663000,https://www.sec.gov/Archives/edgar/data/908255/000090825516000124/0000908255-16-000124-index.htm,https://www.sec.gov/Archives/edgar/data/908255/000090825516000124/a10q6302016.htm,10.79657913644054,0.762046028692609,1.5194567409089856,0.9150114724082786,2.294481655735045,17.410712216376574,6.785176257909009,17.06584467054488,12.31232762416854,5602637950.0,7742437950.0,8.519826566301703,2.40539152928044,17.09163499084808,28.38215780141844,1.5217529809598829,1.5217529809598829,3.3240760561566205,19.611038373860183,23.61939582062233,39.222076747720365,0.0293433203193149,0.0352334028651628,0.7156476627644838,0.2931268495650045,5.419959473150962,1.3363196933077757,12.588785046728972,1.868871151653364,0.0049976457964769,0.170316301703163,0.086853855400996,0.0448222565687789,0.2550230291702823,0.397803538743136,0.0559848875150266,1.3171717171717172,0.0045938519663403,17.105893167068395,0.025622023558999,0.0245508713767304,-13.952418476371474,807100000.0,1463800000.0,-2025600000.0,5602200000.0,1834050000.0,1614800000.0,750450000.0,69.81839258114374,76.99972714870395,36.56971350613915,1.2890586086667777,1.1688353106263554,2.4610529143164115,0.0446532851671782,0.6044452685007069,2016-07-28,0.82,bmo,2273742857.0,2025-04-25,2016-06-30,0.024390243902439,30.22421875,2499904.234375
2016-03-31,BWA,USD,908255,2016-04-28,2016-04-28 11:17:55,2016,Q1,2268600000.0,1804300000.0,464300000.0,0.2046636692,100600000,188400000.0,0.0,188400000.0,500000.0,200100000.0,2004400000.0,1600000.0,21300000.0,94400000.0,370800000.0,0.1634488231,264200000.0,0.1164594904,-10600000.0,253600000.0,0.1117870052,80400000.0,164100000.0,0.072335361,0.75,0.75,217388000,218137000,https://www.sec.gov/Archives/edgar/data/908255/000090825516000109/0000908255-16-000109-index.htm,https://www.sec.gov/Archives/edgar/data/908255/000090825516000109/a10q3312016.htm,10.43571862292307,0.7548714740464055,0.1582424052845603,-0.3215448874822897,1.8046074300329364,17.301322980109298,6.660441238706828,16.988978232469133,12.050803172208218,7343366640.0,9549466640.0,11.18733491773309,3.236959640306797,213.4699604651163,-105.05531673819742,1.988347947579335,1.988347947579335,4.209409609450763,25.753685652642933,277.60077441860466,-136.61611788268957,0.0223466984620013,-0.0095187947744905,0.7035633055344959,0.2906260136230943,5.949568500539375,1.3774238227146811,12.4037558685446,0.1986143187066974,0.0038402004669618,0.1718464351005484,0.0830468130124305,0.0443445296658732,0.2587269453174807,3.0319767441860463,0.0459754914925504,1.1048728813559323,0.0042316847394869,16.986793058724803,0.0254254638959328,0.0247604677480196,-13.861160689642482,872000000.0,1447900000.0,-1997200000.0,5684100000.0,1763100000.0,1443700000.0,739950000.0,73.83760909812219,82.89198026935654,37.72487945463615,1.2188910380399742,1.0857503911421351,2.3856935078672485,0.0444330120220946,0.47978729276685,2016-04-28,0.78,bmo,2211885000.0,2025-04-25,2016-03-31,0.0256410256410256,29.638032786885248,2970176.8524590163
2015-12-31,BWA,USD,908255,2016-02-11,2016-02-11 11:52:27,2015,Q4,2123100000.0,1676200000.0,446900000.0,0.2104940888,104000000,178400000.0,0.0,178400000.0,-1000000.0,246400000.0,1922600000.0,2200000.0,17800000.0,83900000.0,352400000.0,0.1659837031,200500000.0,0.0944373793,-3900000.0,196600000.0,0.0926004427,61200000.0,125300000.0,0.0590174744,0.57,0.56,219324821,222900000,https://www.sec.gov/Archives/edgar/data/908255/000090825516000077/0000908255-16-000077-index.htm,https://www.sec.gov/Archives/edgar/data/908255/000090825516000077/a10k12312015.htm,9.680162921459765,0.5712987678672264,1.813292258426145,1.090619834587714,2.6339928028483377,16.55763348371774,6.064065133786203,16.202908470628593,11.781156315180578,8340922942.63,10329322942.63,16.641905312509977,3.928652886171165,20.97290154043249,34.87007919159699,2.3471094753721475,2.3471094753721475,4.865207923616411,29.31135908805335,25.972650094619063,43.18278822169733,0.0150223183767348,0.0286778815300477,0.7220924670062189,0.2902335576542442,5.642451759364358,1.3300386034870402,11.264044943820224,2.9372230428360413,0.0034528553012766,0.2298483639265762,0.0840280721586359,0.0489849748009985,0.2603065090765141,0.3985416142821222,0.0746549856342141,1.8891537544696064,0.0045687909189392,14.431763129138108,0.0199381956109603,0.0191590214067278,-13.777510389487563,778000000.0,1330000000.0,-2074700000.0,5527600000.0,1608250000.0,1331100000.0,623350000.0,70.58075455701568,65.80598973869466,38.85216561269538,1.2751351351351352,1.3676566579634464,2.316473189607518,0.0352590258040915,0.722672423838431,2016-02-11,0.72,bmo,2066483999.0,2025-04-25,2015-12-31,0.0416666666666667,37.50296875,2457942.75
2015-09-30,BWA,USD,908255,2015-10-29,2015-10-29 11:29:25,2015,Q3,1884000000.0,1485800000.0,398200000.0,0.211358811,95600000,148000000.0,0.0,148000000.0,100000.0,148000000.0,1633800000.0,2000000.0,15000000.0,78300000.0,328600000.0,0.1744161359,237100000.0,0.1258492569,-4300000.0,232800000.0,0.123566879,66900000.0,157400000.0,0.0835456476,0.7,0.7,224837000,225991000,https://www.sec.gov/Archives/edgar/data/908255/000090825515000059/0000908255-15-000059-index.htm,https://www.sec.gov/Archives/edgar/data/908255/000090825515000059/a10q9302015.htm,8.379403745824753,0.7000627120980978,0.671152879641696,0.0760550976929953,4.595773827261527,16.847316055631413,11.582613181994066,16.531976498530046,8.112988520572681,8224537460.0,9000337460.0,13.063115406607368,4.365465743099787,54.50323035122597,480.9671029239766,2.2126815873015877,2.2126815873015877,4.777249182590234,27.3899496652465,59.64438343273691,526.3355239766082,0.0191378543493192,0.0020791442781026,0.4867097121334409,0.2353423267552132,2.360925136944614,2.1437849071307964,15.806666666666668,0.9095840867992768,0.0035503516327834,0.1855146124523507,0.078556263269639,0.0507430997876857,0.1539852480129047,0.8866799204771372,0.0710191082802547,1.7088122605363985,0.0052547770700636,16.136974835384002,0.027156383761184,0.0242027247286035,-6.407864363961448,1761200000.0,2604200000.0,-598200000.0,5130100000.0,1562250000.0,1416950000.0,524400000.0,74.11624203821657,87.01978731996232,31.68596042536008,1.2143087334837257,1.0342475288876514,2.84037468935194,0.0423459779391982,0.5950977819487007,2015-10-29,0.7,bmo,1806575342.0,2025-04-25,2015-09-30,0.0428571428571429,41.53671875,3086391.109375
2015-06-30,BWA,USD,908255,2015-07-30,2015-07-30 11:21:56,2015,Q2,2031900000.0,1602900000.0,429000000.0,0.2111324376,94200000,167400000.0,0.0,167400000.0,800000.0,167400000.0,1770300000.0,1600000.0,17600000.0,80900000.0,336100000.0,0.1654116836,242500000.0,0.1193464245,-4900000.0,237600000.0,0.1169348885,80200000.0,148100000.0,0.0728874452,0.66,0.65,225353000,226615000,https://www.sec.gov/Archives/edgar/data/908255/000090825515000048/0000908255-15-000048-index.htm,https://www.sec.gov/Archives/edgar/data/908255/000090825515000048/a10q6302015.htm,9.016520747449556,0.6571911623097985,1.2717824923564365,0.6283475258816168,4.916286892120362,16.647215701588173,11.389242654857046,16.359666833811843,8.082430675429215,11267650000.0,11963550000.0,19.02034098582039,5.545376248831143,39.3148988136776,79.57379943502825,3.0562969593403317,3.0562969593403317,5.887863575963384,35.5952097590003,41.74302163293789,84.48834745762711,0.0131438232461959,0.0125669505176323,0.4892722488946754,0.2322598920979102,2.070514727759595,2.07960381511372,13.778409090909092,1.8208386277001272,0.0026003647610637,0.1978392977717758,0.0823859441901668,0.0463605492396279,0.1525694346085008,0.5059316120027914,0.0713617796151385,1.792336217552534,0.0047738569811506,15.55336427863959,0.0258989559184632,0.022502810952077,-6.497805664890194,1765800000.0,2566600000.0,-613400000.0,5111200000.0,1568850000.0,1371700000.0,516000000.0,69.67370441458733,78.4559236384054,29.517125210555868,1.2917355371900827,1.147140914621055,3.049077420582081,0.0401714270214555,0.6434349664748195,2015-07-30,0.82,bmo,2248636000.0,2025-04-25,2015-06-30,-0.0853658536585365,53.32222222222222,1496192.9365079366
2015-03-31,BWA,USD,908255,2015-03-31,2015-03-30 20:00:00,2015,Q1,1984200000.0,1555200000.0,429000000.0,0.2162080435,92400000,168200000.0,0.0,168200000.0,100000.0,168200000.0,1723400000.0,1700000.0,10000000.0,77100000.0,346900000.0,0.1748311662,259600000.0,0.1308335853,200000.0,259800000.0,0.1309343816,72100000.0,178900000.0,0.090162282,0.79,0.79,225796000,227088000,,,8.78757816790377,0.7923081011178231,0.1448209888571985,-0.4752077096139878,4.585997980477954,15.777515987882868,10.60204786621552,15.518432567450263,8.18615033038672,12012347200.0,12815247200.0,16.786399105645614,6.054000201592581,367.3500672782874,-111.951045666356,3.428181278538813,3.428181278538813,6.45864691059369,36.942194292303256,391.9035840978593,-119.43380428704566,0.0148930094195079,-0.0089324757446238,0.5246575342465754,0.2443835907797835,2.314499855866244,2.076428348423353,25.96,0.1742141715503463,0.0024474817044915,0.1643376187814421,0.0847696804757584,0.046567886301784,0.1553452263844947,4.281345565749236,0.0705574034875516,1.8158236057068744,0.0054933978429593,16.632680072569,0.0311094070616573,0.0281554926030846,-6.63397491541037,1723900000.0,2393900000.0,-634700000.0,4942400000.0,1504100000.0,1162650000.0,506000000.0,70.97218022376777,77.89930555555556,29.29976851851852,1.2681025116635778,1.1553376420771118,3.071696622555797,0.0510559360730593,0.6200286984711864,2015-04-30,0.84,bmo,2136830769.0,2025-04-25,2015-03-31,-0.0714285714285713,50.87098360655738,2133498.62295082
2014-12-31,BWA,USD,908255,2015-02-12,2015-02-12 11:38:42,2014,Q4,1991900000.0,1578600000.0,413300000.0,0.2074903359,100700000,169400000.0,0.0,169400000.0,2200000.0,201100000.0,1779700000.0,1200000.0,10200000.0,83400000.0,329500000.0,0.1654199508,212200000.0,0.1065314524,2500000.0,214700000.0,0.1077865355,67300000.0,139900000.0,0.0702344495,0.62,0.61,226430083,228000000,https://www.sec.gov/Archives/edgar/data/908255/000090825515000012/0000908255-15-000012-index.htm,https://www.sec.gov/Archives/edgar/data/908255/000090825515000012/a10k12312014.htm,8.796975974256918,0.6178507649975113,1.1288252718610716,0.3996818744265531,3.5233834189779456,16.300395915148783,10.308259260762624,15.970492754710513,5.9629885839859895,10943365911.39,11485565911.39,19.55569319404932,5.493933385907927,42.814420623591545,120.9211702916022,3.0262059375559978,3.0262059375559978,5.766135805708117,34.85755967037936,44.93570387867762,126.91233051259668,0.0127840009310472,0.0082698504950662,0.3705547259554228,0.1853901494189264,1.6455235204855845,1.3701688036159023,20.80392156862745,1.7340569877883312,0.0026774212100048,0.2094353109363831,0.0850444299412621,0.0505547467242331,0.1877144438295517,0.6459311424100157,0.0828856870324815,1.9796163069544364,0.004016265876801,14.900203899021475,0.0256327353931368,0.0238281782259163,-6.199816655987358,802600000.0,2334100000.0,-566300000.0,4253300000.0,1454800000.0,1197050000.0,518750000.0,65.22164767307595,55.826681870011406,28.83124287343216,1.3799099411153446,1.6121323529411764,3.121613604904093,0.0386870195232564,0.7291433974345185,2015-02-12,0.75,bmo,1991900000.0,2025-04-25,2014-12-31,0.0,48.69328125,2417462.390625
2014-09-30,BWA,USD,908255,2014-10-30,2014-10-30 11:11:53,2014,Q3,2032100000.0,1607600000.0,424500000.0,0.2088971999,96100000,177200000.0,0.0,177200000.0,3500000.0,177200000.0,1784800000.0,1400000.0,9000000.0,81800000.0,335300000.0,0.1650017224,237700000.0,0.1169725899,7200000.0,244900000.0,0.1205157227,71900000.0,166600000.0,0.0819841543,0.73,0.73,227077000,228668000,https://www.sec.gov/Archives/edgar/data/908255/000090825514000063/0000908255-14-000063-index.htm,https://www.sec.gov/Archives/edgar/data/908255/000090825514000063/a10q9302014.htm,8.94894683301259,0.7336718381870467,0.968834360150962,0.3496611281635745,3.4472888051189683,16.735292433844027,11.403180418976822,16.428788472632633,5.815208057178842,10509123560.0,11037823560.0,15.769993337334933,5.1715582697701885,47.76874345454546,132.35671989924433,2.817006261727336,2.817006261727336,5.431732473795581,32.91924712198032,50.17192527272727,139.01541007556676,0.015852891922797,0.0075553398479596,0.3515520291642095,0.1800942010079233,1.5767968983000298,1.390521952138685,26.41111111111111,1.2716763005780347,0.0028546624110678,0.1800720288115246,0.0872004330495546,0.0472909797746173,0.1662661521771967,0.639090909090909,0.0691895083903351,1.7188264058679708,0.0040844446631563,16.46815525044646,0.0291254149699311,0.0274396771802684,-5.873888592856168,829000000.0,2589400000.0,-530300000.0,4107200000.0,1518900000.0,1471900000.0,529900000.0,64.93233600708626,79.21186862403582,29.77233142572779,1.3860582497783234,1.136193370556223,3.0229409552463333,0.0446576958130059,0.6191732319873875,2014-10-30,0.78,bmo,2006377215.0,2025-04-25,2014-09-30,0.0128205128205128,54.76140625,1498543.71875
2014-06-30,BWA,USD,908255,2014-07-31,2014-07-31 11:31:08,2014,Q2,2197000000.0,1724200000.0,472800000.0,0.2152025489,101500000,181200000.0,0.0,181200000.0,4000000.0,181200000.0,1905400000.0,1400000.0,9000000.0,85100000.0,380700000.0,0.1732817478,280600000.0,0.1277196177,4600000.0,285200000.0,0.1298133819,85300000.0,190200000.0,0.086572599,0.84,0.83,227678000,229670000,https://www.sec.gov/Archives/edgar/data/908255/000090825514000056/0000908255-14-000056-index.htm,https://www.sec.gov/Archives/edgar/data/908255/000090825514000056/a10q6302014.htm,9.649592846036947,0.8353903319600489,1.2289285745658345,0.6531153646816996,3.3881183074341834,17.101784098595385,11.638366464919756,16.816732402779365,5.5090961796923725,13055056520.0,13528956520.0,17.15964316508938,5.942219626763769,46.658529378127234,87.79459663752522,3.4096992582532386,3.4096992582532386,6.157922858443332,35.53705416338324,48.35223917083631,90.98155023537323,0.0145690675263349,0.0113902226139117,0.3252455077308817,0.1669974520584685,1.2448121880745997,1.399226056110932,31.177777777777777,1.3996998499249624,0.0021754023015137,0.14931650893796,0.0824761037778789,0.0461993627674101,0.1668097089982566,0.4685489635453895,0.0596722803823395,1.5405405405405406,0.003641329085116,17.778977823539975,0.033750181290389,0.0306127376028069,-5.925583499503685,866600000.0,2649800000.0,-526000000.0,4199800000.0,1558900000.0,1499850000.0,522450000.0,64.38461538461539,79.8057069945482,27.56060781811855,1.3978494623655917,1.1277388972463862,3.265530303030303,0.0496761387379857,0.5758132098841346,2014-07-31,0.87,bmo,2147629213.0,2025-04-25,2014-06-30,0.0229885057471264,55.01031746031746,1395291.0
2014-03-31,BWA,USD,908255,2014-05-01,2014-05-01 11:49:19,2014,Q1,2084100000.0,1638300000.0,445800000.0,0.2139052829,94500000,173800000.0,0.0,173800000.0,700000.0,173800000.0,1812100000.0,1500000.0,8200000.0,80100000.0,352800000.0,0.1692817043,233200000.0,0.1118948227,2100000.0,235300000.0,0.1129024519,68100000.0,159100000.0,0.0763399069,0.7,0.69,227430000,229327000,https://www.sec.gov/Archives/edgar/data/908255/000090825514000033/0000908255-14-000033-index.htm,https://www.sec.gov/Archives/edgar/data/908255/000090825514000033/a10q3312014.htm,9.163698720485424,0.69955590731214,0.2040188189772677,-0.3508771929824561,3.5531811986105617,16.432748538011698,10.959416084069824,16.1961922349734,6.042738425009893,12297140100.0,12855140100.0,19.32297313010685,5.900455880236073,265.02457112068964,-154.0995,3.3384390118094203,3.3384390118094203,6.168197351374694,36.43747193877551,277.0504331896552,-161.09198120300752,0.012937967584837,-0.0064893137226272,0.3708700963757296,0.1856669113050096,1.5816326530612246,1.5810874457062116,28.4390243902439,0.277511961722488,0.0023094800717119,0.1785040854808296,0.0833933112614557,0.0453433136605729,0.1691810051917693,2.7198275862068964,0.0605537162324264,1.575530586766542,0.0037426227148409,15.966470930159227,0.0286424062822911,0.0260265008997219,-6.1310073429187,1110400000.0,2492500000.0,-599200000.0,4383000000.0,1397300000.0,1203100000.0,487500000.0,66.7669497624874,80.79838857352134,28.395898187145217,1.3479723174438911,1.1138836007614903,3.1694718514219384,0.0431926157187457,0.5548960119597238,2014-05-01,0.8,bmo,2008771084.0,2025-04-25,2014-03-31,0.0374999999999998,50.97016393442623,1626826.68852459
2013-12-31,BWA,USD,908255,2014-02-13,2014-02-13 12:12:38,2013,Q4,1885400000.0,1478800000.0,406600000.0,0.215657155,99500000,167100000.0,0.0,167100000.0,500000.0,218900000.0,1697700000.0,1500000.0,7600000.0,76900000.0,316900000.0,0.1680810438,187700000.0,0.0995544712,6200000.0,193900000.0,0.1028428981,44500000.0,141400000.0,0.074997348,0.62,0.62,227932856,229500000,https://www.sec.gov/Archives/edgar/data/908255/000090825514000012/0000908255-14-000012-index.htm,https://www.sec.gov/Archives/edgar/data/908255/000090825514000012/a10k12312013.htm,8.271734198776503,0.6203581286236329,0.8950004118756797,0.3689683070526699,4.121827877241182,15.93627203969225,9.941085457201485,15.621266992767378,5.397203464164026,11209737858.08,11492837858.08,19.819197061669023,5.945548879855734,54.9496953827451,133.29058095219978,3.1482721614559344,3.1482721614559344,6.095702693370107,36.26644953638372,56.33744048078432,136.65681162996432,0.0126140327088985,0.0075024055927749,0.343369095096332,0.1767529275697556,0.8933417481855475,1.7233204015025556,24.69736842105263,1.3654618473895583,0.0025245907048219,0.2001414427157001,0.0886284077649305,0.0527739471730136,0.197556744253289,0.5877450980392157,0.0635939323220536,1.5591677503250976,0.0038718574307839,14.766263883026545,0.0263204357655991,0.0254751824159985,-5.1755373082325615,1174600000.0,2265900000.0,-486100000.0,4480500000.0,1298000000.0,1092950000.0,456400000.0,59.59743290548425,56.92859074925615,27.88003786854206,1.5101321585903085,1.580927945264058,3.228116131848941,0.03971240802112,0.5260321048230098,2014-02-13,0.71,bmo,1694473417.0,2025-04-25,2013-12-31,0.1126760563380282,46.26734375,1564418.71875
2013-09-30,BWA,USD,908255,2013-10-30,2013-10-30 11:19:02,2013,Q3,1806200000.0,1426600000.0,379600000.0,0.2101649873,84700000,157700000.0,0.0,157700000.0,3700000.0,154000000.0,1580600000.0,1300000.0,8100000.0,71600000.0,297200000.0,0.1645443472,225600000.0,0.1249031115,3600000.0,229200000.0,0.1268962463,56300000.0,166800000.0,0.0923485771,0.73,0.72,227638000,230476000,https://www.sec.gov/Archives/edgar/data/908255/000090825513000042/0000908255-13-000042-index.htm,https://www.sec.gov/Archives/edgar/data/908255/000090825513000042/a10q9302013.htm,7.934527627197568,0.7327423365167502,0.9436034405503476,0.4906913608448501,4.0432616698442265,15.08842987550409,9.859513789437615,14.79234574192358,5.624719950096205,10150378420.0,10502278420.0,15.213396912470026,5.619742232310929,47.25502057728119,90.87178531781558,3.0143968223799487,3.0143968223799487,5.814571154910863,35.33741056527591,48.89328873370577,94.02218818263204,0.0164328848736656,0.0110045158296669,0.3778398123125353,0.1826888560228594,1.184051144010767,1.735355586075118,27.85185185185185,1.2423366107576634,0.0028077770917234,0.1708633093525179,0.0873103753737127,0.0468940316686967,0.1709145212009821,0.4799813780260707,0.0570811648765363,1.4399441340782122,0.0038201749529398,15.616561868214315,0.0307008989579703,0.028888119154832,-6.023708695384777,1231500000.0,2244400000.0,-623400000.0,4297200000.0,1343600000.0,1304800000.0,446950000.0,67.14372716199756,78.89036870881816,28.68568624702089,1.3404081632653062,1.1408236705317871,3.1374532658895977,0.0495352359457131,0.4529120797054973,2013-10-30,0.67,bmo,1728791428.0,2025-04-25,2013-09-30,0.0447761194029849,41.97390625,1675702.875
2013-06-30,BWA,USD,908255,2013-07-25,2013-07-25 11:22:56,2013,Q2,1893900000.0,1497300000.0,396600000.0,0.2094091557,84000000,155600000.0,0.0,155600000.0,2400000.0,155600000.0,1652900000.0,1000000.0,8800000.0,76000000.0,331500000.0,0.1750356407,243400000.0,0.1285178732,3300000.0,246700000.0,0.1302603094,66600000.0,174100000.0,0.0919267121,0.76,0.75,229496000,232202000,https://www.sec.gov/Archives/edgar/data/908255/000090825513000033/0000908255-13-000033-index.htm,https://www.sec.gov/Archives/edgar/data/908255/000090825513000033/a10q6302013.htm,8.252431414926622,0.758618886603688,1.2361871230871126,0.7682051103287203,3.559974901523338,14.187611113047724,9.079896817373724,13.922247010841147,5.398351169519295,8704783280.0,9117883280.0,12.499688799540497,4.596221173240403,30.68305703207613,49.37483425978446,2.7244165378235423,2.7244165378235423,4.814342510164211,27.50492693815988,32.139172647162496,51.71799931934203,0.0200004979331317,0.020253232542281,0.3849957747801321,0.1834491603782026,1.2461538461538462,1.594372596994058,27.65909090909091,1.5752359800111049,0.0,0.0,0.082158508896985,0.0443529225407888,0.1748143287499627,0.37856891082129,0.0567083795342943,1.4131578947368422,0.0038016790749247,15.41550483583594,0.0334911941365469,0.0314646136051471,-6.135292118381148,1020300000.0,2083800000.0,-712500000.0,3988800000.0,1329050000.0,1335500000.0,444350000.0,63.66386820845874,81.69304748547385,26.399519134441995,1.4136747032917818,1.1016849385622838,3.4091530054644807,0.0544896873337297,0.4679820127583923,2013-07-25,0.7,bmo,1767639999.0,2025-04-25,2013-06-30,0.0714285714285715,35.14078125,2166350.0625
2013-03-31,BWA,USD,908255,2013-04-25,2013-04-25 11:27:29,2013,Q1,1851100000.0,1476400000.0,374700000.0,0.2024201826,82200000,165200000.0,0.0,165200000.0,300000.0,165200000.0,1641600000.0,1000000.0,9700000.0,74900000.0,284100000.0,0.1534763114,198500000.0,0.1072335368,1000000.0,199500000.0,0.1077737561,50900000.0,142000000.0,0.0767111447,0.62,0.61,230372000,233130000,https://www.sec.gov/Archives/edgar/data/908255/000090825513000022/0000908255-13-000022-index.htm,https://www.sec.gov/Archives/edgar/data/908255/000090825513000022/a10q3312013.htm,8.035264702307572,0.6163943534804577,0.0707551264910666,-0.3086312572708489,3.0185960099317626,13.723890056083205,8.64514784782873,13.482975361589082,5.254110742624972,7770447559.999999,8275747559.999999,13.68036542253521,4.197745967262708,476.7145742331288,-109.2889952180028,2.5016733395576445,2.5016733395576445,4.470718794230457,29.12969926082365,507.7145742331288,-116.3958869198312,0.0182743656531413,-0.0091500520981573,0.3865619265316635,0.1839054051984254,1.7785990848292854,1.6431910055583627,20.46391752577319,0.1096904441453566,0.0011582344428047,0.0633802816901408,0.0892442331586624,0.0444060288477121,0.1792032348481367,5.361963190184049,0.0472151693587596,1.1668891855807744,0.0082113338015234,13.674562966416586,0.0285710411293935,0.0264979753307581,-6.330413418297362,1018300000.0,1991600000.0,-765800000.0,3953500000.0,1232850000.0,1083550000.0,448550000.0,64.10026470747124,79.97222974803576,27.40111081007857,1.4040503640776698,1.1253906547755164,3.284538375973304,0.0457164933517916,0.3793863837619155,2013-04-25,0.62,bmo,1765664615.0,2025-04-25,2013-03-31,0.0483870967741935,33.251,2374058.8
2012-12-31,BWA,USD,908255,2013-02-14,2013-02-14 12:20:30,2012,Q4,1719100000.0,1374900000.0,344200000.0,0.2002210459,80800000,0.0,0.0,173500000.0,-67100000.0,106400000.0,1481300000.0,1000000.0,6700000.0,77300000.0,259000000.0,0.1506602292,170700000.0,0.0992961433,4300000.0,175000000.0,0.1017974522,48400000.0,121200000.0,0.0705020069,0.53,0.52,230372000,233130000,https://www.sec.gov/Archives/edgar/data/908255/000090825513000006/0000908255-13-000006-index.htm,https://www.sec.gov/Archives/edgar/data/908255/000090825513000006/a10k12312012.htm,7.462278401889119,0.5261056031114892,1.4589446634139565,0.918948483322626,3.106714357647631,13.656607573837098,7.632872050422795,13.380966436893372,4.661590818328616,7256718000.0,7608218000.0,14.968477722772278,4.221230876621488,21.59094912228504,34.27830892772792,2.354090053850645,2.354090053850645,4.425698330521785,29.375359073359075,22.63676881880393,35.938677373641944,0.0167017651781425,0.0291729677245278,0.3462012586777395,0.1667291588551431,1.3571428571428572,1.5425113841931255,25.47761194029851,2.654818325434439,0.0030178932128821,0.1806930693069307,0.0,0.0470013379093711,0.216801024871891,0.3701279381136566,0.0723634459891803,1.6093143596377748,0.0091326857076377,12.585528669613709,0.0244964902784823,0.0241766571582453,-6.314677999062386,869700000.0,1758400000.0,-781900000.0,4045400000.0,1204350000.0,1065850000.0,461450000.0,60.06456866965272,55.98079860353481,29.299585424394504,1.4983875185217468,1.6076941066417212,3.07171581769437,0.0393174592876143,0.5399961800913305,2013-02-14,0.56,bmo,1659820689.0,2025-04-25,2012-12-31,0.0357142857142855,29.330967741935485,2777283.2741935486
2012-09-30,BWA,USD,908255,2012-10-31,2012-10-31 10:24:55,2012,Q3,1695200000.0,1351500000.0,343700000.0,0.2027489382,75600000,0.0,0.0,151000000.0,29700000.0,180700000.0,1532200000.0,1000000.0,5000000.0,69800000.0,244900000.0,0.1444667296,163000000.0,0.0961538462,7100000.0,170100000.0,0.1003421425,64200000.0,101100000.0,0.0596389807,0.44,0.43,228598000,236998000,https://www.sec.gov/Archives/edgar/data/908255/000090825512000064/0000908255-12-000064-index.htm,https://www.sec.gov/Archives/edgar/data/908255/000090825512000064/a10q9302012.htm,7.415637932090395,0.4422610871486189,1.0170692656978626,0.6032423730741301,2.718746445725684,13.584983245697687,8.456766900847777,13.3194516137499,4.84606164533373,7152831420.0,7634131420.0,17.68751587537092,4.219461668239736,30.764866322580644,51.86969847715736,2.3491958158171307,2.3491958158171307,4.503380969797074,31.1724435279706,32.834973849462365,55.359908774474256,0.0141342629322025,0.0192790787176136,0.3621912769311613,0.1737650673599622,1.9652919559003672,1.5899005355776588,32.6,2.1954674220963173,0.0,0.0,0.0,0.0445965077866918,0.1847159851886866,0.4068817204301075,0.0558046248230297,1.3553008595988538,0.0058400188768286,11.512610081806397,0.0202368519549019,0.0195392524448223,-6.280894845974156,925200000.0,1933200000.0,-747400000.0,3796200000.0,1294550000.0,1277900000.0,474000000.0,66.96908919301558,85.00554938956715,31.65149833518313,1.3439035991755193,1.0587544065804937,2.8434672838207447,0.0332041513399894,0.4138268926237325,2012-10-31,0.6,bmo,1695200000.0,2025-04-25,2012-09-30,0.0,30.13888888888889,3048636.8253968256
2012-06-30,BWA,USD,908255,2012-07-26,2012-07-26 11:46:53,2012,Q2,1856400000.0,1473200000.0,383200000.0,0.20642103,0,0.0,0.0,153100000.0,36600000.0,189700000.0,1662900000.0,1300000.0,12600000.0,70300000.0,277600000.0,0.1495367378,193500000.0,0.1042340013,1200000.0,194700000.0,0.1048804137,68500000.0,120600000.0,0.0649644473,0.54,0.5,224278000,242946000,https://www.sec.gov/Archives/edgar/data/908255/000090825512000057/0000908255-12-000057-index.htm,https://www.sec.gov/Archives/edgar/data/908255/000090825512000057/a10q6302012.htm,8.277227369603795,0.5377255013866719,1.2453294571915212,0.8288820125023408,2.1486726295044543,13.084207991867236,7.904029820133941,12.813115865131667,5.198013180071162,6470420300.0,7141720300.0,13.412977404643453,3.4854666558931267,23.16656032939492,34.80591877353416,2.2515990882833976,2.2515990882833976,3.847080532212886,25.726658141210372,25.57006910132474,38.417,0.01863866555933,0.0287307456673255,0.401294498381877,0.1853810664394682,2.418227665706052,1.599484570144717,15.357142857142858,2.213153724247227,0.0,0.0,0.0,0.0,0.1867635475107303,0.3344074471894021,0.0503124326653738,1.328591749644381,0.0054406377935789,12.450848603220887,0.0255734010238785,0.023839174524106,-7.009938558396276,907200000.0,1772700000.0,-865700000.0,3741700000.0,1348550000.0,1285300000.0,476750000.0,64.36813186813187,78.15435786043986,28.877952755905515,1.3982074263764404,1.151567263347143,3.1165644171779143,0.0419668023802067,0.4164474446891804,2012-07-26,0.68,bmo,1856400000.0,2025-04-25,2012-06-30,0.0,32.83412698412699,3769632.365079365
2012-03-31,BWA,USD,908255,2012-04-26,2012-04-26 11:17:12,2012,Q1,1912500000.0,1516700000.0,395800000.0,0.2069542484,0,0.0,0.0,169000000.0,1100000.0,170100000.0,1686800000.0,1400000.0,15100000.0,71200000.0,307500000.0,0.1607843137,225700000.0,0.1180130719,-4500000.0,221200000.0,0.1156601307,57500000.0,158000000.0,0.0826143791,0.73,0.64,216840000,255484000,https://www.sec.gov/Archives/edgar/data/908255/000090825512000036/0000908255-12-000036-index.htm,https://www.sec.gov/Archives/edgar/data/908255/000090825512000036/a10q3312012.htm,8.819867183176536,0.7286478509500092,0.14204021398266,-0.2960708356391809,1.83038184836746,12.547500461169523,7.011160302527209,12.257885998893194,6.572126913853532,8042595600.000001,9055695600.0,12.72562594936709,4.20527874509804,261.1232337662338,-125.27407476635516,3.0258072234762983,3.0258072234762983,4.7350042352941175,29.449416585365853,294.0160909090909,-141.05444859813085,0.0196453990550015,-0.0079824975907031,0.5304740406320542,0.2244758250680591,3.2946341463414632,1.281097172017861,14.947019867549669,0.1881490531459987,0.0014920556244305,0.0759493670886076,0.0,0.0,0.1911228567334787,3.0844155844155843,0.049673202614379,1.3342696629213484,0.0109803921568627,14.176136692744748,0.0336659499582709,0.031097464966147,-8.744465965688986,528800000.0,1520300000.0,-1150500000.0,3425700000.0,1276200000.0,1080450000.0,467550000.0,64.44235294117647,76.6249093426518,28.53036197006659,1.3965970498028333,1.174552776271974,3.154534109816972,0.0594431903686982,0.438111049621841,2012-04-26,0.65,bmo,1942382812.0,2025-04-25,2012-03-31,-0.0153846153846153,34.68338709677419,3128030.2580645164
2011-12-31,BWA,USD,908255,2012-02-14,2012-02-14 11:22:22,2011,Q4,1773700000.0,1414000000.0,359700000.0,0.2027964143,0,0.0,0.0,146800000.0,29900000.0,176700000.0,1590700000.0,1300000.0,17200000.0,72900000.0,275500000.0,0.1553250268,191100000.0,0.1077408806,-5700000.0,185400000.0,0.1045272594,58200000.0,122000000.0,0.0687827705,0.53,0.48,229227070,255400000,https://www.sec.gov/Archives/edgar/data/908255/000090825512000008/0000908255-12-000008-index.htm,https://www.sec.gov/Archives/edgar/data/908255/000090825512000008/a10k12312011.htm,7.737742318130228,0.5322233538996943,1.0256205778837553,0.5038671916017597,1.568750148051886,10.701179402589757,4.465004940297845,10.417181530959672,5.873215584878348,6425234772.1,7394734772.1,13.16646469692623,3.622503677115634,27.3297948621863,55.62973828658009,2.6907470045228026,2.6907470045228026,4.169101185149687,26.841142548457352,31.453571978307107,64.02367768051948,0.0189876330324543,0.0179759968462989,0.5565978474810503,0.2230557513509884,3.5190562613430125,1.1219691403379868,11.11046511627907,1.5810356422326832,0.0021633450750091,0.1139344262295082,0.0,0.0,0.2399053468935656,0.5087196937473416,0.0674296667982184,1.6406035665294925,0.0030444832835316,11.168975516279882,0.0283115265842475,0.0269369190346868,-8.862827588382123,232400000.0,1023500000.0,-1367800000.0,3326200000.0,1210450000.0,1108050000.0,468350000.0,60.0270620736314,55.349363507779344,28.91584158415841,1.499323753169907,1.626034958601656,3.112480739599384,0.0510909167050546,0.5217533862819954,2012-02-14,0.58,bmo,1714576666.0,2025-04-25,2011-12-31,0.0344827586206896,29.643015873015877,4438877.936507937
2011-09-30,BWA,USD,908255,2011-10-28,2011-10-28 11:47:09,2011,Q3,1791800000.0,1441000000.0,350800000.0,0.1957807791,0,0.0,0.0,151400000.0,600000.0,152000000.0,1593000000.0,1300000.0,18500000.0,70000000.0,281600000.0,0.1571603974,198800000.0,0.1109498828,-5700000.0,193100000.0,0.1077687242,46400000.0,141600000.0,0.0790266771,0.65,0.57,217558000,255880000,https://www.sec.gov/Archives/edgar/data/908255/000090825511000064/0000908255-11-000064-index.htm,https://www.sec.gov/Archives/edgar/data/908255/000090825511000064/a10q9302011.htm,8.23596466229695,0.6508609198466616,1.027312256961362,0.5023947636951985,1.73287123433751,11.333529449618032,5.801671278463674,11.056821629174747,6.485626821353386,5791393960.0,6806893960.0,10.224918714689265,3.232165397923876,25.912277225950785,52.98622104300092,2.407563483683226,2.407563483683226,3.7989139189641694,24.17220866477273,30.455901387024607,62.27716340347667,0.0244500721204606,0.0188728310929826,0.5788817293701933,0.2284921976272911,3.606178977272727,1.178576997037576,10.745945945945946,1.523517382413088,0.0,0.0,0.0,0.0,0.1974796120965492,0.5109619686800895,0.0637347918294452,1.6314285714285717,0.0029021096104475,12.724786625451356,0.0321649125695839,0.0289523186390774,-9.56974691806323,343600000.0,1262200000.0,-1360900000.0,3184300000.0,1253900000.0,1354300000.0,488950000.0,62.17825650184172,84.09784871616932,30.12907702984039,1.4474513288633977,1.0701819532120311,2.9871475953565505,0.0588651008106422,0.5249174932661635,2011-10-28,0.52,bmo,1634624561.0,2025-04-25,2011-09-30,0.096153846153846,31.03453125,3707993.15625
2011-06-30,BWA,USD,908255,2011-07-28,2011-07-28 11:21:44,2011,Q2,1818800000.0,1461700000.0,357100000.0,0.196338245,0,0.0,0.0,157700000.0,-28900000.0,128800000.0,1590500000.0,1200000.0,20500000.0,72300000.0,309900000.0,0.1703870684,228300000.0,0.1255223224,-11200000.0,217100000.0,0.1193644161,49800000.0,162000000.0,0.0890697163,0.75,0.66,217522000,256284000,https://www.sec.gov/Archives/edgar/data/908255/000090825511000052/0000908255-11-000052-index.htm,https://www.sec.gov/Archives/edgar/data/908255/000090825511000052/bwa630201110q.htm,8.361453094399646,0.7447522549443275,1.3377957172148105,0.9254236353104514,1.7120107391436268,11.48619449986668,5.782403618944291,11.17542133669238,6.755178786513548,7728556660.0,8805056660.0,11.926784969135802,4.249261414119199,26.558613951890035,38.39322732240437,3.179298473816282,3.179298473816282,4.841135177039806,28.41257392707325,30.257926666666663,43.74096701440636,0.0209612230493759,0.0260462604928356,0.5960343905549385,0.2327176357211693,3.473701193933527,1.1905917587524528,11.13658536585366,1.7962962962962965,0.0,0.0,0.0,0.0,0.1992772245422422,0.3082474226804124,0.0493182318011876,1.2406639004149378,0.0035188036067736,13.684506034571672,0.0365092681485462,0.0324955368784225,-9.906699092505583,369100000.0,1257800000.0,-1421800000.0,3291200000.0,1274150000.0,1340100000.0,493100000.0,62.83868484715197,83.86741465416979,30.50899637408497,1.4322387589573982,1.0731223845532634,2.949949545913219,0.0666419844502036,0.4123720819043591,2011-07-28,0.49,bmo,1591449999.0,2025-04-25,2011-06-30,0.142857142857143,32.4052380952381,3524309.396825397
2011-03-31,BWA,USD,908255,2011-04-28,2011-04-28 11:47:04,2011,Q1,1730400000.0,1387600000.0,342800000.0,0.1981044845,0,0.0,0.0,165100000.0,-1600000.0,163500000.0,1551100000.0,1000000.0,18400000.0,67800000.0,256500000.0,0.1482316227,179300000.0,0.1036176607,-9000000.0,170300000.0,0.0984165511,40900000.0,124500000.0,0.0719486824,0.56,0.5,221268000,260448000,https://www.sec.gov/Archives/edgar/data/908255/000090825511000032/0000908255-11-000032-index.htm,https://www.sec.gov/Archives/edgar/data/908255/000090825511000032/bwa331201110q.htm,7.820380714789305,0.5626660881826563,-0.1871034220944736,-0.5043657465155377,1.00737567113184,10.637778621400292,5.071225843773162,10.423558761321113,6.571668745593579,7755443399.999999,8968243400.0,15.573179518072289,4.481878987517336,-187.32955072463767,-69.49322043010751,3.3625751821019767,3.3625751821019767,5.182757397133611,34.963911890838204,-216.62423671497584,-80.36060394265233,0.0160532407470087,-0.0143898929105716,0.622485258411377,0.2390044947561178,4.728265107212476,1.4053507340946167,9.744565217391305,-0.3325301204819277,0.0,0.0,0.0,0.0,0.2050441151989346,-1.6956521739130437,0.0405686546463245,1.0353982300884956,0.0027739251040221,11.48747658306334,0.0292941966281135,0.0260716604192406,-10.060876403275666,621200000.0,1122100000.0,-1499500000.0,3476100000.0,1151150000.0,1042350000.0,460650000.0,66.49098474341193,85.49221677716922,31.82689535889305,1.353566958698373,1.052727410666869,2.827797024658651,0.0539802289281997,0.317262324421064,2011-04-28,0.48,bmo,1661184000.0,2025-04-25,2011-03-31,0.0416666666666667,32.385161290322586,4587232.645161291
2010-12-31,BWA,USD,908255,2011-02-10,2011-02-10 11:44:19,2010,Q4,1533400000.0,1227300000.0,306100000.0,0.1996217556,0,0.0,0.0,148300000.0,-22000000.0,126300000.0,1353600000.0,1000000.0,22000000.0,60700000.0,228900000.0,0.1492761184,157400000.0,0.102647711,-11200000.0,146200000.0,0.0953436807,30600000.0,111700000.0,0.0728446589,0.5,0.43,221268000,260448000,https://www.sec.gov/Archives/edgar/data/908255/000095012311011507/0000950123-11-011507-index.htm,https://www.sec.gov/Archives/edgar/data/908255/000095012311011507/c61332e10vk.htm,6.930057667624781,0.5048176871486162,1.0222897120234289,0.6209664298497749,2.033280908219896,10.43892474284578,4.643690004880959,10.20753113870962,5.434134172135148,7040747760.0,7771247760.0,15.75816418979409,4.591592382939872,31.126205835543765,51.2427056768559,3.11730618967502,3.11730618967502,5.0679847137081,33.95040524246396,34.35564880636605,56.55929956331877,0.0158647921794034,0.0195149726539841,0.5226246347294784,0.2124932493249325,3.1913499344692005,1.479494361847303,7.154545454545454,1.9567474048442903,0.0011646490230179,0.0734109221128021,0.0,0.0,0.2308370837083708,0.3925729442970822,0.0579105256293204,1.4629324546952225,0.0046954480239989,10.767599587241792,0.029002566637185,0.0261427200599152,-8.18950322685612,667600000.0,1027500000.0,-1185300000.0,3492500000.0,1044150000.0,998250000.0,436300000.0,60.09586539715665,56.21608408702029,31.57663163040821,1.4976071882019728,1.6009653013305505,2.8502090106827684,0.049455414858762,0.4013232821736536,2011-02-10,0.41,bmo,1397097777.0,2025-04-25,2010-12-31,0.0975609756097561,26.68640625,3046583.875
2010-09-30,BWA,USD,908255,2010-10-27,2010-10-27 12:51:18,2010,Q3,1410900000.0,1137600000.0,273300000.0,0.193706145,0,0.0,0.0,150200000.0,100000.0,150300000.0,1287900000.0,600000.0,18400000.0,77700000.0,198200000.0,0.1404777093,123000000.0,0.0871783968,-7300000.0,115700000.0,0.0820043944,4200000.0,106700000.0,0.0756254873,0.48,0.44,225514000,255608000,https://www.sec.gov/Archives/edgar/data/908255/000095012310096493/0000950123-10-096493-index.htm,https://www.sec.gov/Archives/edgar/data/908255/000095012310096493/c60067e10vq.htm,6.256374327092774,0.4731413570776093,0.4629424337291698,0.1064235479837172,1.9165107266067736,10.221094920936173,5.254662681696036,10.003370079019485,5.364190249829279,5218393960.0,5977493960.0,12.226789971883788,3.698627797859522,49.98461647509578,217.43308166666668,2.313220426437342,2.313220426437342,4.236653171734354,30.158899899091825,57.25568927203065,249.06224833333337,0.0204469039359381,0.0045991161617855,0.5280819185247573,0.2135826595191566,3.8299697275479314,1.47981148002251,6.684782608695652,0.9363228699551568,7.665193602975885e-05,0.0037488284910965,0.0,0.0,0.200799612743604,0.7701149425287356,0.0569849032532426,1.034749034749035,0.0035438372669927,10.319529162082867,0.0275515432028266,0.0239361105502837,-8.075773566164406,682100000.0,1185000000.0,-1169000000.0,3311200000.0,1020900000.0,1195850000.0,410400000.0,67.89708696576653,97.30221518987342,34.96835443037975,1.3255355129650508,0.9249532482315636,2.573755656108597,0.0472981958420142,0.3565188857454526,2010-10-27,0.32,bmo,1254133333.0,2025-04-25,2010-09-30,0.1249999999999999,19.74859375,4365828.71875
2010-06-30,BWA,USD,908255,2010-07-30,2010-07-30 11:50:17,2010,Q2,1421700000.0,1146300000.0,275400000.0,0.1937117535,0,0.0,0.0,137800000.0,20300000.0,158100000.0,1304400000.0,600000.0,14200000.0,64500000.0,192400000.0,0.1353309418,117300000.0,0.082506858,-3600000.0,113700000.0,0.0799746782,26000000.0,82800000.0,0.058240135,0.36,0.34,230724000,258156000,https://www.sec.gov/Archives/edgar/data/908255/000095012310070306/0000950123-10-070306-index.htm,https://www.sec.gov/Archives/edgar/data/908255/000095012310070306/c58412e10vq.htm,6.161907733915848,0.3588703385863629,0.6249891645429171,0.3991782389348312,0.8126592812191189,8.920181688944366,4.236230301139023,8.738146009951285,4.249666267921846,3788488080.000001,4567288080.0,11.438671739130436,2.6647591474994727,26.27245547850208,41.13450684039088,1.8791171469669163,1.8791171469669163,3.2125540409369067,23.738503534303533,31.67328765603329,49.5905328990228,0.0218556844449672,0.024310489581902,0.4792917018005059,0.1944578604201883,4.047817047817047,1.231498227591695,8.26056338028169,1.6442417331813,0.0007390811164964,0.0338164251207729,0.0,0.0,0.2174796747967479,0.3613037447988904,0.0366462685517338,0.8077519379844961,0.0040092846592108,8.399814395996295,0.0239826064259763,0.0212935579272212,-7.806513409961686,320000000.0,977400000.0,-1208800000.0,2806600000.0,931300000.0,1102200000.0,364550000.0,61.87381304072589,91.21695891127978,29.74090552211463,1.454573357888275,0.9866586331554484,3.026135163674762,0.0410693913992361,0.2258109256080858,2010-07-30,0.33,bmo,1202976923.0,2025-04-25,2010-06-30,0.1818181818181818,17.15904761904762,4677270.857142857
2010-03-31,BWA,USD,908255,2010-04-29,2010-04-29 11:40:26,2010,Q1,1286800000.0,1048300000.0,238500000.0,0.1853434877,0,0.0,0.0,130300000.0,1600000.0,131900000.0,1180200000.0,600000.0,14200000.0,63600000.0,180100000.0,0.1399595897,106600000.0,0.0828411564,-4300000.0,102300000.0,0.0794995337,20900000.0,76200000.0,0.0592166615,0.33,0.32,232750000,259326000,https://www.sec.gov/Archives/edgar/data/908255/000095012310040255/0000950123-10-040255-index.htm,https://www.sec.gov/Archives/edgar/data/908255/000095012310040255/c57449e10vq.htm,5.528678839957036,0.3273899033297529,0.2754027926960258,0.0378088077336197,1.6073039742212674,9.63609022556391,5.162620837808808,9.470247046186897,3.955316863587541,3907872500.0,4440172500.0,12.821104002624672,3.0368919023935343,60.96524960998439,444.0764204545454,1.772921014427003,1.772921014427003,3.450553699098539,24.653928373126043,69.26946177847114,504.5650568181818,0.0194991008534695,0.0022518646654925,0.411214953271028,0.182513793242318,2.955580233203776,1.4842629313981943,7.507042253521127,0.7874692874692875,0.0012794685599389,0.0656167979002624,0.0,0.0,0.2096572832346663,0.8627145085803433,0.0429748212620453,0.8694968553459119,0.0038078955548647,8.352270557255682,0.0216740782870433,0.0194140127388535,-6.488721804511278,573900000.0,1201600000.0,-964400000.0,3051500000.0,808600000.0,805200000.0,332300000.0,61.91171899285048,89.51063626824383,30.07440618143661,1.4536827835517396,1.0054671014770766,2.9925777904653152,0.0345703656655475,0.237593984962406,2010-04-29,0.21,bmo,818872727.0,2025-04-25,2010-03-31,0.5714285714285715,16.202622950819674,3715016.721311476
2009-12-31,BWA,USD,908255,2010-02-11,2010-02-11 11:25:35,2009,Q4,1198300000.0,985100000.0,213200000.0,0.1779187182,0,0.0,0.0,144400000.0,1500000.0,145900000.0,1131000000.0,800000.0,16100000.0,68900000.0,147300000.0,0.1229241425,67300000.0,0.0561628974,-5000000.0,62300000.0,0.0519903196,5700000.0,52700000.0,0.0439789702,0.23,0.2,232750000,259326000,https://www.sec.gov/Archives/edgar/data/908255/000095012310011337/0000950123-10-011337-index.htm,https://www.sec.gov/Archives/edgar/data/908255/000095012310011337/c54822e10vk.htm,5.148442534908701,0.226423200859291,0.5357679914070892,0.3432867883995703,1.5355531686358754,9.549731471535983,4.989473684210527,9.389044038668098,3.688077336197637,3400477500.0,3885377500.0,16.131297438330172,2.837751397813569,27.269266238973533,42.559167709637045,1.5560689607834166,1.5560689607834166,3.2424079946591005,26.377308214528178,31.15779871692061,48.62800375469337,0.0154978234674395,0.0234967000957953,0.3854390701505514,0.1750633911127738,3.291921249151392,1.483272796788377,4.180124223602484,2.2031802120141344,2.9407634663073057e-05,0.0018975332068311,0.0,0.0,0.2206010724529243,0.359262229350441,0.0373862972544438,0.6502177068214804,0.0034215138112325,6.916118246205144,0.0162388548060049,0.0140533333333333,-6.552738990332975,505600000.0,1161300000.0,-1036900000.0,3057300000.0,755800000.0,770500000.0,314450000.0,54.977885337561545,51.8749365546645,28.71485128413359,1.6370218579234972,1.7349418809439945,3.1342666242443524,0.0241156820573834,0.1924812030075188,2010-02-11,0.11,bmo,909959062.0,2025-04-25,2009-12-31,0.9090909090909092,13.91078125,2936644.734375
2009-09-30,BWA,USD,908255,2009-10-28,2009-10-28 11:07:47,2009,Q3,1027800000.0,876000000.0,151800000.0,0.1476941039,0,0.0,0.0,125900000.0,-1600000.0,124300000.0,1000300000.0,500000.0,13000000.0,66000000.0,100500000.0,0.0977816696,27500000.0,0.0267561782,-6000000.0,21500000.0,0.0209184666,1500000.0,17200000.0,0.0167347733,0.075,0.075,233458000,234990000,https://www.sec.gov/Archives/edgar/data/908255/000095012309053981/0000950123-09-053981-index.htm,https://www.sec.gov/Archives/edgar/data/908255/000095012309053981/c52993e10vq.htm,4.402504947356698,0.0736749222558233,0.224879849908763,0.058254589690651,1.108550574407388,9.298032194227655,4.720763477799005,9.1545374328573,3.6867445107899495,3107325980.0,3696225980.0,45.164621802325584,3.0232788285658687,59.18716152380953,228.47985147058824,1.453923816208123,1.453923816208123,3.596250223778945,36.778367960199006,70.40430438095238,271.78132205882355,0.0055353059546073,0.0043767535455034,0.3966404641587123,0.1769285356486892,5.859701492537313,1.4269865351792148,2.1153846153846154,2.625,0.0001287280454559,0.0232558139534883,0.0,0.0,0.2230338954750375,0.7409523809523809,0.0378478303171823,0.5893939393939394,0.0052539404553415,3.895554679016864,0.0068461690705018,0.0046204265835706,-6.937864626613781,450300000.0,1102100000.0,-1115600000.0,3043900000.0,730350000.0,931250000.0,314050000.0,68.2661996497373,99.986301369863,32.321917808219176,1.3183683940482298,0.9001233045622689,2.784488239033694,0.0080479131574022,0.166625260218112,2009-10-28,0.05,bmo,642375000.0,2025-04-25,2009-09-30,0.6,13.95921875,4899806.9375
2009-06-30,BWA,USD,908255,2009-07-29,2009-07-29 16:27:36,2009,Q2,916200000.0,800000000.0,116200000.0,0.1268282034,0,0.0,0.0,115400000.0,0.0,115400000.0,915400000.0,700000.0,9000000.0,62900000.0,18900000.0,0.0206286837,-49500000.0,-0.0540275049,-3500000.0,-53000000.0,-0.0578476315,-19100000.0,-35900000.0,-0.0391835844,-0.15,-0.15,233128000,233128000,https://www.sec.gov/Archives/edgar/data/908255/000095012309027003/0000950123-09-027003-index.htm,https://www.sec.gov/Archives/edgar/data/908255/000095012309027003/c52544e10vq.htm,3.930029854843691,-0.1539926563947702,0.4538279400157853,0.2406403349233039,1.1019697333653615,8.934147764318315,4.398871006485708,8.82605264060945,3.736144950413507,3501582560.0,4106682560.0,-24.384279665738163,3.821853918358437,33.09624347826087,62.41680142602495,1.7017800155520997,1.7017800155520997,4.482299235974678,217.28479153439156,38.81552514177694,73.20289768270945,-0.0102525070835399,0.0160213272252532,0.4189346811819596,0.186944263717198,32.01587301587302,1.415896863262613,-5.5,-3.1867469879518078,0.0010566650754623,-0.1030640668523676,0.0,0.0,0.2292995011927998,0.4697542533081285,0.0542457978607291,0.7901430842607313,0.0079676926435276,,-0.0087319895073545,-0.0101021470579958,-6.879160804364984,409700000.0,1025500000.0,-1133400000.0,2969100000.0,651600000.0,870350000.0,332950000.0,66.90569744597249,100.04625,35.268750000000004,1.3451769196887389,0.8995839424266276,2.5518341307815,-0.0174475116640746,0.2131876050924813,2009-07-29,-0.00731,bmo,1374300000.0,2025-04-25,2009-06-30,1.7359781121751026,13.043809523809523,5911784.031746032
2009-03-31,BWA,USD,908255,2009-04-30,2009-04-30 14:45:28,2009,Q1,819500000.0,739900000.0,79600000.0,0.0971323978,0,0.0,0.0,74100000.0,0.0,74100000.0,814000000.0,500000.0,19100000.0,63100000.0,69300000.0,0.0845637584,5500000.0,0.0067114094,-18400000.0,-12900000.0,-0.0157413057,-6600000.0,-7000000.0,-0.0085417938,-0.0302,-0.0302,232058000,232058000,https://www.sec.gov/Archives/edgar/data/908255/000095013709003432/0000950137-09-003432-index.htm,https://www.sec.gov/Archives/edgar/data/908255/000095013709003432/c50890e10vq.htm,3.53144472502564,-0.0301648725749597,0.29303019072818,0.1266924648148307,0.3912814899723345,8.562083617026778,4.088633014160253,8.450473588499428,3.171620887881478,2072277940.0,2698377940.0,-74.00992642857143,2.528710115924344,30.474675588235293,70.48564421768708,1.0567455073941865,1.0567455073941865,3.292712556436852,38.93763261183261,39.68202852941177,91.781562585034,-0.0033779252603538,0.014187286093486,0.3655787863335033,0.1646645382088798,9.034632034632034,1.0696669666966696,0.2879581151832461,-9.714285714285714,0.0088791178272157,-2.628571428571429,0.0,0.0,0.2384408663895078,0.5676470588235294,0.0471018913971934,0.6117274167987322,0.0063453325198291,,0.000828336420769,-0.0021112317529255,-7.038003430176938,77400000.0,948800000.0,-1178400000.0,2625600000.0,614600000.0,887200000.0,401800000.0,68.3209273947529,103.56264360048657,42.865252061089336,1.3173123292075228,0.8690392295043458,2.099602724177072,-0.0035696073431922,0.1663377259133492,2009-04-30,-0.1,bmo,1365833333.0,2025-04-25,2009-03-31,-0.4000000000000001,8.418196721311475,6068190.606557377
2008-12-31,BWA,USD,908255,2009-02-12,2009-02-12 14:29:59,2008,Q4,931500000.0,857600000.0,73900000.0,0.0793344069,0,0.0,0.0,92500000.0,10500000.0,103000000.0,960600000.0,0.0,0.0,63400000.0,34300000.0,0.0368223296,-131600000.0,-0.1412775094,-2100000.0,-133700000.0,-0.1435319377,-54400000.0,-81400000.0,-0.0873859367,-0.35,-0.35,231066000,232058000,https://www.sec.gov/Archives/edgar/data/908255/000095013709001021/0000950137-09-001021-index.htm,https://www.sec.gov/Archives/edgar/data/908255/000095013709001021/c49098e10vk.htm,4.031315727973825,-0.3522803008664191,0.587278093704829,0.1367574632356123,0.4474911929924783,8.817826941220257,3.621043338266989,8.681502254767036,3.376957232998364,2211301620.0,2888201620.0,-6.791466891891893,2.373914782608696,16.295516728076638,69.97789936708861,1.102343778664008,1.102343778664008,3.1005921846484163,84.20412886297376,21.283726013264555,91.39878544303798,-0.0368108987321232,0.0142902260434286,0.3889830508474576,0.1680232558139535,19.73469387755102,1.04656,0.0,-1.6670761670761671,4.522223431464768e-05,-0.0012285012285012,0.0,0.0,0.2585701981050818,0.7671333824613117,0.1117552334943639,1.6419558359621451,0.0,,-0.0210123160044633,-0.0236407992565055,-7.885950334536453,58200000.0,836700000.0,-1298300000.0,2845200000.0,728100000.0,951700000.0,475450000.0,58.65700483091788,96.8633395522388,47.35074626865672,1.534343600724757,0.9291440953412784,1.900709219858156,-0.0405782652043868,0.4505206304692166,2009-02-12,-0.17539,bmo,5675092439.0,2025-04-25,2008-12-31,0.9999429842066256,9.6446875,4910666.828125
2008-09-30,BWA,USD,908255,2008-10-29,2008-10-29 17:30:35,2008,Q3,1316900000.0,1114600000.0,202300000.0,0.1536183461,0,0.0,0.0,134800000.0,144200000.0,279000000.0,1393600000.0,2200000.0,11200000.0,70200000.0,-22300000.0,-0.016933708,-101700000.0,-0.0772268206,200000.0,-103700000.0,-0.0787455388,24300000.0,-130400000.0,-0.0990204268,-0.56,-0.56,231998000,231998000,https://www.sec.gov/Archives/edgar/data/908255/000095013708013304/0000950137-08-013304-index.htm,https://www.sec.gov/Archives/edgar/data/908255/000095013708013304/c47244e10vq.htm,5.676342037431358,-0.5620738109811292,-0.0086207639721032,-0.454314261329839,0.5853498737058078,9.730687333511495,5.128492487004198,9.599220682936922,3.127182130880439,3343091180.0,3921591180.0,-6.409300575153374,2.538606712734452,-1671.5455900000002,-31.71813263757116,1.501163529411765,1.501163529411765,2.977895952615992,-175.8561067264574,-1960.79559,-37.20674743833017,-0.0390058161680172,-0.0315277072400998,0.3207453973955995,0.1461932050757265,-25.94170403587444,1.188212927756654,-9.080357142857142,0.0153374233128834,0.0075977586707641,-0.1947852760736196,0.0,0.0,0.2185223086369218,-51.7,0.0785177310350064,1.4729344729344729,0.0,,-0.0330223971181707,-0.0341513238875939,-6.922581229148527,257400000.0,1189800000.0,-1003500000.0,2936500000.0,900100000.0,1050300000.0,499000000.0,58.02946313311565,79.16382558765477,40.34900412704109,1.5509362854787423,1.1368829049367606,2.2305383229937963,-0.0585541086663673,0.4456934973577358,2008-10-29,0.28,bmo,1676054545.0,2025-04-25,2008-09-30,-0.2142857142857143,17.43015625,3359002.34375
2008-06-30,BWA,USD,908255,2008-07-31,2008-07-31 12:31:25,2008,Q2,1516600000.0,1237800000.0,278800000.0,0.1838322564,0,0.0,0.0,159900000.0,-2100000.0,157800000.0,1395600000.0,2300000.0,10800000.0,81000000.0,213900000.0,0.1410391666,121000000.0,0.0797837268,3400000.0,122100000.0,0.0805090334,29800000.0,87500000.0,0.0576948437,0.38,0.37,232500000,236764000,https://www.sec.gov/Archives/edgar/data/908255/000090825508000067/0000908255-08-000067-index.htm,https://www.sec.gov/Archives/edgar/data/908255/000090825508000067/q1063008.htm,6.523010752688172,0.3763440860215054,0.8283870967741935,0.4550537634408602,0.9716129032258064,11.13548387096774,5.67010752688172,10.988817204301077,2.742795698924731,4538400000.0,4939400000.0,12.966857142857142,2.992483186074113,23.56386292834891,42.89603024574669,1.7763513249050844,1.7763513249050844,3.2568904127653964,23.092099111734456,25.64589823468328,46.68620037807183,0.0192799224396263,0.0233121805041424,0.2453716388116952,0.1152093211305913,1.8747078073866288,1.3438890536932662,11.203703703703704,2.201142857142857,0.0010576414595452,0.0548571428571428,0.0,0.0,0.233524460616753,0.45067497403946,0.0572332849795595,1.0716049382716049,0.0,9.64626706359651,0.0213272869960055,0.0209796916584745,-7.1570967741935485,463700000.0,1318300000.0,-1040300000.0,3436200000.0,953100000.0,1077900000.0,485050000.0,56.44138203877093,81.44934561318468,36.23121667474552,1.594574702975502,1.1049812533476164,2.4840457555689346,0.0342479157696974,0.3733333333333333,2008-07-31,0.38,bmo,1477712820.0,2025-04-25,2008-06-30,0.0263157894736842,21.5109375,2815578.671875
2008-03-31,BWA,USD,908255,2008-05-02,2008-05-02 12:00:11,2008,Q1,1498900000.0,1215400000.0,283500000.0,0.1891387017,0,0.0,0.0,155700000.0,1100000.0,156800000.0,1372200000.0,1900000.0,6500000.0,72200000.0,208000000.0,0.1387684302,126700000.0,0.0845286543,4500000.0,129300000.0,0.0862632597,33600000.0,88700000.0,0.0591767296,0.38,0.38,232494000,236932000,https://www.sec.gov/Archives/edgar/data/908255/000090825508000047/0000908255-08-000047-index.htm,https://www.sec.gov/Archives/edgar/data/908255/000090825508000047/q10033108.htm,6.447048095864839,0.3815152218981995,0.3204383769043502,-0.0038710676404552,0.925615284695519,11.189105955422503,6.028542672068957,10.664361230827462,3.166103211265667,4398786480.0,4924986480.0,12.39793258173619,2.934676416038428,59.04411382550336,-4887.540533333334,1.7741334516415264,1.7741334516415264,3.2857338581626525,23.677819615384617,66.10720107382551,-5472.2072,0.0201646523202008,-0.0002046018837449,0.2942647414697104,0.1379936450295052,2.5298076923076924,1.3222837473810236,19.49230769230769,0.8399098083427283,0.0047740439540498,0.2367531003382187,0.0,0.0,0.226925404751097,1.0120805369127517,0.0503035559410234,1.0443213296398892,0.0036693575288544,9.567855725348712,0.022149807036645,0.0217008367177178,-6.530813698418024,430700000.0,1401600000.0,-918700000.0,3302700000.0,878750000.0,830950000.0,459700000.0,57.34805524050971,76.68586473588942,34.93664637156492,1.569364464453984,1.1736191579760524,2.576091564222128,0.0357747842219891,0.3243094445448055,2008-05-02,0.33,bmo,1301676315.0,2025-04-25,2008-03-31,0.1515151515151514,19.6944262295082,3012748.229508197
2007-12-31,BWA,USD,908255,2008-02-14,2008-02-14 16:57:56,2007,Q4,1372900000.0,1115200000.0,257700000.0,0.1877048583,0,0.0,0.0,135900000.0,-1200000.0,134700000.0,1249900000.0,0.0,0.0,74700000.0,197700000.0,0.1440017481,123000000.0,0.0895913759,4300000.0,127300000.0,0.0927234322,48100000.0,71200000.0,0.0518610241,0.31,0.3,232494000,236932000,https://www.sec.gov/Archives/edgar/data/908255/000090825508000021/0000908255-08-000021-index.htm,https://www.sec.gov/Archives/edgar/data/908255/000090825508000021/form10k.htm,5.905098626201107,0.306244462222681,1.0211016198267482,0.5939938234965203,0.873570930862732,10.490593305633691,4.866362142678951,9.983483444734055,2.736844821801853,4949797260.0,5397597260.0,17.37990610955056,3.605358919076408,20.85003058129739,35.842123533671256,2.1325221920641075,2.1325221920641075,3.931529798237308,27.301958826504805,22.736298483572032,39.08470137581463,0.0143844275351188,0.0279001326207853,0.2741372625048468,0.1283250983160229,2.265048052604957,1.457975828028416,0.0,3.3342696629213484,0.001979879070845,0.1376404494382022,0.0,0.0,0.2637087828980538,0.4182813816343723,0.0723286473887391,1.329317269076305,0.0,8.294045856482617,0.0194309079291991,0.0195020405927305,-6.412208487100743,496400000.0,1131400000.0,-939200000.0,3413100000.0,836250000.0,794750000.0,449250000.0,52.60106344234831,50.54429698708751,36.12266857962697,1.7109920239282153,1.7806163180584385,2.4915102770330653,0.030675110938779,0.4271077963302279,2008-02-07,0.35,bmo,1298689189.0,2025-04-25,2007-12-31,0.0571428571428572,21.4934375,2163938.046875
2007-09-30,BWA,USD,908255,2007-10-25,2007-10-25 14:50:17,2007,Q3,1313600000.0,1084900000.0,228700000.0,0.1741017052,0,0.0,0.0,134100000.0,-3700000.0,130400000.0,1215300000.0,0.0,8400000.0,63800000.0,98300000.0,0.0748325213,98300000.0,0.0748325213,-4200000.0,99800000.0,0.0759744214,10900000.0,83200000.0,0.0633373934,0.36,0.35,231996000,236108000,https://www.sec.gov/Archives/edgar/data/908255/000095013707015989/0000950137-07-015989-index.htm,https://www.sec.gov/Archives/edgar/data/908255/000095013707015989/c19277e10vq.htm,5.662166589079122,0.3586268728771186,0.6150968120140002,0.3043155916481319,0.7599268952912981,10.189830859152744,5.391903308677736,9.460507939792066,2.628924636631666,4848716400.0,5312816400.0,14.56946033653846,3.6911665651644334,33.978391030133146,68.67870254957506,2.209183706943685,2.209183706943685,4.044470462850183,54.04696236012207,37.23066853538893,75.25235694050991,0.0171591805204362,0.0145605546243125,0.2740568616730454,0.1239133121832639,4.721261444557477,1.5815122800232064,11.702380952380953,1.7151442307692308,0.0011549448427216,0.0673076923076923,0.0,0.0,0.2293065798689794,0.5052557813594954,0.0548873325213154,1.1300940438871474,0.0,8.737152196867555,0.0227019853401028,0.0222394482906097,-6.189223090053277,601400000.0,1250900000.0,-854600000.0,3239400000.0,859200000.0,944400000.0,437750000.0,59.61403775883069,79.90413863028851,37.405290810212925,1.5097115274106423,1.1263496677740863,2.406076735418053,0.0379077820302533,0.3107812203658683,2007-10-25,0.26,bmo,1219771428.0,2025-04-25,2007-09-30,0.0769230769230769,19.09857142857143,2004466.0793650795
2007-06-30,BWA,USD,908255,2007-07-26,2007-07-26 14:52:53,2007,Q2,1364300000.0,1116700000.0,247600000.0,0.1814850106,0,0.0,0.0,135200000.0,-1200000.0,134000000.0,1250700000.0,0.0,9300000.0,61800000.0,113600000.0,0.0832661438,113600000.0,0.0832661438,-7400000.0,106200000.0,0.0778421168,30500000.0,75700000.0,0.05548633,0.33,0.32,232200000,235632000,https://www.sec.gov/Archives/edgar/data/908255/000090825507000077/0000908255-07-000077-index.htm,https://www.sec.gov/Archives/edgar/data/908255/000090825507000077/q63007.htm,5.875538329026701,0.3260120585701981,0.6063738156761412,0.3298880275624462,0.7618432385874246,9.415590008613265,4.698105081826012,8.720499569336779,2.8195521102497847,4393224000.0,4920124000.0,14.508665785997358,3.220130469838012,31.201875000000005,57.35279373368146,2.1696004740974866,2.1696004740974866,3.606335849886389,43.31095070422536,34.9440625,64.23138381201045,0.0172310813197779,0.0174359422601715,0.3187317892241592,0.1351453220537733,4.638204225352113,1.509205380139273,12.21505376344086,1.85997357992074,0.0057816309844433,0.3355350066050198,0.0,0.0,0.229374319457241,0.4559659090909091,0.0470570988785457,1.0388349514563109,0.0,7.997951635769012,0.0217247778807993,0.0205695342644421,-6.735034453057709,533800000.0,1090900000.0,-1007200000.0,3105900000.0,821850000.0,912550000.0,424800000.0,55.960565857949135,74.59837019790454,34.2204710307155,1.6082753742779676,1.2064606741573034,2.6300047103155912,0.0373845622006024,0.276485788113695,2007-07-26,0.32,bmo,1364300000.0,2025-04-25,2007-06-30,0.0,17.68047619047619,1723907.984126984
2007-03-31,BWA,USD,908255,2007-04-26,2007-04-26 15:43:35,2007,Q1,1277800000.0,1061900000.0,215900000.0,0.1689622789,0,0.0,0.0,126700000.0,-700000.0,126000000.0,1187900000.0,0.0,8900000.0,64300000.0,89900000.0,0.0703552982,89900000.0,0.0703552982,-7100000.0,90200000.0,0.0705900767,24400000.0,58400000.0,0.045703553,0.25,0.25,231664000,234476000,https://www.sec.gov/Archives/edgar/data/908255/000090825507000065/0000908255-07-000065-index.htm,https://www.sec.gov/Archives/edgar/data/908255/000090825507000065/testq.htm,5.515746943849713,0.252089232681815,0.3565508667725671,0.1048932937357552,0.7601526348504731,9.0834139098004,4.376165481041508,8.425564610815664,3.038452241176877,3840989119.999999,4417889120.0,16.442590410958903,3.005939208013773,46.50107893462469,158.06539588477364,1.967820646549516,1.967820646549516,3.457418312724996,49.1422593993326,53.48534043583536,181.8061366255144,0.0152044169289393,0.0063264954002264,0.356063322916133,0.1477057785901005,6.4171301446051165,1.4580957810718358,10.101123595505618,1.4143835616438356,0.0025514261284864,0.1678082191780822,0.0,0.0,0.2317599302913735,0.7058111380145279,0.0456252934731569,0.906687402799378,0.003286899358272,6.913021600368428,0.0179531750098136,0.0161558039172291,-6.97497237378272,482100000.0,1013800000.0,-1066500000.0,3033200000.0,769700000.0,871450000.0,405950000.0,56.022851776490846,76.23599208965064,36.020340898389684,1.606487301986422,1.180544747081712,2.4985882352941178,0.0299195655515139,0.2516575730368119,2007-04-26,0.29,bmo,1277800000.0,2025-04-25,2007-03-31,0.0,15.65,2362053.9672131147
2006-12-31,BWA,USD,908255,2007-02-16,2007-02-16 17:11:49,2006,Q4,1201700000.0,989500000.0,212200000.0,0.1765831738,0,0.0,0.0,127500000.0,-1700000.0,125800000.0,1115300000.0,0.0,0.0,72900000.0,159300000.0,0.1325622035,12200000.0,0.0101522843,-1800000.0,10400000.0,0.0086544063,-37800000.0,40900000.0,0.0340351169,0.18,0.17,231664000,234476000,https://www.sec.gov/Archives/edgar/data/908255/000095013707002405/0000950137-07-002405-index.htm,https://www.sec.gov/Archives/edgar/data/908255/000095013707002405/c12236e10vk.htm,5.187253954002348,0.1765487948062711,0.739864631535327,0.4100766627529525,0.7873471924856689,8.795065266938325,3.5853650113958144,8.095344982388287,3.112697700117411,3006998720.0,3604798720.0,18.380187775061128,2.5022873595739368,17.54374982497083,31.65261810526316,1.6033905940066118,1.6033905940066118,2.999749288507947,22.62899384808537,21.03149778296383,37.94524968421052,0.013601602065198,0.0315929632321226,0.3845046390103445,0.1573080279232111,3.752667922159448,1.389157325086973,0.0,4.190709046454768,0.002693715812423,0.1980440097799511,0.0,0.0,0.2632853403141361,0.4457409568261377,0.063576599816926,1.0480109739369,0.0,5.6707606636223895,0.0152779885142283,0.0121109827958899,-6.96115926514262,402700000.0,830600000.0,-1109000000.0,3070300000.0,719800000.0,818900000.0,383400000.0,55.721061829075474,76.71147043961597,35.19050025265285,1.6151881720430108,1.173227412852739,2.557508400103386,0.0218086808147595,0.3297879687823745,2007-02-08,0.24,bmo,1153632000.0,2025-04-25,2006-12-31,0.0416666666666667,12.8984126984127,1455890.634920635
2006-09-30,BWA,USD,908255,2006-10-27,2006-10-27 16:13:10,2006,Q3,1059800000.0,876500000.0,183300000.0,0.1729571617,0,0.0,0.0,116800000.0,-5600000.0,111200000.0,987700000.0,0.0,9500000.0,59600000.0,131700000.0,0.1242687299,60600000.0,0.0571806001,-1700000.0,58900000.0,0.0555765239,13900000.0,39200000.0,0.036988111,0.17,0.17,229836000,231960000,https://www.sec.gov/Archives/edgar/data/908255/000095013706011533/0000950137-06-011533-index.htm,https://www.sec.gov/Archives/edgar/data/908255/000095013706011533/c09326e10vq.htm,4.611114011730103,0.1705563967350632,0.1631598183052263,-0.0387232635444403,0.6017334099096747,8.794531753076106,3.997633094902452,8.167998050784037,3.3610922570876625,2889038520.0,3585038520.0,18.42499056122449,2.7260223815814304,77.0410272,-324.6110696629213,1.538932786448623,1.538932786448623,3.3827500660501983,27.221249202733485,95.6010272,-402.8133168539326,0.0135685279821052,-0.0030806096694065,0.4064347733446972,0.174316328162482,5.284738041002278,1.2499302909192305,6.378947368421053,0.9566326530612244,0.0031844504447798,0.2346938775510204,0.0,0.0,0.2518790980329441,1.2373333333333334,0.0437818456312511,0.7785234899328859,0.0,5.598646900083696,0.0130356763085259,0.0119709277469003,-6.551845663864669,268900000.0,918800000.0,-1011000000.0,2817200000.0,706150000.0,805400000.0,368600000.0,59.0715229288545,81.56988020536224,39.00855675984028,1.5235767682576191,1.1033484390735149,2.307186101605686,0.0208810525755073,0.2018830818496667,2006-10-27,0.22,bmo,1227136842.0,2025-04-25,2006-09-30,-0.1363636363636363,12.8384126984127,2043292.3015873013
2006-06-30,BWA,USD,908255,2006-07-27,2006-07-27 15:55:07,2006,Q2,1168700000.0,937600000.0,231100000.0,0.1977410798,0,0.0,0.0,124300000.0,-700000.0,123600000.0,1061200000.0,0.0,9900000.0,63000000.0,107500000.0,0.0919825447,107500000.0,0.0919825447,-1400000.0,106100000.0,0.0907846325,29700000.0,70200000.0,0.0600667408,0.31,0.3,229312000,231992000,https://www.sec.gov/Archives/edgar/data/908255/000095013706008178/0000950137-06-008178-index.htm,https://www.sec.gov/Archives/edgar/data/908255/000095013706008178/c07084e10vq.htm,5.096549679039911,0.3061331286631314,0.8071971811331287,0.4042527211833659,0.5608079821378733,8.650659363661736,4.059098520792632,8.042317890036282,3.0338578007256487,3283747840.0,3902347840.0,11.694258689458689,2.8097440232737227,17.740398919502972,35.42338554476807,1.7805811950981458,1.7805811950981458,3.339050089843416,36.300910139534885,21.08237622906537,42.09652470334412,0.0213780117781516,0.0282299386301233,0.3718685608936124,0.1595885788751076,5.754418604651163,1.192591908368742,10.858585858585858,2.6367521367521367,0.0049638403416505,0.2321937321937321,0.0,0.0,0.2450143113117538,0.4991896272285251,0.0790622058697698,1.4666666666666666,0.0,7.442811873953037,0.0224436374487653,0.0216372827025027,-6.405356021490372,208500000.0,930800000.0,-1022500000.0,2720900000.0,710150000.0,796700000.0,349300000.0,55.19209377941302,78.36604095563139,34.297141638225256,1.630668341007395,1.1484566389024988,2.6241253848306747,0.0380652857607634,0.4029444599497627,2006-07-27,0.3,bmo,1168700000.0,2025-04-25,2006-06-30,0.0,13.826666666666668,1704931.1904761903
2006-03-31,BWA,USD,908255,2006-04-27,2006-04-27 16:11:12,2006,Q1,1155200000.0,928800000.0,226400000.0,0.1959833795,0,0.0,0.0,132600000.0,-500000.0,132100000.0,1060900000.0,0.0,9400000.0,61100000.0,94300000.0,0.0816308864,94300000.0,0.0816308864,-6400000.0,94900000.0,0.082150277,26600000.0,61300000.0,0.0530644044,0.27,0.27,228724000,231032000,https://www.sec.gov/Archives/edgar/data/908255/000095013706005056/0000950137-06-005056-index.htm,https://www.sec.gov/Archives/edgar/data/908255/000095013706005056/c04608e10vq.htm,5.050628705339186,0.2680086042566587,0.2102971266679491,-0.0218604081775414,0.5360172085133174,8.162239205330442,3.6292649656354383,7.581189555971389,3.420716671621693,3019156800.0,3735356800.0,12.313037520391516,2.6135360110803325,62.76833264033264,-603.83136,1.7411515570934255,1.7411515570934255,3.233515235457064,39.61141887592789,77.65814553014553,-747.07136,0.0203036821406559,-0.0016560915286016,0.4457900807381776,0.1837763301792591,7.594909862142099,1.163123201188376,10.03191489361702,0.7846655791190864,0.0060281731641099,0.2969004893964111,0.0,0.0,0.2464932718368123,1.1039501039501038,0.0459660664819944,0.8690671031096563,0.0025103878116343,6.761363820175159,0.020013026960501,0.0193412002271723,-6.638350151274024,175700000.0,830100000.0,-1086500000.0,2514000000.0,664850000.0,781700000.0,336650000.0,54.81648199445984,75.29069767441861,33.07170542635659,1.641841955656623,1.1953667953667957,2.72135950776443,0.0353517877739331,0.2321575348454906,2006-04-27,0.26,bmo,1112414814.0,2025-04-25,2006-03-31,0.0384615384615384,12.516290322580645,2104531.709677419
2005-12-31,BWA,USD,908255,2006-02-17,2006-02-17 17:22:16,2005,Q4,1048000000.0,848500000.0,199500000.0,0.1903625954,0,0.0,0.0,110100000.0,-900000.0,109200000.0,957700000.0,0.0,0.0,62700000.0,153000000.0,0.1459923664,90300000.0,0.0861641221,2200000.0,92500000.0,0.0882633588,23100000.0,64600000.0,0.0616412214,0.28,0.28,228724000,231032000,https://www.sec.gov/Archives/edgar/data/908255/000095013706002007/0000950137-06-002007-index.htm,https://www.sec.gov/Archives/edgar/data/908255/000095013706002007/c02047e10vk.htm,4.581941554012697,0.282436473653836,0.6291425473496441,0.2072366695230933,0.5696822371067313,7.783616935695424,3.2812472674489777,7.188576625102744,3.237526451093895,3048890920.0,3699690920.0,11.79911346749226,2.9092470610687022,21.187567199444057,64.32259324894515,1.8543309329765232,1.8543309329765232,3.530239427480916,24.18098640522876,25.71015232800556,78.05255105485232,0.0211880325321707,0.0155466368734503,0.4503710010947573,0.1810779087396684,4.25359477124183,1.0415292754656449,0.0,2.227554179566563,0.0053462063509966,0.2523219814241486,0.0,0.0,0.2518217831466718,0.6706045865184156,0.0920801526717557,1.5390749601275917,0.0,6.758854579967621,0.0207362283929375,0.0211138710942606,-6.747105681957294,46600000.0,750500000.0,-1140400000.0,2371300000.0,643450000.0,763500000.0,339900000.0,53.76812977099237,83.41308190925162,35.21508544490277,1.6738540169302027,1.0789674465920651,2.555722891566265,0.0392896241333171,0.4219058778265507,2006-02-09,0.3,bmo,1048000000.0,2025-04-25,2005-12-31,0.0,12.889841269841268,1865399.7142857143
2005-09-30,BWA,USD,908255,2005-10-26,2005-10-26 17:16:19,2005,Q3,1050900000.0,842700000.0,208200000.0,0.1981159007,0,0.0,0.0,120000000.0,-2300000.0,117700000.0,960400000.0,0.0,0.0,62200000.0,90500000.0,0.0861166619,90500000.0,0.0861166619,-3900000.0,86600000.0,0.0824055571,19600000.0,61400000.0,0.058426111,0.27,0.27,227244000,229932000,https://www.sec.gov/Archives/edgar/data/908255/000095013705012919/0000950137-05-012919-index.htm,https://www.sec.gov/Archives/edgar/data/908255/000095013705012919/c99246e10vq.htm,4.624544542430163,0.2701941525408812,0.305838658006372,0.0814102902606889,0.6138775941278978,7.722536128566651,3.248930664836035,7.153104152364859,3.523085317984193,2822370480.0,3483470480.0,11.49173648208469,2.685669882957465,40.6096471942446,152.5605664864865,1.7363091233466623,1.7363091233466623,3.314749719288229,38.49138651933702,50.121877410071946,188.2957016216216,0.0217547626844509,0.0065547737730023,0.4925253768071362,0.1924611760180778,7.304972375690608,1.298552852348993,0.0,1.1319218241042346,0.0027990655571199,0.1286644951140065,0.0,0.0,0.2443867493629501,0.7338129496402878,0.0485298315729374,0.819935691318328,0.0,6.594418516890616,0.0218381014959036,0.0195342326291677,-7.022847687947756,284700000.0,738300000.0,-1166600000.0,2558300000.0,650700000.0,741350000.0,349500000.0,56.59149300599486,79.09576361694553,37.14489142043431,1.5903450363196123,1.137861193626789,2.422944220816561,0.0377729929252537,0.224428367745683,2005-10-26,0.24,bmo,1008864000.0,2025-04-25,2005-09-30,0.0416666666666667,12.6990625,1636113.671875
2005-06-30,BWA,USD,908255,2005-07-29,2005-07-29 17:22:29,2005,Q2,1111400000.0,878900000.0,232500000.0,0.2091956091,0,0.0,0.0,130900000.0,43000000.0,173900000.0,1052800000.0,0.0,0.0,67100000.0,125800000.0,0.1131905705,58600000.0,0.0527262912,-1900000.0,56800000.0,0.0511067123,12800000.0,35900000.0,0.0323016016,0.16,0.16,226024000,228668000,https://www.sec.gov/Archives/edgar/data/908255/000095013705009307/0000950137-05-009307-index.htm,https://www.sec.gov/Archives/edgar/data/908255/000095013705009307/borgwarner10q.htm,4.917176936962447,0.1588326903337698,0.6225002654585354,0.4017272502035182,0.6486036881039182,7.498761193501575,2.994814709942307,6.921388879057091,3.6677520971224298,2667083200.0,3349483200.0,18.57300278551532,2.399750944754364,18.95581520966596,29.373162995594715,1.7048601380721045,1.7048601380721045,3.013751304660788,26.6254626391097,23.805850746268657,36.88858149779736,0.0134603974859127,0.0340446822206371,0.5299156226029148,0.2003915975730619,5.424483306836248,1.2503069995906673,0.0,3.908333333333333,0.002962037329769,0.2200557103064067,0.0,0.0,0.2460779810969566,0.3546552949538024,0.0448983264351268,0.7436661698956781,0.0,4.973450851411387,0.0135704063248282,0.0115104684343839,-7.252990832831912,244600000.0,676900000.0,-1220200000.0,2520200000.0,647650000.0,709600000.0,341100000.0,51.87511247075761,75.99158038457162,35.96313573785413,1.7349359975023415,1.1843417329200916,2.5025626423690204,0.0229480951163385,0.2207730152550171,2005-07-28,0.28,bmo,1111400000.0,2025-04-25,2005-06-30,0.0,11.10640625,2232452.453125
2005-03-31,BWA,USD,908255,2005-05-10,2005-05-09 18:58:50,2005,Q1,1083500000.0,869800000.0,213700000.0,0.1972311952,0,0.0,0.0,134200000.0,-4100000.0,130100000.0,999900000.0,0.0,9300000.0,63500000.0,83600000.0,0.0771573604,83600000.0,0.0771573604,-5300000.0,78300000.0,0.0722658053,-300000.0,77600000.0,0.0716197508,0.35,0.34,225704000,228612000,https://www.sec.gov/Archives/edgar/data/908255/000095013705005593/0000950137-05-005593-index.htm,https://www.sec.gov/Archives/edgar/data/908255/000095013705005593/c95112e10vq.htm,4.800535214262928,0.3438131357884663,0.187856661822564,-0.0305710133626342,0.7230709247510013,7.532874915818948,2.937032573636267,6.987913373267642,4.096958848757665,2415032800.0,3167232800.0,7.780389175257732,2.228918135671435,56.95832075471698,-350.0047536231884,1.5312153182855692,1.5312153182855692,2.92314979233964,37.88555980861244,74.69888679245283,-459.0192463768116,0.0321320687652772,-0.0028571040525826,0.5803956378392088,0.2176207683529859,8.997607655502392,1.2671621761123155,8.989247311827956,0.5463917525773195,0.0032711771036815,0.1018041237113402,0.0,0.0,0.2466004184100418,1.1627358490566038,0.0455006922011998,0.7763779527559055,0.0,7.352351271078485,0.0241956828835803,0.0244864472563188,-7.472065182717187,258800000.0,662900000.0,-1278700000.0,2595800000.0,576900000.0,642550000.0,277200000.0,54.38209506229811,70.06093354794206,34.24925270177052,1.654956468611578,1.2845960714813174,2.6277945619335346,0.0492011159015977,0.2184276751851983,2005-04-28,0.24,bmo,1083500000.0,2025-04-25,2005-03-31,0.0,11.48672131147541,1672020.9672131147
2004-12-31,BWA,USD,908255,2005-03-15,2005-03-15 12:28:44,2004,Q4,889200000.0,725500000.0,163700000.0,0.1840980657,0,0.0,0.0,79100000.0,2600000.0,81700000.0,807200000.0,0.0,0.0,46700000.0,128700000.0,0.1447368421,82000000.0,0.0922177238,1000000.0,83000000.0,0.0933423302,13500000.0,67700000.0,0.0761358525,0.3,0.3,225704000,228612000,https://www.sec.gov/Archives/edgar/data/908255/000095013705003025/0000950137-05-003025-index.htm,https://www.sec.gov/Archives/edgar/data/908255/000095013705003025/c92839e10vk.htm,3.9396732002977353,0.2999503774855563,0.4691985963917343,0.1227271116152128,1.0177046042604474,6.895757275015064,3.081912593485273,6.797398362457024,2.5896749725303936,2688134640.0,3042934640.0,9.926641949778434,3.02309338731444,25.383707648725213,97.04457184115525,1.7521409464215878,1.7521409464215878,3.4221037336932074,23.643625796425795,28.73403814919736,109.85323610108304,0.0251847504186025,0.0103045433765921,0.3809803154738626,0.1656229633617636,2.756798756798757,1.6184091593853571,0.0,1.564254062038405,0.0026040362323518,0.103397341211226,0.0,0.0,0.243914879147658,0.7384324834749764,0.0879442195231668,1.6745182012847966,0.0,6.773097489821067,0.023826306684159,0.0253719596746992,-5.569130365434374,410500000.0,695600000.0,-898400000.0,2348500000.0,498100000.0,575200000.0,222400000.0,50.516194331983804,75.42384562370779,27.71330117160579,1.7816068924063313,1.1932565789473684,3.247538048343778,0.0441272324338417,0.3464714847765214,2005-02-04,0.25,bmo,711360000.0,2025-04-25,2004-12-31,0.1999999999999999,10.60453125,1787452.578125
2004-09-30,BWA,USD,908255,2004-11-09,2004-11-09 11:03:51,2004,Q3,839800000.0,694700000.0,145100000.0,0.1727792332,0,0.0,0.0,77400000.0,-500000.0,76900000.0,771600000.0,0.0,0.0,43100000.0,111300000.0,0.1325315551,68200000.0,0.0812098119,-1300000.0,66900000.0,0.0796618242,20100000.0,44800000.0,0.0533460348,0.2,0.2,224100000,226600000,https://www.sec.gov/Archives/edgar/data/908255/000090825504000102/0000908255-04-000102-index.htm,https://www.sec.gov/Archives/edgar/data/908255/000090825504000102/cascii.txt,3.7474341811691207,0.1999107541276216,0.4426595269968764,0.253012048192771,0.8433734939759037,6.551539491298527,2.750111557340473,6.464970995091477,2.63409192324855,2133432000.0,2534732000.0,11.9053125,2.540404858299595,21.506370967741933,37.626666666666665,1.472551076753175,1.472551076753175,3.018256727792332,22.773872416891283,25.55173387096774,44.70426807760141,0.0209990287949182,0.0265768958185683,0.4074406405300939,0.1796026409468464,3.605570530098832,1.8109788594777048,0.0,2.2142857142857144,0.0032810982492059,0.15625,0.0,0.0,0.2591961541972191,0.4284274193548387,0.0506072874493927,0.9860788863109048,0.0,5.392530723922079,0.0174689381715641,0.0183998685723673,-5.11367692994199,456500000.0,616300000.0,-799100000.0,2315700000.0,494150000.0,545950000.0,218500000.0,53.27339842819718,70.26918094141355,28.68288469843098,1.6893985113659225,1.280789085545723,3.1377597109304425,0.0309221424627277,0.1896474788041053,2004-10-25,0.19,bmo,795600000.0,2025-04-25,2004-09-30,0.0526315789473684,9.73375,1822084.515625
2004-06-30,BWA,USD,908255,2004-08-06,2004-08-06 16:24:22,2004,Q2,893200000.0,723400000.0,169800000.0,0.1901030004,0,0.0,0.0,87800000.0,600000.0,88400000.0,811800000.0,0.0,0.0,43700000.0,125100000.0,0.1400582176,81400000.0,0.0911330049,700000.0,82100000.0,0.091916704,24600000.0,54700000.0,0.0612404837,0.25,0.24,223064000,225532000,https://www.sec.gov/Archives/edgar/data/908255/000090825504000063/0000908255-04-000063-index.htm,https://www.sec.gov/Archives/edgar/data/908255/000090825504000063/qdrft.txt,4.004231969300291,0.2452211024638668,0.6939712369544166,0.4980633360829179,0.6455546390273643,6.271742638883908,2.458487250295879,6.193738120001434,2.613151382562852,2148106320.0,2587006320.0,9.817670566727603,2.404955575459024,13.87665581395349,19.334890369036906,1.5547961204400698,1.5547961204400698,2.896334885803851,20.67950695443645,16.711927131782947,23.285385418541853,0.0254642889370578,0.0517199725942801,0.4219021424435437,0.1824527356955051,3.5083932853717026,1.672282042375825,0.0,2.829981718464351,0.0032586841418538,0.1279707495429616,0.0,0.0,0.2662451483660949,0.2822997416020671,0.0489252127183161,1.0,0.0,5.845835614228532,0.0216932055610246,0.0233341865028581,-5.270236344726177,387100000.0,548400000.0,-832900000.0,2228600000.0,503400000.0,550400000.0,215650000.0,49.49395432154053,68.36466685098148,26.82333425490738,1.8184039087947883,1.3164695177434032,3.355287569573284,0.0395917776491024,0.1959079008714987,2004-07-29,0.23,bmo,854365217.0,2025-04-25,2004-06-30,0.0434782608695651,9.270645161290322,2125699.5483870967
2004-03-31,BWA,USD,908255,2004-05-07,2004-05-07 11:26:27,2004,Q1,903100000.0,730500000.0,172600000.0,0.1911194774,0,0.0,0.0,94700000.0,300000.0,95000000.0,825500000.0,0.0,0.0,43500000.0,121100000.0,0.1340936773,77600000.0,0.085926254,-1000000.0,76600000.0,0.0848189569,22900000.0,51100000.0,0.0565828812,0.23,0.23,221776000,224176000,https://www.sec.gov/Archives/edgar/data/908255/000090825504000035/0000908255-04-000035-index.htm,https://www.sec.gov/Archives/edgar/data/908255/000090825504000035/qskip.txt,4.072126830675997,0.2304126686386263,0.3007539138590289,0.1181372195368299,0.3548625640285693,6.107513887886877,2.267152442103744,6.039427169756872,2.760442969482721,2069170080.0,2602670080.0,10.123141291585128,2.29118600376481,31.022040179910043,78.9759572519084,1.5448484993280571,1.5448484993280571,2.8819290001107296,21.491908175061933,39.02054092953523,99.33855267175572,0.0246958916011389,0.0126620814080203,0.4570703299985068,0.1931352135781437,4.405450041288192,1.5604100151235087,0.0,1.3052837573385518,0.0033346702944786,0.1350293542074364,0.0,0.0,0.268692031042968,0.6071964017991005,0.0448455320562506,0.9310344827586208,0.0,5.595543937163474,0.0210546653713224,0.022043915275441,-5.600470745256475,333500000.0,502800000.0,-886700000.0,2178600000.0,465250000.0,512650000.0,208500000.0,51.38301406267302,67.92197125256673,26.57494866529774,1.7515515903801395,1.325049882096862,3.386648122392212,0.0381514110795878,0.1826166943221989,2004-04-22,0.23,bmo,903100000.0,2025-04-25,2004-03-31,0.0,9.926612903225807,2423501.6129032257
2003-12-31,BWA,USD,908255,2004-03-12,2004-03-12 16:18:00,2003,Q4,798800000.0,639700000.0,159100000.0,0.1991737606,0,0.0,0.0,83500000.0,-300000.0,83200000.0,722900000.0,0.0,0.0,45200000.0,121100000.0,0.1516024036,75900000.0,0.0950175263,-2700000.0,73200000.0,0.0916374562,20900000.0,50000000.0,0.0625938908,0.23,0.22,221776000,224176000,https://www.sec.gov/Archives/edgar/data/908255/000095013704001801/0000950137-04-001801-index.htm,https://www.sec.gov/Archives/edgar/data/908255/000095013704001801/c82811e10vk.htm,3.601832479619075,0.2254527090397518,0.3900331866387707,0.0838684077627876,0.5099740278479186,5.760767621383739,1.9190534593463675,5.683211889474064,2.9038308924320035,2073605600.0,2604505600.0,10.368028,2.5959008512769155,23.972319075144505,111.48417204301076,1.6451964455728338,1.6451964455728338,3.2605227841762643,21.507065235342697,30.10989132947977,140.02718279569893,0.0241125892021124,0.0089698831831858,0.5109489051094891,0.2119187864029747,4.383980181668043,1.753348926217308,0.0,1.73,0.002363033741807,0.098,0.0,0.0,0.2803646056138734,0.784971098265896,0.0850025037556334,1.502212389380531,0.0,5.369278268249768,0.0210304422402294,0.0228634139649732,-5.574881862780464,354300000.0,425600000.0,-936700000.0,2191600000.0,397950000.0,461400000.0,199850000.0,46.74636955433149,66.68750977020478,28.32108801000469,1.92528320077127,1.34957805907173,3.177844013909588,0.0396699460488733,0.306164778875983,2004-02-05,0.22,bmo,762490909.0,2025-04-25,2003-12-31,0.0454545454545455,8.71453125,2042112.5
2003-09-30,BWA,USD,908255,2003-11-13,2003-11-13 14:35:58,2003,Q3,725200000.0,595900000.0,129300000.0,0.1782956426,0,0.0,0.0,72700000.0,100000.0,72800000.0,668700000.0,0.0,0.0,40200000.0,96700000.0,0.1333425262,56500000.0,0.0779095422,-4500000.0,52000000.0,0.0717043574,14200000.0,35900000.0,0.0495035852,0.17,0.16,217976000,220256000,https://www.sec.gov/Archives/edgar/data/908255/000090825503000072/0000908255-03-000072-index.htm,https://www.sec.gov/Archives/edgar/data/908255/000090825503000072/q903.txt,3.3269717767093625,0.1646970308657833,0.2986567328513231,0.1183616544940727,0.4899621976731383,5.479502330531802,1.6075164238264763,5.410687415128271,2.9718868132271443,1626100960.0,2167100960.0,11.323822841225628,2.2422793160507446,24.97850937019969,63.02716899224807,1.37875272172291,1.37875272172291,2.9882804191947048,22.410558014477765,33.28880122887865,83.99616124031007,0.0220773499820084,0.0158661735246746,0.5492623367814142,0.2203776152406872,5.594622543950362,1.5469295543232695,0.0,1.8133704735376044,0.003013343033756,0.1364902506963788,0.0,0.0,0.2871236604864773,0.6036866359447005,0.0541919470490899,0.9776119402985076,0.0,4.477755400289966,0.0166590224085965,0.0171319494154139,-5.749944948067677,266300000.0,350400000.0,-991900000.0,2037900000.0,374000000.0,450800000.0,195500000.0,47.28350799779371,67.78318509817083,29.964759187783187,1.903412073490813,1.3277629233511588,3.0035282258064515,0.0304392063761234,0.1802950783572503,2003-10-27,0.16,bmo,725200000.0,2025-04-25,2003-09-30,0.0,7.48140625,2200182.046875
2003-06-30,BWA,USD,908255,2003-08-13,2003-08-13 12:24:59,2003,Q2,769500000.0,622800000.0,146700000.0,0.1906432749,0,0.0,0.0,77000000.0,100000.0,77100000.0,699900000.0,0.0,0.0,38400000.0,108000000.0,0.1403508772,69600000.0,0.0904483431,-3500000.0,66100000.0,0.085899935,19200000.0,44800000.0,0.0582196231,0.21,0.21,214680000,216864000,https://www.sec.gov/Archives/edgar/data/908255/000090825503000066/0000908255-03-000066-index.htm,https://www.sec.gov/Archives/edgar/data/908255/000090825503000066/q0603.txt,3.5844046953605364,0.208682690516117,0.587385876653624,0.4033910937208869,0.3419042295509595,5.271101173840134,1.344792248928638,5.211011738401342,2.976523197316937,1519934400.0,2085534400.0,8.481776785714287,1.9752233918128657,12.053405233941318,17.551205542725175,1.3586613032984711,1.3586613032984711,2.7102461338531514,19.310503703703706,16.538734337827123,24.08238337182448,0.0294749562875871,0.0569761431809162,0.5711987127916331,0.2237159962188845,5.237037037037037,1.4489498856311085,0.0,2.814732142857143,0.0031580310308129,0.1071428571428571,0.0,0.0,0.2951020551062563,0.3132434575733545,0.0513320337881741,1.0286458333333333,0.0,4.946471355654944,0.0206901954699409,0.0222509188437468,-5.961198062232159,215900000.0,288700000.0,-1027900000.0,1978700000.0,362900000.0,450500000.0,190900000.0,42.92397660818713,65.43352601156069,27.83236994219653,2.096730245231607,1.3754416961130742,3.233644859813084,0.0400464825243586,0.1839947829327371,2003-07-21,0.19,bmo,688500000.0,2025-04-25,2003-06-30,0.1052631578947368,6.40952380952381,2651234.4444444445
2003-03-31,BWA,USD,908255,2003-03-31,2003-03-30 19:00:00,2003,Q1,775700000.0,624200000.0,151500000.0,0.1953074642,0,0.0,0.0,83600000.0,0.0,83600000.0,707800000.0,0.0,0.0,37500000.0,105400000.0,0.1358772721,67900000.0,0.0875338404,-2600000.0,65300000.0,0.0841820291,18900000.0,44200000.0,0.0569807915,0.21,0.21,213176000,214376000,,,3.6387773482943673,0.2073404135549968,0.1369760198146132,0.0182947423724997,0.1214958531917289,4.857957743836079,0.971497729575562,4.810109956092618,3.0434945772507223,1121305760.0,1744205760.0,6.342227149321267,1.4455404924584248,38.40088219178082,287.51429743589745,1.0935300955724596,1.0935300955724596,2.248557122598943,16.54844174573055,59.73307397260274,447.2322461538462,0.0394183295731933,0.003478087903517,0.632728691242442,0.2360732088927701,5.909867172675522,1.3336868901145524,0.0,0.6606334841628959,0.0042807235735594,0.1085972850678733,0.0,0.0,0.3014590837972565,0.8664383561643836,0.0326157019466288,0.6746666666666666,0.0,4.737080242056086,0.0210494625891595,0.0230232315866236,-6.206608623860097,157300000.0,207100000.0,-1084000000.0,1882800000.0,325450000.0,441900000.0,184750000.0,41.62949593915174,64.62351810317206,27.279718039090035,2.161928651059086,1.392681838464971,3.299154334038055,0.0431051297054807,0.1186812774421135,2003-04-22,0.21,bmo,775700000.0,2025-04-25,2003-03-31,0.0,5.619016393442623,2553351.7377049183
2002-12-31,BWA,USD,908255,2003-03-21,2003-03-21 12:44:55,2002,Q4,700800000.0,554900000.0,145900000.0,0.2081906393,0,0.0,0.0,79200000.0,-300000.0,78900000.0,633800000.0,0.0,0.0,35400000.0,102400000.0,0.1461187215,67000000.0,0.0956050228,-3400000.0,63600000.0,0.0907534247,21000000.0,40800000.0,0.0582191781,0.19,0.19,213176000,214376000,https://www.sec.gov/Archives/edgar/data/908255/000095013703001615/0000950137-03-001615-index.htm,https://www.sec.gov/Archives/edgar/data/908255/000095013703001615/c75405e10vk.htm,3.2874244755507185,0.1913911509738432,0.4423574886478778,0.0450332119938454,0.1716891207265358,4.671726648403197,0.7923030735167186,4.60370773445416,3.0336435621270685,1180995040.0,1791095040.0,7.236489215686275,1.685209817351598,12.52380742311771,123.02031666666667,1.203377868351335,1.203377868351335,2.555786301369863,17.4911625,18.993584729586427,186.5724,0.0345471391649536,0.0081287386270479,0.6589565926227838,0.2410451377241045,5.9580078125,1.255540780141844,0.0,2.311274509803922,0.003471648788635,0.1004901960784313,0.0,0.0,0.3082485370308248,0.8981972428419936,0.1208618721461187,2.3926553672316384,0.0,4.452521841159034,0.0199801248789306,0.0219839431003825,-6.291397718317259,115300000.0,168900000.0,-1120500000.0,1837200000.0,291850000.0,450450000.0,176200000.0,37.51284246575342,70.65056766985042,29.243106866102,2.3991783635741184,1.2738751147842058,3.077648363838048,0.0415732626859588,0.3973242766540323,2003-02-04,0.19,bmo,700800000.0,2025-04-25,2002-12-31,0.0,5.20875,2984460.328125
2002-09-30,BWA,USD,908255,2002-11-14,2002-11-13 18:49:35,2002,Q3,684000000.0,556100000.0,127900000.0,0.1869883041,0,0.0,0.0,73200000.0,-200000.0,73000000.0,629100000.0,0.0,0.0,34100000.0,89000000.0,0.1301169591,54900000.0,0.0802631579,-4800000.0,50100000.0,0.073245614,16400000.0,31900000.0,0.0466374269,0.15,0.15,214048000,215912000,https://www.sec.gov/Archives/edgar/data/908255/000090825502000068/0000908255-02-000068-index.htm,https://www.sec.gov/Archives/edgar/data/908255/000090825502000068/q902.txt,3.195544924502915,0.1490319928240394,0.2139706981611601,0.0920354313051278,0.2163066228135745,4.659702496636268,0.8152377036926297,4.601304380325908,3.0876252055613693,1168702080.0,1783302080.0,9.159107210031348,1.7086287719298243,25.51751266375546,59.324978680203046,1.1866200426439233,1.1866200426439233,2.607166783625731,20.03710202247191,38.936726637554585,90.52294822335026,0.0272952367809596,0.0168563060998402,0.6710325921413341,0.2472965388213283,6.90561797752809,1.1490610328638498,0.0,1.4357366771159874,0.0033370352177348,0.122257053291536,0.0,0.0,0.3079139382600561,0.5698689956331878,0.0381578947368421,0.7653958944281525,0.0,3.9280001440012606,0.0169873234808271,0.0172469723183391,-6.185762072058604,76200000.0,174500000.0,-1087700000.0,1755500000.0,293600000.0,461200000.0,164050000.0,38.36842105263158,75.30480129473116,27.85290415392915,2.345679012345679,1.1951429185471738,3.231260894828588,0.0323890750329982,0.1219352668560322,2002-10-22,0.14,bmo,635142857.0,2025-04-25,2002-09-30,0.0714285714285712,6.17109375,2899646.71875
2002-06-30,BWA,USD,908255,2002-08-14,2002-08-14 13:48:29,2002,Q2,712400000.0,538000000.0,174400000.0,0.2448062886,0,0.0,0.0,72700000.0,27200000.0,99900000.0,637900000.0,0.0,0.0,40900000.0,115400000.0,0.1619876474,74500000.0,0.1045760809,-5200000.0,69300000.0,0.0972768108,23600000.0,45700000.0,0.0641493543,0.22,0.21,212944000,215344000,https://www.sec.gov/Archives/edgar/data/908255/000090825502000059/0000908255-02-000059-index.htm,https://www.sec.gov/Archives/edgar/data/908255/000090825502000059/q63002.txt,3.345480501915997,0.2146104140055601,0.4522315726200315,0.3146367119993989,0.1418213239161469,4.447178600946728,0.585130362912315,4.396461041400556,3.135096551205951,1375618240.0,2013018240.0,7.5252638949671775,1.9309632790567093,14.284716926272068,20.53161552238806,1.4693636402478103,1.4693636402478103,2.825685345311623,17.443832235701905,20.90361619937695,30.045048358208955,0.0332214263166501,0.0487053733745199,0.7130954924161504,0.2552182888600046,5.523396880415945,1.0849451645064805,0.0,2.0844155844155843,0.0029077834850459,0.087527352297593,0.0,0.0,0.3143971251624742,0.304257528556594,0.0411285794497473,0.7163814180929096,0.0,4.607531041210847,0.0230566682134168,0.0254823240771718,-6.287568562626794,42600000.0,124600000.0,-1124700000.0,1723300000.0,272800000.0,441050000.0,150000000.0,37.34418865805727,76.46654275092936,26.09665427509293,2.4100135317997293,1.1769853423758478,3.448717948717949,0.0488143559068575,0.1375948606206326,2002-07-22,0.21,bmo,712400000.0,2025-04-25,2002-06-30,0.0,6.81453125,3277187.5
2002-03-31,BWA,USD,908255,2002-05-14,2002-05-14 15:38:28,2002,Q1,634000000.0,481000000.0,153000000.0,0.2413249211,0,0.0,0.0,71000000.0,27000000.0,98000000.0,579000000.0,0.0,0.0,27000000.0,82000000.0,0.1293375394,55000000.0,0.0867507886,-6000000.0,49000000.0,0.0772870662,16000000.0,-237000000.0,-0.3738170347,-1.12,-1.11,211888000,213576000,https://www.sec.gov/Archives/edgar/data/908255/000090825502000046/0000908255-02-000046-index.htm,https://www.sec.gov/Archives/edgar/data/908255/000090825502000046/q302.txt,2.9921467945329607,-1.1185154421203656,0.1179868609831609,-0.0047194744393264,0.1038284376651816,4.058748017820736,0.217095824209016,4.016272747866798,3.289473684210526,1453551680.0,2128551680.0,-1.5332823628691985,2.292668264984227,58.14206720000001,-1453.55168,1.7080513278495888,1.7080513278495888,3.3573370347003157,25.95794731707317,85.1420672,-2128.55168,-0.1630488982682748,-0.0006879700348872,0.8190364277320799,0.2782435129740519,8.231707317073171,0.9482071713147412,0.0,-0.1050420168067226,0.0027518801395489,-0.0168776371308016,0.0,0.0,0.3249500998003992,1.04,0.0410094637223974,0.9629629629629628,0.0,,0.0180072028811524,-0.140153755174453,-6.435003398021596,-26000000.0,46000000.0,-1169000000.0,1616000000.0,227000000.0,418000000.0,143900000.0,35.48895899053628,79.52182952182953,26.943866943866947,2.536,1.131764705882353,3.3402777777777777,-0.2784958871915394,0.1227063354224873,2002-04-22,0.14,bmo,588714285.0,2025-04-25,2002-03-31,0.0714285714285712,6.319,2473695.15
2001-12-31,BWA,USD,908255,2002-03-25,2002-03-25 00:00:00,2001,Q4,582800000.0,442700000.0,140100000.0,0.2403912148,0,0.0,0.0,63900000.0,36400000.0,100300000.0,543000000.0,0.0,0.0,-5600000.0,76200000.0,0.1307481126,11400000.0,0.0195607412,-7800000.0,3600000.0,0.0061770762,1400000.0,2200000.0,0.0037748799,0.01,0.01,211888000,213576000,https://www.sec.gov/Archives/edgar/data/908255/000090825502000040/0000908255-02-000040-index.htm,https://www.sec.gov/Archives/edgar/data/908255/000090825502000040/tenk02.txt,2.750509703239447,0.0103828437665181,0.1713169221475496,-0.0538020086083213,0.1552707090538397,5.265045684512573,-0.2123763497696896,5.211243675904251,3.478252661783584,1216237120.0,1920337120.0,138.20876363636364,2.0868859299931364,33.50515482093664,-106.68746666666668,1.101464517297591,1.101464517297591,3.2950190803019903,25.201274540682416,52.901849035812674,-168.45062456140352,0.0018088577990449,-0.0093731722314148,0.6674515486324941,0.2659785629217943,9.24015748031496,0.96989010989011,0.0,16.5,0.0032888323618999,1.818181818181818,0.0,0.0,0.4188530802266411,1.3140495867768596,0.0818462594371997,-8.517857142857142,0.0,1.1033673008630522,0.0029626479552058,0.0013662050549587,-6.595465528958695,-13700000.0,-45000000.0,-1214000000.0,1985100000.0,202000000.0,404500000.0,145100000.0,31.50308853809197,83.55545516150892,29.234244409306527,2.8568627450980397,1.0771289537712896,3.0785813630041723,0.001992392682485,0.225118930755871,2002-02-04,0.09,bmo,518044444.0,2025-04-25,2001-12-31,0.1111111111111112,5.059375,1421770.84375
2001-09-30,BWA,USD,908255,2001-11-13,2001-11-13 00:00:00,2001,Q3,559900000.0,429700000.0,130200000.0,0.2325415253,0,0.0,0.0,55500000.0,35900000.0,91400000.0,521100000.0,0.0,0.0,36100000.0,74900000.0,0.1337738882,38800000.0,0.0692980889,-9500000.0,29300000.0,0.0523307734,10900000.0,18400000.0,0.0328630113,0.0875,0.0875,210720000,211968000,https://www.sec.gov/Archives/edgar/data/908255/000095013701504537/0000950137-01-504537-index.htm,https://www.sec.gov/Archives/edgar/data/908255/000095013701504537/c66038e10-q.txt,2.657080485952924,0.0873196659073652,0.2890091116173121,0.0868451025056947,0.1831814730447988,5.442293090356872,-0.1233864844343204,5.394836750189826,3.4932611996962795,922953600.0,1620453600.0,12.540130434782608,1.6484257903197,15.155231527093596,50.43462295081967,0.8118874032371569,0.8118874032371569,2.8941839614216827,21.634894526034717,26.608433497536947,88.54937704918032,0.0199359967825034,0.0198276489739029,0.6475193525686137,0.2657112948056167,9.312416555407207,0.8298439284354777,0.0,3.3097826086956523,0.0042255645354219,0.2119565217391304,0.0,0.0,0.4233476518788578,0.6995073891625616,0.0760850151812823,1.18005540166205,0.0,3.255640522179224,0.0106615342203409,0.0115179968701095,-6.462129840546697,-89400000.0,-26000000.0,-1187500000.0,1905600000.0,198500000.0,387950000.0,144850000.0,32.14859796392213,83.36048405864557,30.663253432627418,2.7995,1.0796482412060302,2.935109289617486,0.016185784658691,0.2021640091116173,2001-10-23,0.09,bmo,559900000.0,2025-04-25,2001-09-30,0.0,5.379661016949152,2387645.13559322
2001-06-30,BWA,USD,908255,2001-08-14,2001-08-14 00:00:00,2001,Q2,602000000.0,458400000.0,143600000.0,0.238538206,0,0.0,0.0,59300000.0,36000000.0,95300000.0,553700000.0,0.0,0.0,36100000.0,84400000.0,0.1401993355,48300000.0,0.0802325581,-8500000.0,39800000.0,0.0661129568,15100000.0,24700000.0,0.0410299003,0.12,0.12,210472000,211656000,https://www.sec.gov/Archives/edgar/data/908255/000090825501500050/0000908255-01-500050-index.htm,https://www.sec.gov/Archives/edgar/data/908255/000090825501500050/aq.txt,2.8602379413888785,0.1173552776616367,0.4594435364323995,0.3007525941692957,0.11212892926375,5.326599262609753,-0.2760462199247406,5.283838230263408,3.487874871716903,1149177120.0,1859677120.0,11.631347368421054,1.908932093023256,11.88394126163392,18.154456872037915,1.0333397356352847,1.0333397356352847,3.0891646511627906,22.034089099526067,19.23140765253361,29.37878546603476,0.0214936405973693,0.0550828927049992,0.6601025087671972,0.2698004336800323,8.41824644549763,0.8368217841902053,0.0,3.91497975708502,0.0033937327259004,0.1578947368421052,0.0,0.0,0.4333860119813297,0.3453981385729059,0.0554817275747508,0.925207756232687,0.0,3.7352298201334273,0.0132880244827292,0.016021275215671,-6.446463187502376,-80300000.0,-58100000.0,-1188000000.0,1893500000.0,199900000.0,373000000.0,148400000.0,29.45182724252492,74.19502617801048,28.134816753926703,3.0558375634517767,1.2130193172797037,3.198883461270063,0.0222102328927254,0.1586909422631038,2001-07-25,0.11,bmo,551833333.0,2025-04-25,2001-06-30,0.0909090909090908,4.946825396825396,1181739.396825397
2001-03-31,BWA,USD,908255,2001-05-14,2001-05-14 00:00:00,2001,Q1,606800000.0,471100000.0,135700000.0,0.2236321688,0,0.0,0.0,55600000.0,37600000.0,93200000.0,564300000.0,0.0,0.0,37600000.0,80100000.0,0.1320039552,42500000.0,0.0700395517,-9000000.0,33500000.0,0.0552076467,12400000.0,21100000.0,0.0347725775,0.1,0.1,210048000,211072000,https://www.sec.gov/Archives/edgar/data/908255/000095013701501485/0000950137-01-501485-index.htm,https://www.sec.gov/Archives/edgar/data/908255/000095013701501485/c62430e10-q.txt,2.8888634978671544,0.1004532297379646,0.009045551492992,-0.0728404936014625,0.0737926569165143,5.258797989031079,-0.4132388787324802,5.258797989031079,3.7853252589884216,926311680.0,1705911680.0,10.975256872037916,1.5265518787079764,487.5324631578947,-60.54324705882353,0.8385946768060837,0.8385946768060837,2.8113244561634807,21.29727440699126,897.8482526315789,-111.4974954248366,0.0227785101446631,-0.0165171187304903,0.7198080753213834,0.2872263564771332,9.732833957553058,0.8425441147954237,0.0,0.0900473933649289,0.0043182009752915,0.1895734597156398,0.0,0.0,0.4303879777472726,9.052631578947368,0.028345418589321,0.4574468085106383,0.0,3.447596692929427,0.0115961950772907,0.0133815322171486,-6.75678892443632,-81200000.0,-86800000.0,-1229100000.0,1901800000.0,185850000.0,388150000.0,157550000.0,30.07910349373764,70.322649119083,29.32498407981321,2.992110453648915,1.2798152675903287,3.0690553745928337,0.0191019373528879,0.0818860450944546,2001-04-25,0.1,bmo,606800000.0,2025-04-25,2001-03-31,0.0,4.657741935483871,1309675.2903225806
2000-12-31,BWA,USD,908255,2001-03-23,2001-03-23 00:00:00,2000,Q4,596300000.0,448500000.0,147800000.0,0.2478618145,0,0.0,0.0,65300000.0,35800000.0,101100000.0,549600000.0,0.0,0.0,35800000.0,82500000.0,0.1383531779,46700000.0,0.0783162837,-34500000.0,12200000.0,0.0204595003,4500000.0,7700000.0,0.0129129633,0.037,0.036,210048000,211072000,https://www.sec.gov/Archives/edgar/data/908255/000090825501500033/0000908255-01-500033-index.htm,https://www.sec.gov/Archives/edgar/data/908255/000090825501500033/annrep36.htm,2.838874923826934,0.0366582876294942,0.6879379951249238,0.423236593540524,0.1018814747105423,5.224520109689214,-0.5032183120048751,5.175483698964047,3.783897014015844,924211200.0,1708911200.0,30.006857142857143,1.549909776957907,6.395925259515572,10.396076490438697,0.8501620826050962,0.8501620826050962,2.865858125104813,20.71407515151515,11.826375086505193,19.222848143982,0.0083314290067032,0.0961901348955736,0.731119492227026,0.2873567374091615,9.511515151515152,0.7748631817324023,0.0,18.766233766233768,0.0042198146917068,0.5064935064935064,0.0,0.0,0.434975957192957,0.3847750865051903,0.0932416568841187,1.553072625698324,0.0,2.0661070461894293,0.0128687522545993,0.0049270540056309,-6.853790562157221,-119300000.0,-105700000.0,-1257900000.0,1891000000.0,199950000.0,415700000.0,173050000.0,25.492201911789365,81.91304347826087,32.42809364548495,3.5304914150384845,1.0987261146496816,2.775371287128713,0.0070830650354153,0.2647014015843997,2001-02-07,0.12,bmo,546608333.0,2025-04-25,2000-12-31,0.0833333333333334,3.936507936507936,1156952.0
2000-09-30,BWA,USD,908255,2000-11-14,2000-11-14 00:00:00,2000,Q3,618500000.0,473100000.0,145400000.0,0.2350848828,0,0.0,0.0,57500000.0,36000000.0,93500000.0,566600000.0,0.0,0.0,35900000.0,87900000.0,0.1421180275,51900000.0,0.083912692,-45000000.0,6900000.0,0.0111560226,1600000.0,5300000.0,0.0085691188,0.025,0.025,209680000,210376000,https://www.sec.gov/Archives/edgar/data/908255/000090825500000070/0000908255-00-000070-index.htm,https://www.sec.gov/Archives/edgar/data/908255/000090825500000070/0000908255-00-000070-0001.txt,2.9497329263639838,0.0252766119801602,0.2060282334986646,0.0491224723388019,0.1340137352155666,5.160721098817246,-0.66959175887066,5.160721098817246,4.26316291491797,763235200.0,1629035200.0,36.00166037735849,1.2340100242522232,17.66748148148148,74.10050485436894,0.7053277885592829,0.7053277885592829,2.633848342764753,18.53282366325369,37.70914814814815,158.1587572815534,0.0069441241703736,0.013495184708462,0.8260789206173181,0.3143108298171589,9.849829351535837,0.9057848125117768,0.0,8.307692307692308,0.0052408484304707,0.7547169811320755,0.0,0.0,0.4298523206751055,0.7615740740740741,0.0531932093775262,0.9164345403899722,0.0,1.713191395301228,0.0167402441384497,0.003268578476719,-7.002575352918734,-50000000.0,-140400000.0,-1281200000.0,1975600000.0,241600000.0,432500000.0,183250000.0,33.613581244947454,80.50729232720354,35.09828788839569,2.6774891774891776,1.1179111531190926,2.564227642276423,0.0048978837445707,0.1569057611598626,2000-10-23,0.14,bmo,721583333.0,2025-04-25,2000-09-30,-0.1428571428571429,3.862857142857143,1238602.603174603
2000-06-30,BWA,USD,908255,2000-08-14,2000-08-14 00:00:00,2000,Q2,700900000.0,542000000.0,158900000.0,0.2267085176,0,0.0,0.0,57800000.0,25900000.0,83700000.0,625700000.0,0.0,0.0,36600000.0,111800000.0,0.1595092025,75200000.0,0.1072906263,-11600000.0,63600000.0,0.0907404765,23500000.0,40100000.0,0.0572121558,0.19,0.19,211464000,212360000,https://www.sec.gov/Archives/edgar/data/908255/000090825500000066/0000908255-00-000066-index.htm,https://www.sec.gov/Archives/edgar/data/908255/000090825500000066/0000908255-00-000066-0001.txt,3.314512162826769,0.1896303862595997,0.4317519766957969,0.193886429841486,0.1007263647713085,5.181023720349563,-0.7627775886202852,5.181023720349563,4.24327545114062,816251040.0,1692251040.0,5.088846882793018,1.1645756027964047,8.940318072289157,19.90856195121951,0.7450265060240964,0.7450265060240964,2.41439726066486,15.13641359570662,18.535060679079955,41.2744156097561,0.0491270430724351,0.0502296450366544,0.8190032858707558,0.3102911681305761,7.835420393559929,0.862831082266269,0.0,2.2768079800498757,0.0049004531743077,0.0997506234413965,0.0,0.0,0.4346427830417041,0.5509309967141293,0.0717648737337708,1.3743169398907105,0.0,4.701679424362726,0.0197730666324648,0.0245274940363324,-7.068579048916128,-78200000.0,-161300000.0,-1304300000.0,1988000000.0,264250000.0,445400000.0,181000000.0,32.384077614495645,73.36162361623616,30.22140221402214,2.7791435368754955,1.2267994567677682,2.978021978021978,0.0366009492515516,0.2378655468543109,2000-07-21,0.19,bmo,700900000.0,2025-04-25,2000-06-30,0.0,4.37952380952381,1213398.6984126985
2000-03-31,BWA,USD,908255,2000-05-15,2000-05-15 00:00:00,2000,Q1,730200000.0,550300000.0,179900000.0,0.2463708573,0,0.0,0.0,63500000.0,37200000.0,100700000.0,651000000.0,0.0,0.0,37200000.0,116400000.0,0.1594083813,79200000.0,0.1084634347,-13100000.0,66100000.0,0.0905231443,25100000.0,41000000.0,0.0561490003,0.19,0.19,213472000,214176000,https://www.sec.gov/Archives/edgar/data/908255/000090825500000064/0000908255-00-000064-index.html,https://www.sec.gov/Archives/edgar/data/908255/000090825500000064/,3.420589117073902,0.1920626592714735,0.1091478039274471,-0.0234222755209114,0.0627716983960425,5.0549955029231,-0.9059736171488532,5.0549955029231,4.230062959076601,924333760.0,1813933760.0,5.636181463414634,1.2658638181320183,39.670976824034334,-184.866752,0.8565784079325364,0.8565784079325364,2.48416017529444,15.583623367697594,77.85123433476394,-362.786752,0.0443562723490701,-0.0054093015059841,0.8368084514873506,0.3109504132231405,7.642611683848798,0.7739223479058392,0.0,0.5682926829268292,0.0043274412047873,0.0975609756097561,0.0,0.0,0.4381887052341597,1.2145922746781117,0.0387565050671049,0.760752688172043,0.0,4.673832183035339,0.0205934048720348,0.0251302482378179,-7.093553252885624,-147900000.0,-193400000.0,-1318600000.0,1916500000.0,246250000.0,441350000.0,172200000.0,34.055053410024655,73.43267308740687,29.43848809740141,2.6427795874049944,1.2256124721603563,3.0572222222222223,0.0379946251505884,0.1325700794483585,2000-04-27,0.18,bmo,691768421.0,2025-04-25,2000-03-31,0.0555555555555556,3.822698412698412,1457519.0793650793
1999-12-31,BWA,USD,908255,2000-03-22,2000-03-22 00:00:00,1999,Q4,676800000.0,513800000.0,163000000.0,0.2408392435,0,0.0,0.0,56400000.0,36400000.0,92800000.0,606600000.0,0.0,0.0,36400000.0,106600000.0,0.1575059102,70200000.0,0.1037234043,-14500000.0,55700000.0,0.0822990544,19200000.0,36500000.0,0.05393026,0.17,0.17,213472000,214176000,https://www.sec.gov/Archives/edgar/data/908255/000090825500000051/0000908255-00-000051-index.html,https://www.sec.gov/Archives/edgar/data/908255/000090825500000051/0000908255-00-000051-d1.html,3.170439214510568,0.1709826113026532,0.5251274171788337,-1.1757982311497526,0.1016526757607555,4.995034477589567,-1.0230849947534102,4.9538112726727626,4.592171338629891,949950400.0,1908550400.0,6.506509589041096,1.4035910165484633,8.474133809099019,-3.7846629482071714,0.8982982505910166,0.8982982505910166,2.8199621749408985,17.90384990619137,17.0254272970562,-7.603786454183267,0.0384230587196973,-0.2642243216066859,0.926997635933806,0.329989564749049,8.992495309568481,0.8461655046983935,0.0,3.0712328767123287,0.0042107461610627,0.1095890410958904,0.0,0.0,0.4324569966674521,3.2390722569134702,0.5364952718676123,9.975274725274724,0.0,4.3655298320246825,0.0188154097640543,0.0216488730723606,-7.674777019937041,-101500000.0,-218400000.0,-1346100000.0,1979200000.0,215900000.0,411350000.0,169900000.0,28.75,75.9692487349163,28.79719735305566,3.130434782608696,1.184689877795711,3.125304136253041,0.03451536643026,1.7009256483285864,2000-02-02,0.17,bmo,676800000.0,2025-04-25,1999-12-31,0.0,4.425,1124507.390625
1999-09-30,BWA,USD,908255,1999-11-15,1999-11-15 00:00:00,1999,Q3,589700000.0,458600000.0,131100000.0,0.2223164321,0,0.0,0.0,51000000.0,30300000.0,81300000.0,539900000.0,0.0,0.0,30300000.0,80100000.0,0.1358317789,49800000.0,0.0844497202,-7000000.0,42800000.0,0.0725792776,15400000.0,27400000.0,0.0464643039,0.13,0.13,212815534,214901961,https://www.sec.gov/Archives/edgar/data/908255/000090825599000060/0000908255-99-000060-index.html,https://www.sec.gov/Archives/edgar/data/908255/000090825599000060/,2.77094434281287,0.1287499999882527,0.2321259123875797,0.0681341240813746,0.11841240874832,4.796172444817867,-0.0789416058322133,4.796172444817867,4.20974908720714,1006617475.82,1877317475.82,9.184466020255476,1.7069992806850942,20.376871980161944,69.42189488413794,0.9862030722249436,0.9862030722249436,3.183512762116331,23.43717198277153,38.00237805303644,129.47017074620692,0.0272198731476221,0.0144046773956394,0.8777309689428824,0.3262563729060451,10.870162297128587,1.1861579414374446,0.0,1.802919708029197,0.0039737041091419,0.145985401459854,0.0,0.0,0.3778222869628551,0.7064777327935222,0.0591826352382567,1.151815181518152,0.0,3.7274538293336463,0.0138554143464645,0.0160374597600234,-6.816701641713805,104900000.0,-16800000.0,-1056900000.0,1867500000.0,220100000.0,392100000.0,172650000.0,32.90486688146515,76.34103794156127,34.42215438290449,2.735157699443414,1.1789203084832904,2.6145952109464083,0.0268443225237582,0.1639917883062051,1999-10-20,0.13,bmo,589700000.0,2025-04-25,1999-09-30,0.0,5.4153125,589026.75
1999-06-30,BWA,USD,908255,1999-08-10,1999-08-10 00:00:00,1999,Q2,640800000.0,491700000.0,149100000.0,0.2326779026,0,0.0,0.0,53500000.0,30500000.0,84000000.0,575700000.0,0.0,0.0,30500000.0,95600000.0,0.1491885144,65100000.0,0.1015917603,-8400000.0,56700000.0,0.0884831461,20400000.0,36300000.0,0.0566479401,0.17,0.17,213529412,215111111,https://www.sec.gov/Archives/edgar/data/908255/000090825599000043/0000908255-99-000043-index.html,https://www.sec.gov/Archives/edgar/data/908255/000090825599000043/,3.0009917322303123,0.1699999998126721,0.3901101924075921,0.2472727270002504,0.1742148758410855,4.604049581703527,-0.2650688702313291,4.604049581703527,4.3043250641274655,1291852942.6,2173752942.6,8.897058833333334,2.016000222534332,15.508438686674667,24.466911791666664,1.3140605661682432,1.3140605661682432,3.3922486619850187,22.7380014916318,26.09547350060024,41.16956330681818,0.0280991735227557,0.0408715251240083,0.9348998067338012,0.3361618082732892,9.22489539748954,1.2241379310344829,0.0,2.2947658402203857,0.0030963276609097,0.1101928374655647,0.0,0.0,0.3802713872938078,0.3661464585834333,0.0475967540574282,1.0,0.0,4.196485390253431,0.0182205900925844,0.0214235127478753,-6.839338835438745,124800000.0,-56600000.0,-1069400000.0,1873500000.0,227500000.0,386150000.0,167500000.0,31.54494382022472,72.33679072605247,31.098230628431978,2.8530721282279607,1.24418016194332,2.894055326662743,0.0369240158681721,0.1428374654073416,1999-07-21,0.17,bmo,640800000.0,2025-04-25,1999-06-30,0.0,6.075238095238095,1046354.2222222222
1999-03-31,BWA,USD,908255,1999-05-17,1999-05-17 00:00:00,1999,Q1,551300000.0,424400000.0,126900000.0,0.2301832033,0,0.0,0.0,42400000.0,26200000.0,68600000.0,493000000.0,0.0,0.0,26200000.0,84500000.0,0.1532740794,58300000.0,0.1057500453,-6500000.0,51800000.0,0.0939597315,19700000.0,32100000.0,0.0582260112,0.17,0.17,193082707,194545455,https://www.sec.gov/Archives/edgar/data/908255/000090825599000037/0000908255-99-000037-index.html,https://www.sec.gov/Archives/edgar/data/908255/,2.8552531118180355,0.1662499997993088,0.5163590336445821,-2.437815417617902,0.2449727411372992,4.939852018958901,-0.4889096567306776,4.939852018958901,5.159447034270138,1015615038.82,1964515038.82,7.90977444563863,1.842218463304916,10.18671051975928,-2.157669510983641,1.0648092250157266,1.0648092250157266,3.563422889207328,23.24869868426035,19.7042631777332,-4.1736032267261525,0.0316064638401727,-0.4634630071516924,1.0444537638918012,0.3615183626070547,11.229585798816569,1.215610780539027,0.0,3.1059190031152646,0.0034461876461247,0.1090342679127725,0.0,0.0,0.3803890259834518,5.721163490471414,1.0346453836386722,21.77099236641221,0.0,4.298620003688623,0.0155102358124725,0.0188005154035375,-7.76428932084529,123200000.0,-94400000.0,-1107200000.0,1874800000.0,207900000.0,327000000.0,140400000.0,37.61291492835117,79.9693685202639,35.01178133836004,2.392795138888889,1.1254309201803234,2.570563294972744,0.0336548542671419,2.954174451262484,1999-04-27,0.16,bmo,516843750.0,2025-04-25,1999-03-31,0.0625,5.189016393442622,1177962.245901639
1998-12-31,BWA,USD,908255,1999-03-19,1999-03-19 00:00:00,1998,Q4,489200000.0,392100000.0,97100000.0,0.1984873262,0,0.0,0.0,22400000.0,21400000.0,43800000.0,435900000.0,0.0,0.0,21400000.0,74700000.0,0.1526982829,53300000.0,0.1089533933,-4600000.0,48700000.0,0.0995502862,16900000.0,31800000.0,0.0650040883,0.16,0.16,193082707,194545455,https://www.sec.gov/Archives/edgar/data/908255/000090825599000033/0000908255-99-000033-index.html,https://www.sec.gov/Archives/edgar/data/908255/,2.5336292804305875,0.1646962614834274,0.5101440803810566,-0.0533450155119277,0.2278816196626039,4.0697585620653225,1.1673753879988849,4.025735976448683,2.037986757664424,1185527820.98,1535027820.98,9.320187271855344,2.42340110584628,12.03581544142132,-115.0997884446602,1.5251869561044642,1.5251869561044642,3.13783283111202,20.54923455127176,15.584038791675129,-149.03182727961166,0.026823495355607,-0.0086881132755582,0.5062395471503924,0.2131520502681328,4.678714859437751,0.828231667033693,0.0,3.09748427672956,0.0029522715014032,0.110062893081761,0.0,0.0,0.3035588537999025,1.1045685279187818,0.2224039247751431,5.08411214953271,0.0,3.862386886811024,0.0226439141825391,0.0247336081512016,-4.243777253444039,-78000000.0,225400000.0,-684200000.0,1116900000.0,188700000.0,271750000.0,123250000.0,34.108748977923135,63.55776587605202,26.55700076511094,2.638619201725998,1.4160346695557964,3.3889369057908385,0.0409108452335005,0.5634890958929843,1999-02-08,0.17,bmo,489200000.0,2025-04-25,1998-12-31,0.0,5.0990625,730638.296875
1998-09-30,BWA,USD,908255,1998-11-13,1998-11-13 00:00:00,1998,Q3,431600000.0,337900000.0,93700000.0,0.2170991659,0,0.0,0.0,36600000.0,23200000.0,59800000.0,397700000.0,0.0,0.0,23200000.0,57100000.0,0.1322984245,33900000.0,0.078544949,-8000000.0,25900000.0,0.0600092678,8600000.0,17300000.0,0.0400834106,0.0925,0.0913,187027027,189589041,https://www.sec.gov/Archives/edgar/data/908255/000090825598000113/0000908255-98-000113-index.html,https://www.sec.gov/Archives/edgar/data/908255/,2.307687861605157,0.092500000013367,0.0368930635891463,-0.0866184971223437,0.0625578034772482,3.8994364167484736,1.0779190753002774,3.8994364167484736,1.880476878884462,763070270.16,1103070270.1599998,11.027027025433526,1.7680034063021317,110.58989422608695,-47.10310309629629,1.046305046153846,1.046305046153846,2.555769856719184,19.31821839159369,159.86525654492752,-68.09075741728394,0.0226715686307272,-0.021230023804496,0.4822432469491293,0.1998863313441318,5.954465849387041,1.064413633737724,0.0,0.3988439306358382,0.0045867335380083,0.2023121387283237,0.0,0.0,0.2999147485080989,3.347826086956522,0.0535217794253938,0.9956896551724138,0.0,2.8488071264181,0.0155146484026237,0.0140444877415164,-4.326112717388167,22300000.0,201600000.0,-661700000.0,1153900000.0,173850000.0,262900000.0,127650000.0,40.037071362372565,71.0091743119266,34.83870967741935,2.247916666666667,1.2674418604651163,2.583333333333333,0.0237213766625531,0.1235115607114901,1998-10-22,0.09,bmo,431600000.0,2025-04-25,1998-09-30,0.0,4.92546875,862558.0
1998-06-30,BWA,USD,908255,1998-08-14,1998-08-14 00:00:00,1998,Q2,451300000.0,355300000.0,96000000.0,0.2127188123,0,0.0,0.0,38600000.0,23500000.0,62100000.0,417400000.0,0.0,0.0,23500000.0,57400000.0,0.1271881232,33900000.0,0.0751163306,-4900000.0,29000000.0,0.0642588079,9400000.0,19600000.0,0.0434300908,0.11,0.1,186666667,188915663,https://www.sec.gov/Archives/edgar/data/908255/000090825598000097/0000908255-98-000097-index.html,https://www.sec.gov/Archives/edgar/data/908255/,2.417678567111288,0.1049999998125,0.091071428408801,-0.049285714197704,0.0744642855813137,3.8335714217257655,0.9685714268418368,3.8335714217257655,2.0067857107021685,985600001.76,1346300001.76,12.571428593877553,2.183913143718148,57.97647069176471,-107.13043497391304,1.377305759865847,1.377305759865847,2.983159764591181,23.454703863414636,79.19411775058823,-146.33695671304346,0.0198863636008522,-0.0093344155677469,0.5234768026830632,0.21257519010328,6.2839721254355405,0.9616971125515617,0.0,0.8673469387755102,0.0036525973960749,0.1836734693877551,0.0,0.0,0.3034842810123709,1.5411764705882354,0.0580545091956569,1.1148936170212769,0.0,3.009453848733062,0.0156138231824526,0.0159687143555483,-4.573258920404895,-13000000.0,180800000.0,-720200000.0,1151300000.0,169600000.0,266050000.0,116600000.0,31.050299135829828,65.65719110610752,31.53672952434562,2.898522800256904,1.370756172839506,2.8538152610441765,0.0273896031302403,0.1403571426065051,1998-07-22,0.12,bmo,488908333.0,2025-04-25,1998-06-30,-0.0833333333333333,6.284126984126984,1193505.0476190476
1998-03-31,BWA,USD,908255,1998-05-15,1998-05-15 00:00:00,1998,Q1,464700000.0,365400000.0,99300000.0,0.2136862492,0,0.0,0.0,37500000.0,23500000.0,61000000.0,426400000.0,0.0,0.0,23500000.0,61800000.0,0.1329890252,38300000.0,0.0824187648,-1200000.0,37100000.0,0.0798364536,11100000.0,26000000.0,0.0559500753,0.14,0.14,189090909,190825688,https://www.sec.gov/Archives/edgar/data/908255/000090825598000075/0000908255-98-000075-index.html,https://www.sec.gov/Archives/edgar/data/908255/,2.4575480781045904,0.1375000000661057,0.0539423077182414,-0.1020673077413785,0.0396634615575305,3.791298078745816,0.9291826927544148,3.791298078745816,1.8959134624499585,1333090908.45,1684090908.45,12.81818181201923,2.868712951258877,130.69518710294116,-69.07206779533679,1.8595214234202817,1.8595214234202817,3.6240389680438994,27.250661949029126,165.10695180882354,-87.25859629274612,0.0195035461086674,-0.0144776323037416,0.5000697447342726,0.2039829302987197,5.679611650485437,0.9036954087346024,0.0,0.3923076923076923,0.0026254773607821,0.1346153846153846,0.0,0.0,0.3079374110953058,2.892156862745098,0.0634818162255218,1.25531914893617,0.0,3.4248107154642824,0.0185686408511963,0.0213763051878648,-4.448257213677047,-34400000.0,175700000.0,-717800000.0,1127100000.0,171050000.0,273250000.0,108350000.0,35.5390574564235,67.21674876847291,26.773399014778324,2.532425068119891,1.3389519970685233,3.361545538178473,0.0362672618217324,0.15600961545962,1998-04-28,0.14,bmo,464700000.0,2025-04-25,1998-03-31,0.0,6.25655737704918,582524.868852459
1997-12-31,BWA,USD,908255,1998-03-20,1998-03-20 00:00:00,1997,Q4,467000000.0,359100000.0,107900000.0,0.2310492505,0,0.0,0.0,36500000.0,23200000.0,59700000.0,418800000.0,0.0,0.0,23200000.0,71400000.0,0.1528907923,48200000.0,0.1032119914,-5500000.0,42700000.0,0.0914346895,15500000.0,27200000.0,0.0582441113,0.14,0.14,189090909,190825688,https://www.sec.gov/Archives/edgar/data/908255/000090825598000056/0000908255-98-000056-index.html,https://www.sec.gov/Archives/edgar/data/908255/,2.4697115396489,0.1438461539153106,0.2813461539814164,-0.1893269231679456,0.0708653846494545,3.7780769248933055,0.8926923081214867,3.668605770994522,1.7880288470134753,1081599999.48,1406299999.48,9.941176465808825,2.316059956059957,20.330827057894737,-30.21229048826816,1.5591754353178606,1.5591754353178606,3.0113490352890797,19.69607842408963,26.434210516541352,-39.28212289050279,0.0251479290061731,-0.0330991124419485,0.4873864783047427,0.1947244139837585,4.547619047619048,0.7765688259109311,0.0,1.9558823529411764,0.003328402368464,0.1323529411764706,0.0,0.0,0.3142314116224154,1.6729323308270676,0.1905781584582441,3.836206896551724,0.0,3.4458066811349397,0.0217940892110747,0.0228437053833879,-4.418774040585949,-88300000.0,168800000.0,-715000000.0,1069000000.0,148600000.0,281550000.0,109900000.0,30.56531049250535,68.57142857142857,27.06766917293233,2.9445145018915517,1.3125,3.325,0.0392100331555427,0.4706730771493621,1998-01-29,0.14,bmo,467000000.0,2025-04-25,1997-12-31,0.0,5.8096875,869691.84375
1997-09-30,BWA,USD,908255,1997-11-12,1997-11-12 00:00:00,1997,Q3,406800000.0,323700000.0,83100000.0,0.2042772861,0,0.0,0.0,25500000.0,21200000.0,46700000.0,370400000.0,0.0,0.0,21200000.0,57600000.0,0.1415929204,36400000.0,0.0894788594,-3700000.0,32700000.0,0.0803834808,11100000.0,21600000.0,0.0530973451,0.11,0.11,189890110,192000000,https://www.sec.gov/Archives/edgar/data/908255/000090825597000038/0000908255-97-000038-index.html,https://www.sec.gov/Archives/edgar/data/908255/,2.142291665426914,0.1137499999341724,0.1590393517598151,0.0063194444407873,0.1021643517927289,3.621041664571156,0.7609664347448111,3.621041664571156,1.5461574065126404,1186813187.5,1461013187.5,13.736263744212962,2.917436547443461,39.29844991721855,989.0109895833332,1.7260226694299012,1.7260226694299012,3.5914778453785643,25.36481228298611,48.37792011589404,1217.5109895833334,0.0181999999894675,0.0010111111105259,0.4269924374636416,0.1730723885875972,4.760416666666667,0.7834148853978883,0.0,1.398148148148148,0.0030333333315779,0.1666666666666666,0.0,0.0,0.3201485498703136,0.9602649006622516,0.0712881022615535,1.3679245283018868,0.0,3.044273887957292,0.0177198295358889,0.0187288649960981,-4.368579279879294,-84100000.0,144500000.0,-704600000.0,1017700000.0,141300000.0,289050000.0,106350000.0,30.663716814159297,80.49119555143652,31.084337349397597,2.935064935064935,1.118134715025907,2.895348837209302,0.031413612565445,0.1527199073190278,1997-10-22,0.12,bmo,440699999.0,2025-04-25,1997-09-30,-0.0833333333333333,6.03515625,565962.40625
1997-06-30,BWA,USD,908255,1997-08-11,1997-08-11 00:00:00,1997,Q2,449700000.0,346900000.0,102800000.0,0.2285968423,0,0.0,0.0,34000000.0,21800000.0,55800000.0,402700000.0,0.0,0.0,21800000.0,68800000.0,0.1529908828,47000000.0,0.1045141205,-2200000.0,44800000.0,0.0996219702,15200000.0,29600000.0,0.0658216589,0.16,0.15,189440000,192520325,https://www.sec.gov/Archives/edgar/data/908255/000090825597000023/0000908255-97-000023-index.html,https://www.sec.gov/Archives/edgar/data/908255/,2.3738386824324325,0.15625,0.2296241554054054,0.0390625,0.1551942567567567,3.579497466216216,0.687816722972973,3.579497466216216,1.605257601351351,1108224000.0,1382924000.0,9.36,2.4643629086057373,25.476413793103447,149.76,1.6343076242442116,1.6343076242442116,3.07521458750278,20.10063953488372,31.79135632183908,186.88162162162163,0.0267094017094017,0.0066773504273504,0.4484589293614511,0.179632583141355,3.9927325581395343,0.7960146827477713,0.0,1.4695945945945943,0.0032484407484407,0.1216216216216216,0.0,0.0,0.3235867446393762,0.8298850574712644,0.0802757393818101,1.6559633027522935,0.0,3.547417480318096,0.0228519916318871,0.0258492708060431,-4.365234375,-77800000.0,130300000.0,-711200000.0,1022200000.0,144450000.0,290200000.0,99750000.0,28.819212808539024,74.87460363217065,26.177572787546843,3.122916666666667,1.202009702009702,3.4380574826560952,0.0436513788526765,0.1905616554054054,1997-07-23,0.16,bmo,449700000.0,2025-04-25,1997-06-30,0.0,5.19015625,818623.8125
1997-03-31,BWA,USD,908255,1997-05-12,1997-05-12 00:00:00,1997,Q1,443500000.0,345700000.0,97800000.0,0.220518602,0,0.0,0.0,36000000.0,20900000.0,56900000.0,402600000.0,0.0,0.0,20900000.0,61800000.0,0.1393461105,40900000.0,0.0922209696,-3200000.0,37700000.0,0.085005637,12900000.0,24800000.0,0.0559188275,0.13,0.13,188952381,190769231,https://www.sec.gov/Archives/edgar/data/908255/000090825597000009/0000908255-97-000009-index.html,https://www.sec.gov/Archives/edgar/data/908255/,2.3471522171504158,0.1312499999669228,0.2143397176879184,0.0904989919126766,0.0698588709501363,3.389213708823283,0.4731350805259236,3.389213708823283,1.59140624959894,886186666.8900001,1173686666.89,8.933333335584678,1.998166103472379,21.88115226888889,51.82378168947369,1.383801790896315,1.383801790896315,2.64641864011274,18.991693638996765,28.979917700987656,68.63664718654971,0.0279850746198129,0.0192961603225323,0.4695502810743285,0.1823861223994662,4.65210355987055,0.7760260940472955,0.0,1.6330645161290325,0.0039495064987639,0.1411290322580645,0.0,0.0,0.3342027051616425,0.5777777777777777,0.0527621195039458,1.1196172248803828,0.0,3.163664288660601,0.0204212825713839,0.022592693814339,-4.430349041222191,-82400000.0,89400000.0,-722800000.0,1000700000.0,134750000.0,280550000.0,94850000.0,29.404735062006765,75.96760196702343,25.669655770899624,3.060731538992409,1.184715558601782,3.506085192697769,0.0387257963772642,0.1238407257752417,1997-04-29,0.12,bmo,406541666.0,2025-04-25,1997-03-31,0.0833333333333334,4.426229508196721,947456.9016393444
1996-12-31,BWA,USD,908255,1997-03-21,1997-03-21 00:00:00,1996,Q4,421700000.0,322400000.0,99300000.0,0.2354754565,0,0.0,0.0,32900000.0,21700000.0,54600000.0,377000000.0,0.0,0.0,21700000.0,66400000.0,0.1574579085,44700000.0,0.1059995257,-69700000.0,-25000000.0,-0.0592838511,-13900000.0,-11100000.0,-0.0263220299,-0.0587,-0.0582,188952381,190769231,https://www.sec.gov/Archives/edgar/data/908255/000090825597000006/0000908255-97-000006-index.html,https://www.sec.gov/Archives/edgar/data/908255/,2.231779233308524,-0.0587449596626146,0.5519909272802442,0.3715221773257252,0.0608618951459521,3.364868950764902,0.4239163305383275,3.3278225798064964,1.6792590721574447,799268571.6300001,1105068571.63,-18.001544406081084,1.8953487589044349,7.663169430776606,11.38559218846154,1.2711014179866411,1.2711014179866411,2.620508825302348,16.642598970331328,10.595096564046022,15.741717544586896,-0.013887697319767,0.0878303019682565,0.5046119592875318,0.195429908844543,4.605421686746988,0.7490381769754365,0.0,-9.396396396396396,0.004379003659386,-0.3153153153153153,0.0,0.0,0.3422641044592264,0.3269415148609779,0.0808631728717097,1.5714285714285714,0.0,,0.0149934275137871,-0.0103942316696319,-4.431275200496151,-84800000.0,80100000.0,-734700000.0,1005100000.0,125750000.0,242500000.0,100200000.0,26.592364239981027,75.17679900744417,25.431141439205955,3.384430176565008,1.1971778685480876,3.538968166849616,-0.0176526717557251,0.1804687499545189,1997-02-06,0.13,bmo,356823076.0,2025-04-25,1996-12-31,0.1538461538461537,4.1409375,635936.921875
1996-09-30,BWA,USD,908255,1996-11-14,1996-11-14 00:00:00,1996,Q3,387700000.0,308100000.0,79600000.0,0.2053133866,0,0.0,0.0,29800000.0,21800000.0,51600000.0,359700000.0,0.0,0.0,21800000.0,49800000.0,0.1284498323,28000000.0,0.0722207893,-1400000.0,26600000.0,0.0686097498,7800000.0,18800000.0,0.0484911014,0.1,0.0988,188000000,190379747,https://www.sec.gov/Archives/edgar/data/908255/000090825596000028/0000908255-96-000028-index.html,https://www.sec.gov/Archives/edgar/data/908255/,2.0622340425531918,0.1,-0.1281914893617021,-0.2654255319148936,0.1175531914893617,3.3845744680851064,0.4792553191489361,3.3845744680851064,2.101063829787234,733200000.0,1106100000.0,9.75,1.8911529533144185,-30.42323651452282,-14.693386773547092,1.1522866572371522,1.1522866572371522,2.8529791075573896,22.210843373493976,-45.89626556016597,-22.16633266533066,0.0256410256410256,-0.0680578286961265,0.6207763633506208,0.2370806074065182,7.4879518072289155,0.935239407509473,0.0,-1.2819148936170213,0.0047735951991271,0.1861702127659574,0.0,0.0,0.3278314626973171,-1.070539419087137,0.0665462986845499,1.18348623853211,0.0,2.759581952613745,0.0139480361461872,0.0167872131440307,-4.563164893617022,-18800000.0,90100000.0,-758300000.0,1075300000.0,130600000.0,235200000.0,107200000.0,29.458344080474596,63.00876338851022,31.927945472249267,3.0551615445232465,1.428372739916551,2.8188472095150963,0.0295458117240295,0.1372340425531915,1996-10-23,0.11,bmo,,2025-04-25,1996-09-30,-0.0909090909090908,4.0725,760950.75
1996-06-30,BWA,USD,908255,1996-08-13,1996-08-13 00:00:00,1996,Q2,381800000.0,297500000.0,84300000.0,0.2207962284,0,0.0,0.0,29200000.0,20300000.0,49500000.0,347000000.0,0.0,0.0,20300000.0,55100000.0,0.144316396,34800000.0,0.0911471975,-1200000.0,33600000.0,0.0880041907,11800000.0,21800000.0,0.057097957,0.12,0.12,187526882,187526882,https://www.sec.gov/Archives/edgar/data/908255/000090825596000017/0000908255-96-000017-index.html,https://www.sec.gov/Archives/edgar/data/908255/,2.0359747676069184,0.1162499998266915,0.4298050452307952,0.321020641723249,0.0895871558297439,3.305659398741563,0.3855447241958622,3.305659398741563,1.9111926577012035,817617205.5200001,1159217205.52,9.3763441,2.14148037066527,10.144134063523577,13.581681154817275,1.3189501621551865,1.3189501621551865,3.036189642535359,21.03842478257713,14.382347463027296,19.25609975946844,0.0266628439969475,0.0736285875512039,0.5781577673818358,0.2172252863809927,6.199637023593467,0.8102874432677761,0.0,3.697247706422018,0.0042807318343723,0.1605504587155963,0.0,0.0,0.3318989029638159,0.2531017369727047,0.0534311157674175,1.0049261083743843,0.0,2.940470260339862,0.0165435019259755,0.0197768302639934,-4.585609224815032,-62700000.0,72300000.0,-762200000.0,1024200000.0,123150000.0,231400000.0,104950000.0,31.657936092194863,77.05210084033614,31.79495798319328,2.84288905435592,1.1680408323517864,2.830637488106565,0.0351669624132924,0.1087844035075461,1996-07-17,0.12,bmo,,2025-04-25,1996-06-30,0.0,4.242539682539682,494289.50793650793
1996-03-31,BWA,USD,908255,1996-05-15,1996-05-15 00:00:00,1996,Q1,348900000.0,277500000.0,71400000.0,0.2046431642,0,0.0,0.0,30800000.0,21000000.0,51800000.0,329300000.0,0.0,0.0,21000000.0,40600000.0,0.1163657208,19600000.0,0.0561765549,-100000.0,19500000.0,0.0558899398,7200000.0,12300000.0,0.0352536543,0.065,0.065,189230769,189230769,https://www.sec.gov/Archives/edgar/data/908255/000095013796000690/0000950137-96-000690-index.html,https://www.sec.gov/Archives/edgar/data/908255/,1.843780490053391,0.0650000000792682,0.0903658537687388,0.0290650406858516,0.0866666667723577,3.193455288447303,1.5446747986317173,3.193455288447303,0.7113008138755701,715292306.8199999,833492306.8199999,14.538461520731708,2.050135588478074,41.82995946315789,130.05314669454543,1.1836708701307297,1.1836708701307297,2.388914608254514,20.529367163054182,48.74224016491228,151.54405578545453,0.0171957672167376,0.0076891642026062,0.2227370511335429,0.0988688115175554,2.911330049261084,0.864691181720814,0.0,1.3902439024390243,0.0050329074780695,0.2926829268292683,0.0,0.0,0.2291758483913618,0.6783625730994152,0.0332473488105474,0.5523809523809524,0.0,2.161117388077248,0.010978667012767,0.0117209834190966,-3.193455288447303,-37900000.0,292300000.0,-514900000.0,787100000.0,101700000.0,201200000.0,99400000.0,28.89079965606191,67.49189189189188,33.98918918918919,3.115178571428572,1.3334935127342624,2.6479007633587788,0.0203541287440013,0.0613008130828871,1996-04-23,0.08,bmo,,2025-04-25,1996-03-31,-0.1249999999999999,3.476825396825397,418332.8888888889
1995-12-31,BWA,USD,908255,1996-06-11,1996-06-11 00:00:00,1995,Q4,346800000.0,273900000.0,72900000.0,0.2102076125,0,0.0,0.0,23000000.0,19300000.0,42300000.0,316200000.0,0.0,0.0,19300000.0,49900000.0,0.1438869666,30600000.0,0.0882352941,-200000.0,30400000.0,0.0876585928,8000000.0,22400000.0,0.0645905421,0.12,0.12,188893091,189230769,https://www.sec.gov/Archives/edgar/data/908255/000095012496002612/0000950124-96-002612-index.html,https://www.sec.gov/Archives/edgar/data/908255/,1.8359591563886264,0.1185855971831177,0.4134613901786381,0.2260537946303181,0.0640573984783805,3.1933407241453846,1.536318763506284,3.176399924547796,0.7131017830609803,664903680.32,787503680.32,7.420800003571428,1.9172539801614763,8.513491425352113,15.571514761592509,1.1081728005333331,1.1081728005333331,2.270771857900808,15.781636880160322,10.083273755697824,18.44270914098361,0.0336890901088402,0.0642198280199767,0.2245,0.1008837627321749,2.45691382765531,0.8217821782178217,0.0,3.486607142857143,0.0051135226058061,0.1517857142857142,0.0,0.0,0.2344218094667465,0.4532650448143406,0.102076124567474,1.83419689119171,0.0,2.911218618338459,0.0202345583963498,0.0219135198591273,-3.199428824000768,-45000000.0,290200000.0,-524500000.0,791000000.0,95650000.0,183350000.0,93150000.0,23.719723183391004,63.84446878422781,30.887185104052573,3.794310722100657,1.4096757591353577,2.913829787234042,0.0373333333333333,0.1874075955483199,1996-01-31,0.12,bmo,,2025-04-25,1995-12-31,0.0,3.3382539682539685,348163.6349206349
1995-09-30,BWA,USD,908255,1995-09-30,1995-09-29 20:00:00,1995,Q3,298500000.0,241000000.0,57500000.0,0.1926298157,0,0.0,0.0,22100000.0,18300000.0,40400000.0,281400000.0,0.0,0.0,18300000.0,35400000.0,0.1185929648,17100000.0,0.0572864322,600000.0,17700000.0,0.0592964824,4500000.0,13200000.0,0.0442211055,0.07,0.07,188571429,188571429,,,1.5829545418569215,0.069999999840909,0.1081818179359504,0.0371212120368457,0.0747727271027892,3.0911363566110537,1.4471969664078856,3.0911363566110537,0.8431818162654958,663771430.08,808671430.08,12.5714286,2.2236898830150755,32.5378152,94.82449001142858,1.1387398011322698,1.1387398011322698,2.709117018693468,22.843825708474576,39.64075637647059,115.52449001142858,0.0198863635911673,0.0105457988741039,0.2727740607308286,0.1214946129747077,4.093220338983051,1.0888265544647031,0.0,1.5454545454545454,0.005423553706682,0.2727272727272727,0.0,0.0,0.2368762894475433,0.6568627450980392,0.0448911222780569,0.73224043715847,0.0,2.206476773183336,0.0114403358507951,0.0132171823370381,-3.132102265608858,19000000.0,272900000.0,-492900000.0,828300000.0,104350000.0,177350000.0,91050000.0,30.12060301507538,64.38174273858921,34.46887966804979,2.987987987987988,1.3979118329466358,2.611050920910076,0.0226453937210499,0.0710606058991046,1995-10-25,0.07,bmo,,2025-04-25,1995-09-30,0.0,3.459206349206349,560437.380952381
1995-06-30,BWA,USD,908255,1995-06-30,1995-06-29 20:00:00,1995,Q2,356000000.0,276900000.0,79100000.0,0.2221910112,0,0.0,0.0,26300000.0,20400000.0,46700000.0,323600000.0,0.0,0.0,20400000.0,52800000.0,0.1483146067,32400000.0,0.091011236,1700000.0,34100000.0,0.0957865169,13000000.0,21100000.0,0.0592696629,0.11,0.11,187555556,187555556,,,1.8981042609049663,0.1124999997334123,0.1306279617757631,-0.1647511844437175,0.0895734595033804,3.12600710159714,1.460367295117613,3.12600710159714,0.8994668225131118,587048890.28,738948890.28,6.955555572037914,1.649013736741573,23.96117919510204,-18.998345963754044,1.0012773158451305,1.0012773158451305,2.07569913,13.995244134090909,30.16117919510204,-23.91420356893204,0.0359424919276077,-0.052636161164127,0.2877366535903121,0.1261685737790741,2.876893939393939,1.0320924261874198,0.0,1.1666666666666667,0.0057916811636903,0.1611374407582938,0.0,0.0,0.2336399670929624,2.2612244897959184,0.1556179775280899,2.715686274509804,0.0,2.812953155878582,0.0177699821322834,0.0205913926027129,-3.239040276684739,7500000.0,273900000.0,-509600000.0,822600000.0,105550000.0,182350000.0,89900000.0,27.50561797752809,59.25243770314193,29.187432286023835,3.272058823529412,1.5189248491497531,3.083518930957684,0.0359884018420603,0.2953791462194807,1995-07-18,0.11,bmo,,2025-04-25,1995-06-30,0.0,2.87984126984127,632879.5079365079
1995-03-31,BWA,USD,908255,1995-03-31,1995-03-30 19:00:00,1995,Q1,327800000.0,253000000.0,74800000.0,0.2281879195,0,0.0,0.0,26400000.0,19600000.0,46000000.0,299000000.0,0.0,0.0,19600000.0,48400000.0,0.1476510067,28800000.0,0.0878584503,300000.0,29100000.0,0.0887736425,11500000.0,17600000.0,0.0536912752,0.0938,0.0938,187733333,187733333,,,1.7460937531003085,0.0937500001664595,-0.0575284091930547,-0.137961647972233,0.0846946024231083,2.959517050709369,1.2938565363882395,2.9509943234215097,0.7196377853686751,501247999.11,620447999.11,7.1199999873579545,1.5291275140634533,-46.41185176944444,-19.3532045988417,0.9047797817870036,0.9047797817870036,1.892763877699817,12.81917353533058,-57.44888880648149,-23.9555212011583,0.0351123596129061,-0.0516710292030835,0.2438628158844765,0.106411468178954,2.462809917355372,0.9714884696016772,0.0,-0.6136363636363636,0.0069825715139302,0.1988636363636363,0.0,0.0,0.2462980466288594,-1.398148148148148,0.0460646735814521,0.7704081632653061,0.0,2.4949456230586917,0.0164310505622402,0.0183927265126972,-3.0701793378376765,-6800000.0,242900000.0,-482300000.0,768200000.0,100600000.0,193050000.0,85650000.0,28.08724832214765,64.88537549407116,32.015810276679844,3.204301075268817,1.3870614035087718,2.811111111111111,0.031768953068592,0.0804332387791783,1995-04-25,0.09,bmo,,2025-04-25,1995-03-31,0.0,2.693174603174603,371853.873015873
1994-12-31,BWA,USD,908255,1994-12-31,1994-12-30 19:00:00,1994,Q4,339100000.0,265100000.0,74000000.0,0.2182247125,0,0.0,0.0,22500000.0,16700000.0,39200000.0,304300000.0,0.0,0.0,16700000.0,51500000.0,0.151872604,34800000.0,0.1026245945,-3700000.0,31100000.0,0.0917133589,11200000.0,19900000.0,0.0586847538,0.11,0.11,187733333,187733333,,,1.8062855145708192,0.1060014206427582,0.3686079551999431,0.1715198866681816,0.0793678978681958,2.8662997209984016,1.2011718771327626,2.849254266422681,0.5715553987421083,518143999.08,610543999.0799999,6.5093467221105525,1.527997638100855,7.48763004450867,16.09142854285714,0.96867451688166,0.96867451688166,1.8004836304335,11.855223283106795,8.822890160115605,18.96099376024845,0.0384063118270863,0.0621448864739788,0.2005982426621798,0.0865113279045392,1.7941747572815534,0.870863599677159,0.0,3.477386934673367,0.0067548789645629,0.1758793969849246,0.0,0.0,0.252035797790857,0.5346820809248555,0.1091123562370982,2.215568862275449,0.0,2.6068299714975645,0.0219817612198969,0.0214509000754554,-3.049405190073518,-32000000.0,225500000.0,-486400000.0,742900000.0,97400000.0,187850000.0,81600000.0,26.248894131524622,69.15503583553377,27.600905318747643,3.428715874620829,1.3014236622484046,3.2607626076260763,0.0372032155543092,0.1970880685317614,1995-02-01,0.1,bmo,,2025-04-25,1994-12-31,0.0999999999999999,2.578888888888889,752081.3650793651
1994-09-30,BWA,USD,908255,1994-09-30,1994-09-29 20:00:00,1994,Q3,285000000.0,221600000.0,63400000.0,0.2224561404,0,0.0,0.0,24600000.0,18200000.0,42800000.0,264400000.0,0.0,0.0,18200000.0,38800000.0,0.1361403509,20600000.0,0.0722807018,-200000.0,20400000.0,0.0715789474,8400000.0,12000000.0,0.0421052632,0.0638,0.0638,188235294,188235294,,,1.5140625009462891,0.0637500000398437,0.1492812500933008,0.0393125000245703,0.0956250000597656,2.737000001710625,1.0635625006647265,2.721593751700996,0.7772187504857617,525176470.26,653476470.26,10.94117646375,1.8427244570526315,18.68955410177936,70.96979327837838,1.0251346286550849,1.0251346286550849,2.2928998956491227,16.8421770685567,23.255390400711743,88.30763111621621,0.0228494623798723,0.0140905018009212,0.2855748584813586,0.1186344469672397,3.306701030927835,1.1164221486038808,0.0,2.341666666666667,0.0066644265274627,0.2916666666666667,0.0,0.0,0.2554330197859228,0.7366548042704626,0.0726315789473684,1.137362637362637,0.0,1.975800101233924,0.0116336857323574,0.0130690481376606,-3.1191015644494384,24600000.0,200200000.0,-482100000.0,781200000.0,104850000.0,168850000.0,74700000.0,30.284210526315796,69.85559566787005,33.26263537906137,2.9718456725756,1.2883720930232558,2.705738705738706,0.0234237751317587,0.1099687500687304,1994-12-01,0.06,bmo,,2025-04-25,1994-09-30,0.0,2.9184375,192756.0
1994-06-30,BWA,USD,908255,1994-06-30,1994-06-29 20:00:00,1994,Q2,312100000.0,240500000.0,71600000.0,0.2294136495,0,0.0,0.0,22000000.0,18000000.0,40000000.0,280500000.0,0.0,0.0,18000000.0,49600000.0,0.158923422,31600000.0,0.1012495995,0.0,31600000.0,0.1012495995,12800000.0,18800000.0,0.0602371035,0.1,0.1,185679012,185679012,,,1.6808577158952138,0.1012500001884973,0.1534906917751156,0.0420079788016106,0.0974800533729681,2.699820483749666,0.9904188848225884,2.685817824149129,0.8293882994164143,462340739.88000005,598240739.8800001,6.148148136702129,1.4813865423902597,16.222482101052634,59.27445383076924,0.9270919187487467,0.9270919187487467,1.9168239022108304,12.061305239516132,20.99090315368421,76.69753075384617,0.0406626506781113,0.0168706742175142,0.3088028875075195,0.1260332269416482,2.739919354838709,1.1660847880299252,0.0,1.5159574468085106,0.0073538836332754,0.1808510638297872,0.0,0.0,0.2597593911122023,0.7263157894736842,0.0663248958667094,1.15,0.0,2.47358621075369,0.0181712739222888,0.0207849640685461,-3.1419813888281567,33300000.0,183900000.0,-486800000.0,785100000.0,110700000.0,167150000.0,68250000.0,32.81640499839795,62.008316008316015,25.259875259875265,2.742530755711775,1.4514182257091128,3.562962962962963,0.0376980148385803,0.111482712973505,1994-07-19,0.08,bmo,,2025-04-25,1994-06-30,0.25,2.8112903225806454,281459.4516129032
1994-03-31,BWA,USD,908255,1994-03-31,1994-03-30 19:00:00,1994,Q1,287200000.0,221200000.0,66000000.0,0.2298050139,0,0.0,0.0,23000000.0,17600000.0,40600000.0,261800000.0,0.0,0.0,17600000.0,43000000.0,0.1497214485,25400000.0,0.0884401114,-800000.0,24600000.0,0.0856545961,10900000.0,13700000.0,0.0477019499,0.0725,0.0725,188965517,188965517,,,1.5198540165399594,0.0725000000926094,0.1688138688287768,0.0608576643113145,0.0926094891693916,2.5322080324316527,0.8398357674961405,2.5216240908122933,0.8308394171196853,619806895.76,759306895.76,11.310344813138686,2.158102004735376,19.42968325266457,53.89625180521739,1.3007489942497377,1.3007489942497377,2.643826238718663,17.65829990139535,23.802724005015676,66.02668658782609,0.0221036585648199,0.0185541659485715,0.3294858342077649,0.1308878699458107,3.244186046511628,1.024896265560166,0.0,2.3284671532846715,0.0046788766305093,0.2116788321167883,0.0,0.0,0.2666110879533139,0.6394984326018809,0.0710306406685236,1.1590909090909092,0.0,2.028151696346182,0.0140235237982398,0.0155734909628282,-3.113266427334465,5400000.0,158700000.0,-498700000.0,751400000.0,103250000.0,158000000.0,68550000.0,33.71866295264624,68.59855334538878,28.07414104882459,2.66914498141264,1.3119810201660735,3.205797101449275,0.0287513116474291,0.1079562045174623,1994-04-26,0.06,bmo,,2025-04-25,1994-03-31,0.1666666666666668,3.377142857142857,264778.6507936508
1993-12-31,BWA,USD,908255,1993-12-31,1993-12-30 19:00:00,1993,Q4,277100000.0,212800000.0,64300000.0,0.2320461927,0,0.0,0.0,22100000.0,15700000.0,37800000.0,250600000.0,0.0,0.0,15700000.0,42200000.0,0.1522915915,26500000.0,0.0956333454,-1300000.0,25200000.0,0.0909418982,10700000.0,14500000.0,0.0523276795,0.077,0.077,188965517,188965517,,,1.4664051113621963,0.0767335767403531,0.2360218981117068,0.121715328622629,0.0497445256109875,2.438540149100325,0.7329379571406142,2.42954379872387,0.8445985412248521,582013792.36,732213792.36,10.034720557931037,2.100374566438109,13.0496366,25.304947493913044,1.267727711522544,1.267727711522544,2.6424171503428364,17.35103773364929,16.417349604484304,31.83538227652173,0.024913498941673,0.0395179638385159,0.347636680461773,0.1376574090046576,3.559241706161137,1.0325680726107849,0.0,3.075862068965517,0.0,0.0,0.0,0.0,0.277988614800759,0.484304932735426,0.0779501984843017,1.375796178343949,0.0,2.048077311596686,0.0153740833565394,0.01732170588938,-3.074502741153562,6100000.0,138500000.0,-505200000.0,746700000.0,92800000.0,112500000.0,70500000.0,32.12197762540599,62.340225563909776,28.80169172932331,2.801820020222447,1.4436906377204886,3.1248164464023493,0.0315835329993465,0.1143065694890777,1993-12-30,,bmo,,2025-04-25,1993-12-31,,2.776875,234521.828125
1993-09-30,BWA,USD,908255,1993-09-30,1993-09-29 20:00:00,1993,Q3,220400000.0,171700000.0,48700000.0,0.2209618875,0,0.0,0.0,20800000.0,18100000.0,38900000.0,210600000.0,0.0,0.0,18100000.0,27900000.0,0.1265880218,9800000.0,0.0444646098,-200000.0,9600000.0,0.0435571688,3200000.0,6400000.0,0.0290381125,0.035,0.035,182857143,182857143,,,1.2053124990583497,0.0349999999726562,0.0382812499700927,-0.0568749999555664,0.0940624999265136,2.538046873017151,0.762343749404419,2.538046873017151,1.033593749192505,530285714.7,702085714.7,20.71428573046875,2.4060150394736843,75.7551021,-50.98901102884615,1.1426108914027149,1.1426108914027149,3.185506872504537,25.16436253405018,100.29795924285716,-67.50824179807692,0.0120689655078125,-0.0196120689501953,0.4072398190045249,0.1637072325682113,6.157706093189964,1.15610599078341,0.0,1.09375,0.0,0.0,0.0,0.0,0.2812472932005197,2.4857142857142858,0.0789473684210526,0.9613259668508288,0.0,1.4137580807689527,0.006515091078314,0.0077127018558688,-3.126621091307327,27100000.0,139400000.0,-489700000.0,767700000.0,86200000.0,76250000.0,68150000.0,35.4038112522686,40.67559697146185,38.21199767035528,2.542099192618224,2.2126288659793816,2.355281207133059,0.0137901314371902,0.0951562499256591,1994-02-04,0.07,bmo,,2025-04-25,1993-09-30,0.1428571428571427,2.658529411764706,1134811.2352941176
1993-06-30,BWA,USD,908255,1993-06-30,1993-06-29 20:00:00,1993,Q2,249400000.0,194100000.0,55300000.0,0.2217321572,0,0.0,0.0,20300000.0,16900000.0,37200000.0,231300000.0,0.0,0.0,16900000.0,35000000.0,0.1403368083,18100000.0,0.072574178,-2700000.0,15400000.0,0.0617481957,6700000.0,8700000.0,0.0348837209,0.0475,0.0475,183157895,183157895,,,1.361666664710249,0.0474999999317528,,,0.0879022987242783,2.011925284465625,0.2260344824338585,2.011925284465625,1.434281607134653,503684211.25,750284211.25,14.47368423132184,2.019583846230954,0.0,0.0,1.366849962686567,1.366849962686567,3.008356901563753,21.43669175,0.0,0.0,0.0172727272479101,,0.7128900949796472,0.2311075921527228,7.045714285714285,0.9762764311500772,0.0,0.0,,,0.0,0.0,0.2877628222046274,0.0,,0.0,,1.4663714211219483,0.0104499996681907,0.01074604743083,-3.582291661519696,-4600000.0,41400000.0,-578900000.0,734400000.0,,,,30.926222935044105,34.72952086553323,29.39721792890263,2.9101516919486583,2.5914552736982643,3.0615141955835963,0.0236092265943012,,1993-06-29,,bmo,,2025-04-25,1993-06-30,,,
1993-03-31,BWA,USD,908255,1993-03-31,1993-03-30 19:00:00,1993,Q1,238500000.0,0.0,238500000.0,1.0,0,0.0,0.0,0.0,0.0,0.0,0.0,0.0,0.0,0.0,238500000.0,1.0,238500000.0,1.0,-238500000.0,0.0,0.0,127600000.0,-127600000.0,-0.5350104822,-0.7,-0.7,183267504,183267504,,,1.3013763749409717,-0.6962500018552116,,,,,,,,503985636.0,,-0.9874326724137932,2.113147320754717,0.0,0.0,0.0,0.0,,,0.0,0.0,-0.2531818188564406,,0.0,0.0,,0.0,0.0,0.0,,,0.0,0.0,0.0,0.0,,0.0,,,0.0,0.0,,,,,,,,,,0.0,0.0,0.0,0.0,0.0,0.0,,1993-03-30,,bmo,,2025-04-25,1993-03-31,,,
1992-12-31,BWA,USD,908255,1992-12-31,1992-12-30 19:00:00,1992,Q4,258500000.0,0.0,258500000.0,1.0,0,0.0,0.0,0.0,-898800000.0,-898800000.0,-898800000.0,0.0,0.0,0.0,-640300000.0,-2.4769825919,-640300000.0,-2.4769825919,640300000.0,0.0,0.0,2400000.0,-2400000.0,-0.0092843327,-0.0136,-0.0131,176280323,183267504,,,1.4664143768331988,-0.0136146789338478,,,0.0533241591575708,4.142266065623217,2.2594694247298377,4.130920499845011,0.609824160578603,484770888.25,582870888.25,-50.49696752604167,1.875322585106383,0.0,0.0,0.6657111895770392,0.6657111895770392,2.2548196837524177,-0.9103090555208496,0.0,0.0,-0.004950792339581,,0.1476242790442186,0.100074474027183,-0.1532094330782445,1.0377245508982036,0.0,0.0,,,0.0,0.0,0.3089741202755539,0.0,,0.0,,,,-0.003233194126364,-1.3603333368069674,6300000.0,398300000.0,-170700000.0,751100000.0,,,,28.967117988394588,0.0,0.0,3.1069711538461537,0.0,0.0,-0.0032957978577313,,1992-12-30,,bmo,,2025-04-25,1992-12-31,,,
1992-09-30,BWA,USD,908255,1992-09-30,1992-09-29 20:00:00,1992,Q3,226500000.0,0.0,226500000.0,1.0,0,0.0,0.0,0.0,0.0,0.0,0.0,0.0,0.0,0.0,226500000.0,1.0,226500000.0,1.0,-226500000.0,0.0,0.0,4200000.0,-4200000.0,-0.0185430464,-0.0225,-0.0225,186666667,186666667,,,1.2133928549760842,-0.0224999999598214,,,,,,,,513333334.25,,-30.555555610119047,2.266372336644592,0.0,0.0,0.0,0.0,,,0.0,0.0,-0.0081818181672077,,0.0,0.0,,0.0,0.0,0.0,,,0.0,0.0,0.0,0.0,,0.0,,,0.0,0.0,,,,,,,,,,0.0,0.0,0.0,0.0,0.0,0.0,,1992-09-29,,bmo,,2025-04-25,1992-09-30,,,
1992-06-30,BWA,USD,908255,1992-06-30,1992-06-29 20:00:00,1992,Q2,230700000.0,0.0,230700000.0,1.0,0,0.0,0.0,0.0,0.0,0.0,0.0,0.0,0.0,0.0,230700000.0,1.0,230700000.0,1.0,-230700000.0,0.0,0.0,1300000.0,-1300000.0,-0.0056350238,-0.0075,-0.0075,173333333,173333333,,,1.33096154102108,-0.007500000014423,,,,,,,,476666665.75,,-91.6666664903846,2.0661754042045946,0.0,0.0,0.0,0.0,,,0.0,0.0,-0.0027272727325174,,0.0,0.0,,0.0,0.0,0.0,,,0.0,0.0,0.0,0.0,,0.0,,,0.0,0.0,,,,,,,,,,0.0,0.0,0.0,0.0,0.0,0.0,,1992-06-29,,bmo,,2025-04-25,1992-06-30,,,
1992-03-31,BWA,USD,908255,1992-03-31,1992-03-30 19:00:00,1992,Q1,210300000.0,0.0,210300000.0,1.0,0,0.0,0.0,0.0,0.0,0.0,0.0,0.0,0.0,0.0,210300000.0,1.0,210300000.0,1.0,-210300000.0,0.0,0.0,4200000.0,-4200000.0,-0.0199714693,-0.0225,-0.0225,186666667,186666667,,,1.1266071408453444,-0.0224999999598214,,,,,,,,513333334.25,,-30.555555610119047,2.440957366856871,0.0,0.0,0.0,0.0,,,0.0,0.0,-0.0081818181672077,,0.0,0.0,,0.0,0.0,0.0,,,0.0,0.0,0.0,0.0,,0.0,,,0.0,0.0,,,,,,,,,,0.0,0.0,0.0,0.0,0.0,0.0,,1992-03-30,,bmo,,2025-04-25,1992-03-31,,,
