date,symbol,reportedCurrency,cik,fillingDate,acceptedDate,calendarYear,period,revenue,costOfRevenue,grossProfit,grossProfitRatio,researchAndDevelopmentExpenses,generalAndAdministrativeExpenses,sellingAndMarketingExpenses,sellingGeneralAndAdministrativeExpenses,otherExpenses,operatingExpenses,costAndExpenses,interestIncome,interestExpense,depreciationAndAmortization,ebitda,ebitdaratio,operatingIncome,operatingIncomeRatio,totalOtherIncomeExpensesNet,incomeBeforeTax,incomeBeforeTaxRatio,incomeTaxExpense,netIncome,netIncomeRatio,eps,epsdiluted,weightedAverageShsOut,weightedAverageShsOutDil,link,finalLink,revenuePerShare,netIncomePerShare,operatingCashFlowPerShare,freeCashFlowPerShare,cashPerShare,bookValuePerShare,tangibleBookValuePerShare,shareholdersEquityPerShare,interestDebtPerShare,marketCap,enterpriseValue,peRatio,priceToSalesRatio,pocfratio,pfcfRatio,pbRatio,ptbRatio,evToSales,enterpriseValueOverEBITDA,evToOperatingCashFlow,evToFreeCashFlow,earningsYield,freeCashFlowYield,debtToEquity,debtToAssets,netDebtToEBITDA,currentRatio,interestCoverage,incomeQuality,dividendYield,payoutRatio,salesGeneralAndAdministrativeToRevenue,researchAndDdevelopementToRevenue,intangiblesToTotalAssets,capexToOperatingCashFlow,capexToRevenue,capexToDepreciation,stockBasedCompensationToRevenue,grahamNumber,roic,returnOnTangibleAssets,grahamNetNet,workingCapital,tangibleAssetValue,netCurrentAssetValue,investedCapital,averageReceivables,averagePayables,averageInventory,daysSalesOutstanding,daysPayablesOutstanding,daysOfInventoryOnHand,receivablesTurnover,payablesTurnover,inventoryTurnover,roe,capexPerShare,report_date,epsEstimated,time,revenueEstimated,updatedFromDate,fiscalDateEnding,surprise(%),QuarterAvgPrice,QuarterAvgVolume
2025-03-31,BX,USD,1393818,2025-05-02,2025-05-02 16:01:42,2025,Q1,2826440000.0,0.0,2826440000.0,1.0,0,344477000.0,0.0,344477000.0,1029362000.0,1373839000.0,1373839000.0,97420000.0,118115000.0,8975000.0,0.0,0.0,1452601000.0,0.5139330748,0.0,1452601000.0,0.5139330748,243827000.0,614852000.0,0.2175358401,0.7966505310853458,0.7959923058962084,771796385,772434602,https://www.sec.gov/Archives/edgar/data/1393818/000119312525111595/0001193125-25-111595-index.htm,https://www.sec.gov/Archives/edgar/data/1393818/000119312525111595/d894615d10q.htm,3.6732575806677215,0.7990651738542869,1.4415460533791942,0.0,0.0,-32.99793264960765,-32.99793264960765,10.368410357013335,0.0,107555698048.32,107555698048.32,43.73235268337746,38.05341632878108,96.9653377860078,0.0,13.481333703719672,13.481333703719672,38.05341632878108,0.0,96.9653377860078,0.0,0.0057165916000449,0.0,0.0,0.0,0.0,0.0,0.0,1.8040406471801345,0.0103019029904135,1.8021058195468176,0.1218766363340456,0.0,0.0,0.0,0.0,0.0,0.1667475693805635,13.653325659035882,0.2753246278037723,0.0,-27.48570893772537,5655278000.0,-25390726000.0,-19735448000.0,5655278000.0,5651261500.0,0.0,0.0,180.07635753810447,0.0,0.0,0.4997879856657798,0.0,0.0,0.0770672790080871,0.0,2025-04-17,1.05,bmo,2750774741.0,2025-05-12,2025-03-31,0.0380952380952381,162.31633333333332,3888242.966666667
2024-12-31,BX,USD,1393818,2025-02-28,2025-02-28 16:06:07,2024,Q4,2811479000.0,0.0,2811479000.0,1.0,0,345382000.0,1039203000.0,1384585000.0,0.0,1384585000.0,1384585000.0,0.0,0.0,0.0,1426894000.0,0.5075243315,1426894000.0,0.5075243315,134383000.0,1561277000.0,0.5553223054,232451000.0,703873000.0,0.2503568407,0.92,0.91,768689957,768769985,https://www.sec.gov/Archives/edgar/data/1393818/000119312525042469/0001193125-25-042469-index.htm,https://www.sec.gov/Archives/edgar/data/1393818/000119312525042469/d912273d10k.htm,3.6574941228222655,0.9156786732937634,0.2099741235464066,0.1945114524242444,2.565585750198633,25.361349946712,22.687391504452812,10.683528417686873,0.0,132537522385.94,130565382385.94,47.07437363911529,47.14156583988,821.1488019946098,886.4259551357352,16.13886286056524,16.13886286056524,46.44010586098633,91.50321074020914,808.9302214054087,873.2360595371824,0.0053107451182795,0.0011281258115314,0.0,0.0,-1.382120886344746,0.0,0.0,0.1214643602698923,0.0082118028193611,1.5462618966773836,0.1228470851107193,0.0,0.0472843549699648,0.0736408413617917,0.0042276680707912,1.3175922846691055,0.0,14.836114058980677,0.0279377531342425,0.0169958393728949,-23.113722363878885,7812162000.0,17439570000.0,-16162698000.0,11212545000.0,5555566000.0,0.0,0.0,180.77746623752125,0.0,0.0,0.4978496594357071,0.0,0.0,0.0857093871513303,0.0154626711221621,2025-01-30,1.48,bmo,3787418780.0,2025-04-30,2024-12-31,0.1418918918918918,174.2321875,3279855.609375
2024-09-30,BX,USD,1393818,2024-11-01,2024-11-01 16:02:39,2024,Q3,3648169000.0,0.0,3648169000.0,1.0,0,344415000.0,1440344000.0,1784759000.0,0.0,1784759000.0,1784759000.0,0.0,0.0,0.0,1863410000.0,0.5107795171,1863410000.0,0.5107795171,-53470000.0,1809940000.0,0.4961228496,245303000.0,780835000.0,0.2140347665,1.02,1.02,768230595,768280366,https://www.sec.gov/Archives/edgar/data/1393818/000119312524249809/0001193125-24-249809-index.htm,https://www.sec.gov/Archives/edgar/data/1393818/000119312524249809/d896208d10q.htm,4.748794208072383,1.0164070593934105,3.6828577492412937,3.6576218368392377,3.063314602824429,25.337367616815627,22.6500664165816,9.121814524973455,0.0,117639151012.35,115285819012.35,37.66453572532929,32.24608043441792,41.57912426336487,41.86600114251519,16.787230170133896,16.787230170133896,31.601008344829964,61.86819809507837,40.747347743227614,41.02848574604336,0.006637543651756,0.0238857300126639,0.0,0.0,-1.2629169103954578,3.07767054756099,0.0,1.0042954256077792,0.0091058120598604,1.3718647345469914,0.0944076329797221,0.0,0.0484896199081151,0.0068522636822602,0.005314172671277,2.163003458663394,0.2836272113490356,14.443276125843411,0.040316949184726,0.0192746533501106,-21.68522557995754,5444598000.0,17400474000.0,-15045373000.0,9004621000.0,5289747000.0,0.0,0.0,134.79359920003705,0.0,0.0,0.6676874906087918,0.0,0.0,0.1114259730463406,0.0252359124020568,2024-10-17,0.92,bmo,2412460742.0,2025-04-24,2024-09-30,0.0978260869565217,138.73046875,3443680.53125
2024-06-30,BX,USD,1393818,2024-08-02,2024-08-02 16:03:10,2024,Q2,2668134000.0,0.0,2668134000.0,1.0,0,317888000.0,1206202000.0,1524090000.0,0.0,1524090000.0,1524090000.0,0.0,0.0,0.0,1144044000.0,0.4287805635,1144044000.0,0.4287805635,64565000.0,1208609000.0,0.4529791232,260246000.0,444414000.0,0.1665635984,0.58,0.58,769187351,769234677,https://www.sec.gov/Archives/edgar/data/1393818/000119312524192846/0001193125-24-192846-index.htm,https://www.sec.gov/Archives/edgar/data/1393818/000119312524192846/d844230d10q.htm,3.4687699902126967,0.5777708115223543,0.6131159065302935,0.597020998074109,3.096041552040551,24.27795383754302,21.58231928595508,8.884146354091566,0.0,94017769912.73,91636333912.73,52.888618446274194,35.23727440703128,199.35871618747623,204.7331675004627,13.758215491768365,13.758215491768365,34.344727031224814,80.0986097673953,194.3090322385449,199.5473506497525,0.0047269149269602,0.0048844064311061,0.0,0.0,-2.0815947638377543,1.3747786313402617,0.0,1.0611749404834232,0.011573088800234,2.448338711201717,0.1191424418713602,0.0,0.0510889865324477,0.0262510045568181,0.0046399468692352,1.3755555555555556,0.1128129246881903,10.746744162557054,0.025735446622399,0.0115397495626055,-20.401522112393657,2137421000.0,16600847000.0,-14070157000.0,5728328000.0,5005066500.0,1011679500.0,0.0,172.55678687802038,0.0,0.0,0.5215674308053766,0.0,0.0,0.0650339141763759,0.0160949084561844,2024-07-18,0.982,bmo,2582788283.0,2025-04-24,2024-06-30,-0.0224032586558045,123.05492063492063,3182165.396825397
2024-03-31,BX,USD,1393818,2024-05-03,2024-05-03 16:02:54,2024,Q1,3534805000.0,0.0,3534805000.0,1.0,0,373900000.0,1308304000.0,1682204000.0,0.0,1682204000.0,1682204000.0,0.0,0.0,0.0,1852601000.0,0.524102744,1852601000.0,0.524102744,27053000.0,1879654000.0,0.5317560658,283671000.0,847386000.0,0.2397263781,1.12,1.11,759798537,760257644,https://www.sec.gov/Archives/edgar/data/1393818/000119312524130670/0001193125-24-130670-index.htm,https://www.sec.gov/Archives/edgar/data/1393818/000119312524130670/d806510d10q.htm,4.652292453677099,1.1152772198612433,0.0254962322992733,0.0021268795888718,3.2962303532311226,24.318859671613183,21.578094983881236,9.153831787386029,0.0,99556402303.11,97051931303.11,29.37162116883864,28.16460944892576,5139.190703237146,61606.68459350866,14.314224146062989,14.314224146062989,27.456092005955067,52.38685032724801,5009.907665863618,60056.88818261757,0.0085116173384815,1.6232004799449432e-05,0.0,0.0,-1.351867455539536,1.4342815047082562,0.0,0.0228608922026089,0.0118177733704951,1.388428649989497,0.1057766977244855,0.0,0.0524458057061068,0.9165806318397688,0.0050231908125059,1.9770626878966708,0.0907130662087441,15.155984016405888,0.04582290325245,0.0225225616724785,-19.81249208433261,2335658000.0,16395005000.0,-13514998000.0,5758215000.0,4777206000.0,2150308500.0,0.0,124.61998328054872,0.0,0.0,0.7221955711339566,0.0,0.0,0.1218371984285416,0.0233693527104014,2024-04-18,0.96,bmo,2566417918.0,2025-04-24,2024-03-31,0.0208333333333333,124.88622950819672,3809940.032786885
2023-12-31,BX,USD,1393818,2024-01-25,2024-01-25 06:56:02,2023,Q4,1287168000.0,0.0,1287168000.0,1.0,0,289760000.0,543078000.0,832838000.0,0.0,832838000.0,832838000.0,0.0,0.0,0.0,454330000.0,0.3529686878,454330000.0,0.3529686878,-299250000.0,155080000.0,0.1204815533,45957000.0,151800000.0,0.1179333234,0.2,0.2,758151673,758278385,https://www.sec.gov/Archives/edgar/data/1393818/000119312524044485/0001193125-24-044485-index.htm,https://www.sec.gov/Archives/edgar/data/1393818/000119312524044485/d734131d10k.htm,1.6977711002162492,0.2002237882023377,1.1814100422093246,1.1400898141921003,3.898779235431431,23.8411582321998,21.08259411570275,8.99133806963188,0.0,97248115095.71,94292249095.71,160.15829231836298,75.55199872565974,108.57364963660338,112.5086799331645,14.265952298382611,14.265952298382611,73.25558831147916,207.54132259747325,105.27354290300865,109.08896756761354,0.0015609557043918,0.0088882031199197,0.0,0.0,-6.505989038804393,3.206066072440612,0.0,5.900447957839262,0.010687302247217,6.846640309617919,0.2251143595863166,0.0,0.0519120928982243,0.0349753485588731,0.0243379263623707,0.3038447362805765,0.1474453995127287,6.364455578403056,0.0084469003854398,0.0039742256543334,-20.78942256716487,5383377000.0,15983804000.0,-14388678000.0,8858847000.0,4876002500.0,1933003000.0,0.0,325.8236220912888,0.0,0.0,0.2762230664011952,0.0,0.0,0.0222685196187418,0.0413202280172242,2024-01-25,0.95,bmo,2571980000.0,2025-04-24,2023-12-31,0.1684210526315791,108.19111111111113,3655884.0
2023-09-30,BX,USD,1393818,2023-11-03,2023-11-03 16:02:56,2023,Q3,2366917000.0,0.0,2366917000.0,1.0,0,318120000.0,946186000.0,1264306000.0,0.0,1264306000.0,1264306000.0,0.0,0.0,0.0,1102611000.0,0.4658426975,1102611000.0,0.4658426975,14691000.0,1117302000.0,0.4720495057,196560000.0,551994000.0,0.2332122335,0.73,0.73,757958602,758046096,https://www.sec.gov/Archives/edgar/data/1393818/000119312523270358/0001193125-23-270358-index.htm,https://www.sec.gov/Archives/edgar/data/1393818/000119312523270358/d547912d10q.htm,3.1227523426140893,0.7282640483840039,1.428724467461087,1.3460444901712456,3.920549212264234,24.81761002561984,22.0464665958102,9.41057068443957,0.0,81207684618.28,78236070618.28,36.77924244569687,34.309477103878166,74.98996653315037,79.59618035089576,11.385069364300785,11.385069364300785,33.05399835240526,70.95527853275543,72.24587605135773,76.68353575341634,0.0067973123799141,0.0125634169327164,0.0,0.0,-2.695070156201961,5.195364526029301,0.0,1.9618220487903857,0.0127949221170887,1.882350170472868,0.1344026850117684,0.0,0.0504133286088508,0.0578697846735751,0.0264766360628615,-1.6377796362115826,0.1079953373945939,12.417771814851092,0.0226733323984332,0.0139521337025263,-21.19165704778161,6665377000.0,16710309000.0,-14598977000.0,10166925000.0,5025292000.0,1483293000.0,0.0,193.6234815162509,0.0,0.0,0.4648196556286292,0.0,0.0,0.0773878729361432,0.0826799772898414,2023-10-19,1.01,bmo,3104830000.0,2025-04-24,2023-09-30,-0.0693069306930693,104.1304761904762,6409987.174603174
2023-06-30,BX,USD,1393818,2023-08-04,2023-08-04 16:02:54,2023,Q2,2738259000.0,0.0,2738259000.0,1.0,0,306619000.0,1060595000.0,1367214000.0,0.0,1367214000.0,1367214000.0,0.0,0.0,0.0,1371045000.0,0.5006995321,1371045000.0,0.5006995321,55931000.0,1426976000.0,0.5211252844,223269000.0,601274000.0,0.2195825888,0.79,0.79,758479943,758548248,https://www.sec.gov/Archives/edgar/data/1393818/000119312523203835/0001193125-23-203835-index.htm,https://www.sec.gov/Archives/edgar/data/1393818/000119312523203835/d868231d10q.htm,3.6101930252360015,0.7927355305161972,2.275044997465411,2.1950442003975312,4.324707634358632,25.16939198746881,22.38827296188635,9.518309701697676,0.0,70515880300.71,67235676300.71001,29.31936201328762,25.75208565030189,40.86512579029263,42.35450018872639,9.767490543349094,9.767490543349094,24.554169748263405,49.039729768687394,38.9641930003141,40.38428581510448,0.0085267885394879,0.0236102420178286,0.0,0.0,-2.3924845646933544,6.125806517166749,0.0,2.8698663171865078,0.0149291336293422,1.7508506936937236,0.1119758941721729,0.0,0.0507282773563213,0.0351644900021789,0.0221597007441589,1.0769954384906195,0.0950969207076467,13.029727608332315,0.0287657925015978,0.0152323993895528,-20.4267131820518,7062531000.0,16981056000.0,-14051936000.0,10555285000.0,4991582000.0,1476888000.0,0.0,162.97284150257516,0.0,0.0,0.5522392514618939,0.0,0.0,0.0832853264245862,0.0800007970678797,2023-07-20,0.92,bmo,2407110000.0,2025-04-24,2023-06-30,0.0108695652173913,86.38354838709677,3950104.435483871
2023-03-31,BX,USD,1393818,2023-05-05,2023-05-05 16:03:03,2023,Q1,1291558000.0,0.0,1291558000.0,1.0,0,321793000.0,763111000.0,1084904000.0,0.0,1084904000.0,1084904000.0,0.0,0.0,0.0,206654000.0,0.1600036545,206654000.0,0.1600036545,51702000.0,258356000.0,0.2000343771,47675000.0,85812000.0,0.0664406864,0.12,0.11,746064922,746643929,https://www.sec.gov/Archives/edgar/data/1393818/000119312523137073/0001193125-23-137073-index.htm,https://www.sec.gov/Archives/edgar/data/1393818/000119312523137073/d480850d10q.htm,1.7311603345961897,0.1150194808381568,0.4727845923306926,0.3795527596189544,3.794537065770263,25.083373374308035,22.241131449415604,9.504316301309768,0.0,65534342748.48,62703371748.48,190.92417945182493,50.7405341056925,185.7928566727904,231.43027622348336,9.242116656817808,9.242116656817808,48.54863021906876,303.42200851897377,177.7669245097639,221.43288595399952,0.0013094203191957,0.0043209558244416,0.0,0.0,-13.699086395617796,7.6195590659445,0.0,4.110474059572088,0.0173548700162462,13.253857269379576,0.2491510253507779,0.0,0.0516106299696598,0.1971972738200539,0.0538551114235675,5.352185287780856,0.2148033615215112,4.959494364419756,0.0042094865346419,0.0022022308609913,-21.14175091856148,6971243000.0,16593328000.0,-14348243000.0,10444136000.0,4817155000.0,1413889000.0,0.0,350.1375160852242,0.0,0.0,0.2570418645972624,0.0,0.0,0.0121018153428149,0.0932318327117381,2023-04-20,0.97,bmo,2487000000.0,2025-04-24,2023-03-31,0.0,88.32935483870968,5175418.467741936
2022-12-31,BX,USD,1393818,2023-02-24,2023-02-24 16:04:44,2022,Q4,1847012000.0,0.0,1847012000.0,1.0,0,310871000.0,659329000.0,970200000.0,0.0,970200000.0,970200000.0,0.0,0.0,0.0,876812000.0,0.474719168,876812000.0,0.474719168,-274617000.0,602195000.0,0.3260374053,141146000.0,557854000.0,0.3020305228,0.75,0.75,742742919,742929727,https://www.sec.gov/Archives/edgar/data/1393818/000119312523048733/0001193125-23-048733-index.htm,https://www.sec.gov/Archives/edgar/data/1393818/000119312523048733/d459795d10k.htm,2.486744676727103,0.7510727948117941,0.9628297782533286,0.897243155003407,5.72473044202795,26.49781841945773,23.660377703311365,10.307618967687526,0.0,55104097160.61,50852094161.61,24.6946769049832,29.83418470513998,77.05411867774616,82.68661575882213,7.197588524815662,7.197588524815662,27.532086505994545,57.996576417304965,71.10838395772826,76.30626009926158,0.0101236392345571,0.0120938557083624,0.0,0.0,-4.849389605753571,7.794593767566928,0.0,0.9620550998801356,0.021557435131142,2.1294155818547504,0.1683102221317457,0.0,0.0495597250950616,0.0681186069763051,0.0263744902577785,3.2894861233033965,0.1136403011999922,13.198101158239126,0.0162282338991126,0.013802548835089,-20.375756353727017,7868621999.0,17573578000.0,-13816467001.0,11284804999.0,4737315000.0,1196872500.0,0.0,224.614128116114,0.0,0.0,0.4006871729523381,0.0,0.0,0.072865789584022,0.0655866232499215,2023-01-26,0.96,bmo,2709301826.0,2025-04-24,2022-12-31,0.1145833333333334,86.36,5469906.126984127
2022-09-30,BX,USD,1393818,2022-11-04,2022-11-04 16:09:04,2022,Q3,778225000.0,0.0,778225000.0,1.0,0,275886000.0,604968000.0,880854000.0,0.0,880854000.0,880854000.0,0.0,0.0,0.0,-102629000.0,-0.1318757429,-102629000.0,-0.1318757429,200560000.0,97931000.0,0.1258389283,94231000.0,2296000.0,0.0029503036,0.0031,0.0031,742345646,742495532,https://www.sec.gov/Archives/edgar/data/1393818/000119312522277894/0001193125-22-277894-index.htm,https://www.sec.gov/Archives/edgar/data/1393818/000119312522277894/d354082d10q.htm,1.0483324098327105,0.0030928988569833,1.3240813161582146,1.209058078047918,4.687847256532572,26.585169733722665,23.72626160725135,10.218522922406956,0.0,62134330570.200005,58654327570.200005,6765.497666615854,79.8410878219024,63.21364026406871,69.22744367676502,8.191007705865635,8.191007705865635,75.36936948851553,-571.5180657533447,59.673187574853046,65.35017149137809,3.695219661867856e-05,0.0144451383279321,0.0,0.0,33.90857360005457,1.2578773404914396,0.0,265.6556756756757,0.0275076593618235,744.4120209059233,0.3545067300587876,0.0,0.052715692845391,0.0868702221733884,0.10972019660124,5.733749664249261,0.2443984708792444,0.8432729700413442,-0.0001156536509189,6.0203965055164375e-05,-18.04438245469281,1736161000.0,17613087000.0,-12055268000.0,5133357000.0,4765557000.0,1066762500.0,0.0,562.6286870763597,0.0,0.0,0.1599634040483706,0.0,0.0,0.0003026757272522,0.1150232381102966,2022-10-20,0.96,bmo,2367599801.0,2025-04-24,2022-09-30,0.1041666666666667,96.84609375,3850103.453125
2022-06-30,BX,USD,1393818,2022-08-05,2022-08-05 16:03:40,2022,Q2,404078000.0,0.0,404078000.0,1.0,0,293723000.0,380748000.0,674471000.0,0.0,674471000.0,674471000.0,0.0,0.0,0.0,-270393000.0,-0.6691604096,-270393000.0,-0.6691604096,51161000.0,-219232000.0,-0.5425487158,36514000.0,-29393000.0,-0.0727409065,-0.0416,-0.0416,707382293,707382293,https://www.sec.gov/Archives/edgar/data/1393818/000119312522213575/0001193125-22-213575-index.htm,https://www.sec.gov/Archives/edgar/data/1393818/000119312522213575/d344950d10q.htm,0.5712300180519221,-0.0415517893094901,2.671385782058302,2.6074260244453136,5.913888489148258,30.159219719117285,27.137953819265302,12.20155930592399,0.0,64534486590.39,60351106590.39,-548.8933299628313,159.7079934824217,34.150814387320466,34.988528588997134,7.476913213519099,7.476913213519099,149.35509131996793,-223.19774029057703,31.937023878713504,32.72043414117619,-0.0004554619018907,0.0285807960588108,0.0,0.0,15.47148040075002,9.109329178515964,0.0,-7.388936679361554,0.0257795186403131,-56.60082332528153,0.726896787253946,0.0,0.0513361242457239,0.0239425387536904,0.1119684813328119,2.419724034656113,0.5216814575403759,,-0.0077615772297558,-0.0007442374077071,-17.832307756111728,8041373000.0,19196908000.0,-11264217000.0,11381863000.0,4593959500.0,1022374000.0,0.0,1039.2759566222362,0.0,0.0,0.0865987512041653,0.0,0.0,-0.0034054491125012,0.0639597576129884,2022-07-21,1.47,bmo,3574740677.0,2025-04-24,2022-06-30,0.0136054421768707,107.9967741935484,5012305.693548387
2022-03-31,BX,USD,1393818,2022-05-05,2022-05-05 16:02:55,2022,Q1,4986833000.0,0.0,4986833000.0,1.0,0,242866000.0,1887409000.0,2130275000.0,0.0,2130275000.0,2130275000.0,0.0,0.0,0.0,2856558000.0,0.5728200644,2856558000.0,0.5728200644,124337000.0,2980895000.0,0.5977531231,483281000.0,1216874000.0,0.2440173954,1.58,1.58,734327015,734966915,https://www.sec.gov/Archives/edgar/data/1393818/000119312522142277/0001193125-22-142277-index.htm,https://www.sec.gov/Archives/edgar/data/1393818/000119312522142277/d321316d10q.htm,6.791024840615458,1.6571281937652804,3.742884224407841,3.6664169300648703,5.268180144509596,30.287632819827557,27.35176370979624,13.15485717218234,0.0,93215471284.1,89346904284.09999,19.15060049029316,18.692318608644,33.915021782455234,34.62235812819957,9.649667673202195,9.649667673202195,17.916562332065258,31.277819068998426,32.50750292035549,33.18548385967049,0.0130544209371772,0.0288830701911522,0.0,0.0,-1.354275670229696,9.713076528604583,0.0,1.1004506701195622,0.0210055688506076,1.609077028517332,0.0487014503994819,0.0,0.0497389285798166,0.0204300453228869,0.0112600522215201,3.00310193603594,0.0439292833748393,22.14687124318065,0.0563526977488755,0.029544245571364,-18.851432287289608,7594849000.0,20085139000.0,-12636541000.0,10905789000.0,4907653500.0,995148500.0,0.0,81.60773781676667,0.0,0.0,1.1028365986823017,0.0,0.0,0.1259708237098532,0.0764672943429706,2022-04-21,1.07,bmo,2901404542.0,2025-04-24,2022-03-31,0.4485981308411214,121.96354838709676,5070018.0
2021-12-31,BX,USD,1393818,2022-02-25,2022-02-25 16:18:56,2021,Q4,5655408000.0,0.0,5655408000.0,1.0,0,312632000.0,576032000.0,888664000.0,0.0,888664000.0,888664000.0,0.0,0.0,0.0,4766744000.0,0.8428647411,4766744000.0,0.8428647411,-1388681000.0,3378063000.0,0.5973155252,437694000.0,1398478000.0,0.2472815401,1.91,1.91,726445206,726445206,https://www.sec.gov/Archives/edgar/data/1393818/000119312522054433/0001193125-22-054433-index.htm,https://www.sec.gov/Archives/edgar/data/1393818/000119312522054433/d299999d10k.htm,7.78504414825748,1.9250977065433343,-1.1204520220896057,-1.1477906290980466,2.9179599252527795,29.879811747288205,26.88634991143434,12.971237090110275,0.0,93994745204.34,91875007205.34,16.803043237780642,16.620329639230274,-115.48017893590122,-112.72961872992192,9.975147250885689,9.975147250885689,16.24551353418533,19.274164336356225,-112.87590863451796,-110.18737814067283,0.0148782572574645,-0.0088707831292839,0.0,0.0,-0.4446930649097161,8.008779632062094,0.0,-0.2768179776075724,0.014883108592494,1.0003260687690474,0.0552801849132723,0.0,0.0527858156953878,-0.024399623071281,0.0035116829767189,1.0622024923784563,0.0324169361432455,23.703274507903444,0.103060052128376,0.0358383573170929,-18.44669307515535,6568410999.0,19531460000.0,-11984782001.0,9776595999.0,4753933500.0,904415000.0,0.0,84.24033597575985,0.0,0.0,1.0683718073714414,0.0,0.0,0.1484128069797672,0.027338607008441,2022-01-27,1.37,bmo,3094350000.0,2025-04-24,2021-12-31,0.2481751824817517,133.33375,3674272.703125
2021-09-30,BX,USD,1393818,2021-11-04,2021-11-04 16:03:28,2021,Q3,6107665000.0,0.0,6107665000.0,1.0,0,219255000.0,536199000.0,755454000.0,0.0,755454000.0,755454000.0,0.0,0.0,0.0,5352211000.0,0.8763105049,5352211000.0,0.8763105049,-1687314000.0,3664897000.0,0.6000487912,458904000.0,1401895000.0,0.2295304343,1.94,1.94,722229117,722433099,https://www.sec.gov/Archives/edgar/data/1393818/000119312521320119/0001193125-21-320119-index.htm,https://www.sec.gov/Archives/edgar/data/1393818/000119312521320119/d164309d10q.htm,8.456686190346435,1.941066853996693,2.220440802305676,2.2070863144112205,6.938840988323101,28.90753710778459,25.87071132996152,12.536247552035483,0.0,84024135471.78,79012702471.78,14.984027953552156,13.757161774881236,52.39500187494037,52.712029991919806,9.280288979385231,9.280288979385231,12.936646406078264,14.76262846733434,49.27001832162164,49.568138000466746,0.0166844323018454,0.0189710014991509,0.0,0.0,-0.9363294907469082,10.817209901555763,0.0,0.5002091395707976,0.0110117169882783,0.6599995006758709,0.0358983343061546,0.0,0.0561831761654744,0.0060143408824899,0.0015791632317751,0.5158305701144508,0.0211625881576674,23.39889160680369,0.1226739846788226,0.0380486444657277,-13.829414745127202,8557279000.0,18684581000.0,-8731287000.0,11735566000.0,3978377500.0,1038421500.0,0.0,62.10140209065166,0.0,0.0,1.4492426413919568,0.0,0.0,0.1548363532181148,0.0133544878944557,2021-10-21,0.93,bmo,2007850000.0,2025-04-24,2021-09-30,0.3763440860215053,116.04453125,3518499.203125
2021-06-30,BX,USD,1393818,2021-08-06,2021-08-06 16:03:02,2021,Q2,5219136000.0,0.0,5219136000.0,1.0,0,208831000.0,507104000.0,715935000.0,0.0,715935000.0,715935000.0,0.0,0.0,0.0,4503201000.0,0.8628249963,4503201000.0,0.8628249963,-1357453000.0,3145748000.0,0.6027334793,288250000.0,1309152000.0,0.2508369201,1.82,1.82,721141954,721265180,https://www.sec.gov/Archives/edgar/data/1393818/000119312521239233/0001193125-21-239233-index.htm,https://www.sec.gov/Archives/edgar/data/1393818/000119312521239233/d188135d10q.htm,7.237321266708607,1.815387376560815,1.2474437175790771,1.227932995838431,3.4215787700517004,25.718950197148008,22.651617908781382,11.656728544738089,0.0,70051729411.56,67584285411.56,13.3773101617612,13.4220931226088,77.87124872336547,79.10855097893426,8.33338441632061,8.33338441632061,12.949324449786324,15.008054362121522,75.12837646240929,76.32209700982706,0.0186883608869756,0.0126408585118224,0.0,0.0,-0.5479311272137308,5.3134829428252335,0.0,0.3148152684621301,0.0146072339483333,0.7816219965290508,0.0400125614661124,0.0,0.066431487676198,0.0156405627490039,0.0026958485082588,0.7524868969943309,0.0271309274178714,21.820477805780445,0.1274636701227231,0.0421149479125281,-13.140208661331052,5198532000.0,16335032000.0,-8346464000.0,8376125000.0,3866649500.0,1022056000.0,0.0,64.53431947356803,0.0,0.0,1.394606788049608,0.0,0.0,0.1557372953820985,0.0195107217406463,2021-07-22,0.8,bmo,2007850000.0,2025-04-24,2021-06-30,0.0249999999999998,88.80825396825396,4021264.587301587
2021-03-31,BX,USD,1393818,2021-05-07,2021-05-07 16:03:53,2021,Q1,5193585000.0,0.0,5193585000.0,1.0,0,187505000.0,542638000.0,730143000.0,0.0,730143000.0,730143000.0,0.0,0.0,0.0,4463442000.0,0.8594144507,4463442000.0,0.8594144507,-1092754000.0,3370688000.0,0.6490098843,447000.0,1747872000.0,0.3365444101,2.46,2.46,709033212,709912344,https://www.sec.gov/Archives/edgar/data/1393818/000119312521154893/0001193125-21-154893-index.htm,https://www.sec.gov/Archives/edgar/data/1393818/000119312521154893/d174285d10q.htm,7.324882547250833,2.465148275734085,3.239176897682474,3.209924389268242,4.037077462035728,23.729760066584863,20.583697283844582,11.063163004556126,0.0,52844245290.36,49981823290.36,7.55836887517507,10.174907176903815,23.00893169907571,23.21861544439382,6.736771388915306,6.736771388915306,9.62376148467003,11.198044757915527,21.762603514614984,21.96092928968784,0.0330759194382676,0.0430688902357204,0.0,0.0,-0.641303729274403,8.301232522379697,0.0,0.6812791537568208,0.0237514604116971,0.7180891964628989,0.0361031926886726,0.0,0.0750812538248924,0.0090308462113203,0.0039935805421495,1.1045372244115454,0.0315518086254485,24.77150756633616,0.1545786924335811,0.0636068071982705,-9.91375281303466,6125223000.0,14594525000.0,-5920645000.0,9332945000.0,4039300500.0,778017000.0,0.0,69.15907220157175,0.0,0.0,1.3013477065985657,0.0,0.0,0.2228249077337888,0.029252508414232,2021-04-22,0.72,bmo,1669430000.0,2025-04-24,2021-03-31,0.3333333333333333,69.03754098360656,2879604.344262295
2020-12-31,BX,USD,1393818,2021-02-26,2021-02-26 16:06:18,2020,Q4,3726805000.0,0.0,3726805000.0,1.0,0,216026000.0,459636000.0,675662000.0,0.0,675662000.0,675662000.0,0.0,0.0,0.0,3051143000.0,0.8187020786,3051143000.0,0.8187020786,-970637000.0,2080506000.0,0.5582545905,266342000.0,748870000.0,0.2009415572,1.06,1.06,700184580,700184580,https://www.sec.gov/Archives/edgar/data/1393818/000119312521060361/0001193125-21-060361-index.htm,https://www.sec.gov/Archives/edgar/data/1393818/000119312521060361/d105584d10k.htm,5.322603648312278,1.0695322653349493,0.4427789597994289,0.384574307534736,2.855652719458632,20.83808957917925,17.625450991794192,9.500413448122494,0.0,45378962629.8,43379478629.8,15.14914558928786,12.176371618531157,146.37100197660203,168.52399843207454,6.821808372224894,6.821808372224894,11.639857365706014,14.217451830281307,139.92161531027944,161.09850831609558,0.0165025808568885,0.0059338729753855,0.0,0.0,-0.6553229396327868,8.635295577768357,0.0,0.1708924882204696,0.0145299266838464,0.8804638989410712,0.0579654690814249,0.0,0.0856301504131141,0.1314530669909395,0.0109353722558599,2.289164747514464,0.0238458948080192,15.120266900017144,0.1041220524827159,0.0311771799046553,-9.445372604463811,5475301000.0,12341069000.0,-5486338000.0,8483491000.0,3691289000.0,760556500.0,0.0,98.71473554425305,0.0,0.0,0.9117179872264732,0.0,0.0,0.1125774442528408,0.0582046522646928,2021-01-27,0.89,bmo,2683323426.0,2025-04-24,2020-12-31,0.2696629213483145,58.230625,2691966.046875
2020-09-30,BX,USD,1393818,2020-11-06,2020-11-06 16:09:37,2020,Q3,3185517000.0,0.0,3185517000.0,1.0,0,173315000.0,460983000.0,634298000.0,0.0,634298000.0,634298000.0,0.0,0.0,0.0,2551219000.0,0.8008806734,2551219000.0,0.8008806734,-750108000.0,1801111000.0,0.5654061805,100960000.0,794719000.0,0.249478813,1.13,1.13,700184580,700527966,https://www.sec.gov/Archives/edgar/data/1393818/000119312520287978/0001193125-20-287978-index.htm,https://www.sec.gov/Archives/edgar/data/1393818/000119312520287978/d19352d10q.htm,4.549538923007988,1.1350135702788542,0.1930005370869492,0.1280990792456469,3.754574258119195,19.280170380216028,16.117978490757395,8.82608697266655,0.0,36549635076.0,33920740076.0,11.497659888589553,11.473690165834933,270.4655685827611,407.4970741975405,5.914285703467215,5.914285703467215,10.648425381500084,13.295895050954073,251.01187008643143,378.1871503461809,0.0217435549861849,0.0024540053495334,0.0,0.0,-1.0304466217913868,7.589044401244265,0.0,0.079484704593886,0.0128995542368517,0.5932587493189416,0.0544071810007606,0.0,0.0884177167042075,0.3362760478332938,0.0142655022716877,2.560169014084507,0.0347824230729266,15.013290476935886,0.0993587071211067,0.0348141866236728,-9.20016440522012,5297651000.0,11285560000.0,-5440227000.0,8256622000.0,3112508500.0,861602000.0,0.0,93.09052502309672,0.0,0.0,0.966800863757832,0.0,0.0,0.1285975963973468,0.0649014578413023,2020-10-28,0.57,bmo,3250622238.0,2025-04-24,2020-09-30,0.1052631578947369,53.5175,2876468.8125
2020-06-30,BX,USD,1393818,2020-08-07,2020-08-07 19:59:04,2020,Q2,2532373000.0,0.0,2532373000.0,1.0,0,173134000.0,458457000.0,631591000.0,0.0,631591000.0,631591000.0,0.0,0.0,0.0,1900782000.0,0.7505932183,1900782000.0,0.7505932183,-399021000.0,1501761000.0,0.5930251981,147415000.0,568266000.0,0.2244005919,0.81,0.81,698534168,1204411957,https://www.sec.gov/Archives/edgar/data/1393818/000119312520213629/0001193125-20-213629-index.htm,https://www.sec.gov/Archives/edgar/data/1393818/000119312520213629/d26758d10q.htm,3.625267189507042,0.8135121029612971,0.703351421458313,0.6847052326293651,2.829513702470743,17.888931669266608,14.693858182181293,8.104104651327521,0.0,39578945958.88,37602433958.88,17.41215643680952,15.629192839633022,80.55716995996458,82.75093762963891,6.991518796677756,6.991518796677756,14.848694864018846,19.782612608326467,76.53426815562317,78.61848242463776,0.0143577850857976,0.0120844552176026,0.0,0.0,-1.0398414968155212,5.495511833724073,0.0,0.3627691889664827,0.0119752304796702,0.8340583459154691,0.0683682853987149,0.0,0.0773761794368199,0.026510487162004,0.0051433971219879,0.7338028169014085,0.0473468955797585,12.17939704559291,0.0613853934571397,0.0213533385591958,-17.428288489962597,4132252000.0,10264162000.0,-11296904000.0,7097299000.0,3166476500.0,959951500.0,0.0,104.13555980892232,0.0,0.0,0.8642580897931547,0.0,0.0,0.1003827243060141,0.0186461888289478,2020-07-23,0.43,bmo,2516069000.0,2025-04-24,2020-06-30,0.0,52.63222222222222,4818661.301587301
2020-03-31,BX,USD,1393818,2020-05-08,2020-05-08 16:14:15,2020,Q1,-3255788000.0,0.0,-3255788000.0,1.0,0,162171000.0,476543000.0,638714000.0,0.0,638714000.0,638714000.0,0.0,0.0,0.0,-3894502000.0,1.1961780067,-3894502000.0,1.1961780067,1128644000.0,-2765858000.0,0.8495203005,158703000.0,-1066492000.0,0.3275680112,-1.55,-1.55,674995363,676305359,https://www.sec.gov/Archives/edgar/data/1393818/000119312520137560/0001193125-20-137560-index.htm,https://www.sec.gov/Archives/edgar/data/1393818/000119312520137560/d920035d10q.htm,-4.823422764757571,-1.579999002156108,1.4807020237263466,1.462290045391023,3.0642077166387884,17.152870426459508,13.820080124017087,7.977268134210871,0.0,30759538691.91,28691212691.91,-7.210447591709549,-9.44764790947998,30.775942269139453,31.16344814329525,5.712481921545424,5.712481921545424,-8.812371288274912,-7.367106934830178,28.706513263479437,29.06796255457991,-0.0346719113924974,0.0320888752554536,0.0,0.0,0.5310886988888438,5.6441689283986936,0.0,-0.3833554199884548,0.0253834105842865,-0.7321030068673745,-0.0498100613430604,0.0,0.0834846269796731,0.0124346276565409,-0.0038172018571233,0.700169014084507,-0.0364925480405972,,-0.1587142437822535,-0.0431832754879605,-15.922967533037705,4647457000.0,9328490000.0,-9720221000.0,7599331000.0,3486394500.0,903433500.0,0.0,-94.0649974752656,0.0,0.0,-0.956785227402632,0.0,0.0,-0.1980626670150664,0.0184119783353237,2020-04-23,0.49,bmo,3343439130.0,2025-04-24,2020-03-31,-0.0612244897959183,55.314193548387095,6680658.854838709
2019-12-31,BX,USD,1393818,2020-02-28,2020-02-28 17:00:08,2019,Q4,2037202000.0,0.0,2037202000.0,1.0,0,192200000.0,447646000.0,639846000.0,0.0,639846000.0,639846000.0,0.0,0.0,0.0,1397356000.0,0.6859192167,1397356000.0,0.6859192167,-390019000.0,1007337000.0,0.4944708478,28943000.0,483149000.0,0.2371630305,0.71,0.71,676305359,676305359,https://www.sec.gov/Archives/edgar/data/1393818/000119312520056733/0001193125-20-056733-index.htm,https://www.sec.gov/Archives/edgar/data/1393818/000119312520056733/d844019d10k.htm,3.012251748252079,0.7143947531546915,0.8722066033488284,0.8557362326031783,3.2122191124024497,22.33170534436058,18.97912507891276,10.364821018666513,0.0,37832521782.46,35660080782.46,19.576011635365077,18.570824975854137,64.13618033298411,65.37061055581187,5.397102361850236,5.397102361850236,17.504440297260654,25.519682015506422,60.45331540159152,61.616861456476926,0.0127707320907166,0.0152973942188626,0.0,0.0,-1.554679695081282,0.4071557369545179,0.0,0.6029043514167094,0.015935310986314,1.247799333124978,0.0943450870360425,0.0,0.0695821019320675,0.0188835657542746,0.0054677935717714,0.6275846526564877,0.0418544650947721,12.907474944591735,0.0750231543673289,0.0159359720573869,-18.678769629563146,-8593277000.0,12835684000.0,-11580732000.0,-5700368000.0,3394944000.0,937817000.0,0.0,157.71402148633274,0.0,0.0,0.5706531299615568,0.0,0.0,0.0689249483293636,0.0164703707456501,2020-01-30,0.67,bmo,1946238333.0,2025-04-24,2019-12-31,0.0746268656716416,51.88015625,4602669.3125
2019-09-30,BX,USD,1393818,2019-11-08,2019-11-08 16:05:43,2019,Q3,1588478000.0,0.0,1588478000.0,1.0,0,175103000.0,462766000.0,637869000.0,0.0,637869000.0,637869000.0,0.0,0.0,0.0,950609000.0,0.5984401421,950609000.0,0.5984401421,60340000.0,1010949000.0,0.6364261891,156786000.0,779437000.0,0.4906816462,1.15,1.15,675963129,676219758,https://www.sec.gov/Archives/edgar/data/1393818/000119312519288342/0001193125-19-288342-index.htm,https://www.sec.gov/Archives/edgar/data/1393818/000119312519288342/d798763d10q.htm,2.3499476995882125,1.1530762057289663,1.5953000300405438,1.572196698911961,3.6519196004846,21.64239493601137,18.26185996011625,9.933105389835545,0.0,33014039220.36,30545476220.36,10.589065960545884,20.783441269164573,30.614930784373367,31.06481525740369,4.916891353028181,4.916891353028181,19.22939834253921,32.13253421791715,28.32575662796607,28.74200183144248,0.0236092589215595,0.032190759600982,0.0,0.0,-2.596822668415721,0.4053597801781015,0.0,0.923466368653847,0.0184825914795574,0.782853521195427,0.1102331917722499,0.0,0.0705592897572208,0.0144821229195336,0.0098314235387584,0.8798309859154929,0.0678637034947918,16.053243228874162,0.0446592315754697,0.0258943543220024,-19.0436304107942,-8563481000.0,12344344000.0,-11918678000.0,-5636575000.0,3116871500.0,999581500.0,0.0,182.43538783665875,0.0,0.0,0.49332534146599,0.0,0.0,0.1160841610428193,0.0231033311285829,2019-10-23,0.54,bmo,1585534293.0,2025-04-24,2019-09-30,0.0740740740740739,48.76953125,8092724.453125
2019-06-30,BX,USD,1393818,2019-08-08,2019-08-08 16:05:28,2019,Q2,1460330000.0,0.0,1460330000.0,1.0,0,180894000.0,438521000.0,619415000.0,0.0,619415000.0,619415000.0,0.0,0.0,0.0,840915000.0,0.5758390227,840915000.0,0.5758390227,-155218000.0,685697000.0,0.4695493484,38736000.0,305792000.0,0.2093992454,0.45,0.45,673655305,673985944,https://www.sec.gov/Archives/edgar/data/1393818/000119312519216805/0001193125-19-216805-index.htm,https://www.sec.gov/Archives/edgar/data/1393818/000119312519216805/d754433d10q.htm,2.1677703554936008,0.4539294765889211,0.2439437480567305,0.2221729701957887,2.2035661101191804,20.878757868610563,17.460292990641555,9.364366246622223,0.0,31378864106.9,29894420106.9,25.65376473787738,21.48751590866448,190.94566010016183,209.65646702635163,4.9741753764491685,4.9741753764491685,20.47100320263228,35.54987139829828,181.91256895651537,199.73822130916423,0.0097451583638669,0.0047697073893471,0.0,0.0,-1.7652723521402285,0.3329825017944311,0.0,0.2540091288346592,0.0144484834905258,1.482631985140226,0.1238720015338998,0.0,0.0743526786413357,0.0892450740564947,0.0100429355008799,0.8262535211267605,0.0703950476946991,9.779680058704075,0.0467138179597757,0.0106661658762637,-19.53867304585392,-9330054000.0,11762219000.0,-12249461000.0,-6378039000.0,3022991500.0,832677500.0,0.0,185.7403942944403,0.0,0.0,0.4845472647017738,0.0,0.0,0.0484741267731445,0.0217707778609418,2019-07-18,0.48,bmo,1252047157.0,2025-04-24,2019-06-30,0.1874999999999999,39.88111111111112,4971243.825396826
2019-03-31,BX,USD,1393818,2019-05-09,2019-05-09 16:04:05,2019,Q1,1972619000.0,0.0,1972619000.0,1.0,0,148949000.0,471397000.0,620346000.0,0.0,620346000.0,620346000.0,0.0,0.0,0.0,1352273000.0,0.6855216339,1352273000.0,0.6855216339,-238241000.0,1114032000.0,0.5647476781,41155000.0,481304000.0,0.2439923776,0.71,0.71,674507698,1200480240,https://www.sec.gov/Archives/edgar/data/1393818/000119312519142951/0001193125-19-142951-index.htm,https://www.sec.gov/Archives/edgar/data/1393818/000119312519142951/d709126d10q.htm,2.9245314854805406,0.7135633906434675,0.193520400711572,0.1655622320265943,2.328722125273654,20.97337219715467,17.532911833424322,9.590167790790728,0.0,23877572509.2,22306831509.2,12.402542109145156,12.104502952268026,182.92645049222023,213.81688061751723,3.691280566956712,3.691280566956712,11.308231092370091,16.49580484798558,170.89297951597706,199.75134105110456,0.0201571579277815,0.0046768992097907,0.0,0.0,-1.1615561354844768,0.3540684190715538,0.0,0.1216644592064141,0.0305855630725699,1.5173549357578575,0.0755082456368918,0.0,0.0776776838897576,0.1444714282430993,0.0095598795307152,1.0624225352112675,0.0614305144581898,12.408538774844486,0.0790250516466474,0.0174674517627608,-17.617847854421374,-8652353000.0,11826084000.0,-10985449000.0,-5676260000.0,2831270500.0,805823000.0,0.0,138.3420721386137,0.0,0.0,0.6505613123231471,0.0,0.0,0.0744057253438975,0.0279581686849777,2019-04-18,0.52,bmo,2347009568.0,2025-04-24,2019-03-31,-0.1538461538461538,33.368032786885244,3294618.7868852457
2018-12-31,BX,USD,1393818,2019-03-01,2019-03-01 16:21:20,2018,Q4,460334000.0,0.0,460334000.0,1.0,0,157096000.0,373790000.0,530886000.0,0.0,530886000.0,530886000.0,0.0,0.0,0.0,-70552000.0,-0.1532626289,-70552000.0,-0.1532626289,21200000.0,-49352000.0,-0.1072091134,29366000.0,-10868000.0,-0.0236089448,-0.0161,-0.0161,674507698,674507698,https://www.sec.gov/Archives/edgar/data/1393818/000119312519061011/0001193125-19-061011-index.htm,https://www.sec.gov/Archives/edgar/data/1393818/000119312519061011/d663205d10k.htm,0.682474049391798,-0.0161124921661012,2.05416780877125,2.039910002628317,3.273262864970297,20.391295815870738,16.924519963002705,9.457599993173094,0.0,20107074477.38,17899233477.379997,-462.529317201417,43.67931649059161,14.51195947707484,14.61338978758444,3.151962445178285,3.151962445178285,38.88314458063058,-253.70271191578848,12.918485540333382,13.008778377888488,-0.0005405062786347,0.068430392573912,0.0,0.0,31.293812100207116,0.3929732679327313,0.0,-17.60146345181534,0.038971407843619,-72.10167464114832,0.3412652552277259,0.0,0.0808433982779394,0.0069409159670658,0.020891352800358,0.6180194074930917,0.1828998075310535,,-0.0068907033206356,-0.0004087822280384,-16.293294031464114,-7644630000.0,11415719000.0,-10221630000.0,-5185891000.0,2761822500.0,852737500.0,0.0,514.2624485699514,0.0,0.0,0.1750079171642219,0.0,0.0,-0.0017036554916397,0.014257806142933,2019-01-31,-0.00193,bmo,1082970000.0,2025-04-24,2018-12-31,9.362694300518134,33.053333333333335,6515401.158730159
2018-09-30,BX,USD,1393818,2018-11-07,2018-11-07 16:04:03,2018,Q3,1885225000.0,0.0,1885225000.0,1.0,0,171115000.0,419285000.0,590400000.0,0.0,590400000.0,590400000.0,0.0,0.0,0.0,1294825000.0,0.6868278322,1294825000.0,0.6868278322,-319039000.0,975786000.0,0.5175965734,26798000.0,442742000.0,0.2348483603,0.65,0.64,682435177,1205877983,https://www.sec.gov/Archives/edgar/data/1393818/000119312518320873/0001193125-18-320873-index.htm,https://www.sec.gov/Archives/edgar/data/1393818/000119312518320873/d634746d10q.htm,2.762496810741044,0.6487678462682764,1.9355200970245408,1.9357223140330584,2.8397759454888125,21.55073990272925,18.4082289767428,10.239092642787377,0.0,26451187460.52,24513224460.52,14.936005314901228,14.0307854290708,20.025625184458388,20.023533189140085,3.785491679021318,3.785491679021318,13.002811049354852,18.93168919392196,18.55843507372052,18.556496349764007,0.0167380765291093,0.0499412361721635,0.0,0.0,-1.4966987816886452,0.3701763203365637,0.0,1.391869022579843,0.0292413715321646,1.7469971224776506,0.090766354148709,0.0,0.0704049529032112,0.0001044768322624,7.320081157421528e-05,0.009533020171318,0.0390934769059396,12.225500678338564,0.0734292974082179,0.0156358657324743,-17.06454824206695,-8383583000.0,12562423000.0,-10825957000.0,-6122408000.0,2913475000.0,890149000.0,0.0,138.12439364001645,0.0,0.0,0.6515865708309312,0.0,0.0,0.0633618494237652,0.0002022170085174,2018-10-18,0.74,bmo,1875900000.0,2025-04-24,2018-09-30,0.027027027027027,36.12698412698413,3501955.0634920634
2018-06-30,BX,USD,1393818,2018-08-08,2018-08-08 16:07:54,2018,Q2,2593250000.0,0.0,2593250000.0,1.0,0,163450000.0,427479000.0,590929000.0,0.0,590929000.0,590929000.0,0.0,0.0,0.0,2002321000.0,0.7721280247,2002321000.0,0.7721280247,-312613000.0,1689708000.0,0.6515792924,138731000.0,742042000.0,0.2861436421,1.09,1.09,681794492,682010610,https://www.sec.gov/Archives/edgar/data/1393818/000119312518242726/0001193125-18-242726-index.htm,https://www.sec.gov/Archives/edgar/data/1393818/000119312518242726/d704423d10q.htm,3.803565488469802,1.0883660820187442,-1.306616598480822,-1.3127944131294038,2.508455289779607,21.466286647560658,18.29959048715812,10.33647100804094,0.0,21933328807.64,20223077807.64,7.389517307524372,8.457853584359395,-24.620841368006072,-24.50497936178295,3.1122807750318597,3.1122807750318597,7.7983525721160705,10.09981806495562,-22.701031614558776,-22.59420394661339,0.0338317091084471,-0.0408080327363818,0.0,0.0,-0.8541342771713426,0.3689397646692122,0.0,-0.5743760223394673,0.0194500800011442,0.5749068112047566,0.063029017641955,0.0,0.0717876867516886,-0.0047281005428559,0.0016242167164754,0.2906431134418989,0.04504000771233,15.909806730150487,0.106593881754724,0.0265809952127901,-16.910081608579496,-8098396000.0,12476560000.0,-10705097000.0,-5817042000.0,2762487000.0,1101516500.0,0.0,101.81430251614768,0.0,0.0,0.8839622506447564,0.0,0.0,0.1052937778446902,0.0061778146485818,2018-07-19,0.75,bmo,2193833333.0,2025-04-24,2018-06-30,0.2,31.82359375,4249674.6875
2018-03-31,BX,USD,1393818,2018-05-08,2018-05-08 16:03:27,2018,Q1,1730460000.0,0.0,1730460000.0,1.0,0,181698000.0,389403000.0,571101000.0,0.0,571101000.0,571101000.0,0.0,0.0,0.0,1159359000.0,0.6699715683,1159359000.0,0.6699715683,-262560000.0,896799000.0,0.5182431261,54495000.0,367872000.0,0.2125862487,0.55,0.53,674479140,1210573854,https://www.sec.gov/Archives/edgar/data/1393818/000119312518155958/0001193125-18-155958-index.htm,https://www.sec.gov/Archives/edgar/data/1393818/000119312518155958/d572574d10q.htm,2.565624194100354,0.5454164231083559,-2.6239996095357374,-2.630947192822005,2.5900697240243784,20.052227263840955,16.829699136432893,9.658128196522132,0.0,21549608523.0,19802660523.0,14.644773537398876,12.4531098800319,-12.176068885030396,-12.143915350018794,3.3080944205633043,3.3080944205633043,11.443581777677611,17.080697629465938,-11.188999483567091,-11.159452518118997,0.0170709365605119,-0.0823457650335525,0.0,0.0,-1.506822304394066,0.365617569352708,0.0,-2.1011808088291164,0.0493154666297415,2.8888553627348643,0.1049998266356922,0.0,0.0778111488497183,-0.0026477074390634,0.0027079504871537,0.3233508142423406,0.05329392184737,10.886840176770937,0.068825196688606,0.0142808301617629,-15.89098367074777,-7683640000.0,11351281000.0,-9980206000.0,-5386139000.0,2747231500.0,1647876500.0,0.0,134.77209528102355,0.0,0.0,0.6677940252567429,0.0,0.0,0.0564722699896196,0.0069475832862673,2018-04-19,0.45,bmo,1224761538.0,2025-04-24,2018-03-31,0.4444444444444445,34.09360655737705,5813917.344262295
2017-12-31,BX,USD,1393818,2018-03-01,2018-03-01 16:03:33,2017,Q4,1884607000.0,0.0,1884607000.0,1.0,0,171300000.0,364484000.0,535784000.0,0.0,535784000.0,535784000.0,0.0,0.0,0.0,1348823000.0,0.7157051842,1348823000.0,0.7157051842,51307000.0,1400130000.0,0.7429294277,596590000.0,304138000.0,0.1613800649,0.45,-0.9,668817896,674479140,https://www.sec.gov/Archives/edgar/data/1393818/000119312518067079/0001193125-18-067079-index.htm,https://www.sec.gov/Archives/edgar/data/1393818/000119312518067079/d522506d10k.htm,2.8178178414053683,0.4547396261657448,-0.9635373153950414,-0.969431296437678,2.9791323047970595,20.51842673779172,17.24695327231495,9.919730078514526,0.0,21415549029.92,19423052029.92,17.603480188204042,11.36340310203666,-33.23171763915765,-33.02967432314424,3.2279104115295625,3.2279104115295625,10.306155092239392,14.400000615292,-30.139847446693288,-29.95660218719781,0.0142017372319095,-0.0302758056351554,0.0,0.0,-1.47721161338441,0.3836476168440537,0.0,-0.8451066430265007,0.0248563321564298,1.7502318026685255,0.0908942819378257,0.0,0.0635758121118311,-0.0061170241655041,0.0020916827752417,0.2839034929780338,0.0402810771688739,10.07447878653272,0.0360884679833269,0.0094371029274976,-24.704728819038657,-7991625000.0,11535071000.0,-15718453000.0,-5677039000.0,2918110500.0,1719276000.0,0.0,138.641080076642,0.0,0.0,0.6491582433593797,0.0,0.0,0.0458419354726879,0.0058939810426364,2018-02-01,0.7,bmo,1848822535.0,2025-04-24,2017-12-31,0.0142857142857143,32.55952380952381,3636690.507936508
2017-09-30,BX,USD,1393818,2017-11-07,2017-11-07 16:07:50,2017,Q3,1693813000.0,0.0,1693813000.0,1.0,0,147386000.0,359209000.0,506595000.0,0.0,506595000.0,506595000.0,0.0,0.0,0.0,1187218000.0,0.7009144457,1187218000.0,0.7009144457,-292923000.0,894295000.0,0.5279774095,59512000.0,377920000.0,0.2231179003,0.57,0.55,667384727,1200502292,https://www.sec.gov/Archives/edgar/data/1393818/000119312517335723/0001193125-17-335723-index.htm,https://www.sec.gov/Archives/edgar/data/1393818/000119312517335723/d464423d10q.htm,2.537985859541553,0.5662700758808344,-1.3765013834366635,-1.3866035025401473,1.9714071161235909,20.17070732276437,17.25150356939469,9.868390350503182,0.0,22270628339.99,20954941339.99,14.732369509413369,13.148221403419385,-24.24262002315339,-24.066000077793557,3.381503853695703,3.381503853695703,12.371460922776008,17.650457910838615,-22.810433219823302,-22.64424749133886,0.0169694358969384,-0.0415523974390215,0.0,0.0,-1.1082101181080477,0.3445713831983484,0.0,-1.0846599516147886,0.0302184109817667,1.7807551862828113,0.0870143280279464,0.0,0.0613384798627365,-0.0073389821652501,0.0039803685530811,0.6149215614739146,0.0490018673844161,11.213113681468029,0.0578158293730108,0.0126760282292519,-22.15345647249132,-8254468000.0,11513390000.0,-13960833000.0,-6177326000.0,2876978000.0,1567194000.0,0.0,155.8471566814046,0.0,0.0,0.5774888802365852,0.0,0.0,0.0573822128805394,0.0101021191034837,2017-10-19,0.54,bmo,1358139130.0,2025-04-24,2017-09-30,0.2777777777777775,32.90936507936508,3154165.761904762
2017-06-30,BX,USD,1393818,2017-08-08,2017-08-08 16:03:41,2017,Q2,1494637000.0,0.0,1494637000.0,1.0,0,169221000.0,367203000.0,536424000.0,0.0,536424000.0,536424000.0,0.0,0.0,0.0,958213000.0,0.6411008158,958213000.0,0.6411008158,-193626000.0,764587000.0,0.5115536415,29608000.0,337407000.0,0.225745114,0.51,0.5,664681299,1200006339,https://www.sec.gov/Archives/edgar/data/1393818/000119312517251308/0001193125-17-251308-index.htm,https://www.sec.gov/Archives/edgar/data/1393818/000119312517251308/d415113d10q.htm,2.2486521017646384,0.5076222251289787,-1.55981069658468,-1.565311077000829,2.6261412839899982,19.94489542573997,16.99732340446064,9.795190582005528,0.0,22167121321.65,20421574321.65,16.424615762009978,14.831107032443333,-21.3807996528183,-21.30566919892968,3.404732120400634,3.404732120400634,13.663233495256708,21.31214492148405,-19.69717144733149,-19.62795713097336,0.0152210562257564,-0.0469358643778359,0.0,0.0,-1.8216690861008984,0.3740008850981654,0.0,-1.3922281650460795,0.0470844177218727,3.0933738778389306,0.1132187949314783,0.0,0.0650292248744196,-0.0035263127943617,0.0024460788806914,0.3334853598467572,0.0592117015703478,10.57713429398537,0.0520401459808908,0.0119780671727005,-19.572865250719204,-7779917000.0,11297803000.0,-12222849000.0,-5692646000.0,2882084000.0,1723204000.0,0.0,169.8607086536731,0.0,0.0,0.5298458996983222,0.0,0.0,0.0518236190382571,0.0055003804161488,2017-07-20,0.62,bmo,1613786440.0,2025-04-24,2017-06-30,-0.0483870967741935,31.366825396825394,5081820.571428572
2017-03-31,BX,USD,1393818,2017-05-09,2017-05-09 16:05:41,2017,Q1,1874472000.0,0.0,1874472000.0,1.0,0,133462000.0,351589000.0,485051000.0,0.0,485051000.0,485051000.0,0.0,0.0,0.0,1389421000.0,0.7412332646,1389421000.0,0.7412332646,-330344000.0,1059077000.0,0.5650001707,57437000.0,451909000.0,0.2410860232,0.68,0.68,660939708,1199506983,https://www.sec.gov/Archives/edgar/data/1393818/000119312517164159/0001193125-17-164159-index.htm,https://www.sec.gov/Archives/edgar/data/1393818/000119312517164159/d377864d10q.htm,2.8360710928870385,0.6837371011759518,0.2286502054132901,0.2135096413363017,3.485461642138166,19.824590414834027,16.843745148385,10.074173059065169,0.0,19629909327.6,17326229327.6,10.85943703688132,10.472233955801952,129.89273264074535,139.10378854142306,2.9481327971902047,2.9481327971902047,9.243258542992372,12.470107568260447,114.64909165718215,122.7791784660955,0.0230214512180455,0.00718887681267,0.0,0.0,-1.6580143815301482,0.4485846658811648,0.0,0.1481944912960595,0.0302375823593562,1.313452487115769,0.0711997826587967,0.0,0.0695256236650922,0.0662171461845901,0.0053385700079809,0.9127143378329076,0.0486905112479674,12.449173964298875,0.0798575103725491,0.0171391858878169,-16.22412206470125,-6551917000.0,11132700000.0,-9904222000.0,-4451065000.0,2579175500.0,1394416000.0,0.0,141.31713890631602,0.0,0.0,0.6368654269151606,0.0,0.0,0.0678702953748343,0.0151405640769883,2017-04-20,0.68,bmo,1587800000.0,2025-04-24,2017-03-31,0.2058823529411763,30.07790322580645,4568552.241935484
2016-12-31,BX,USD,1393818,2017-02-24,2017-02-24 16:06:59,2016,Q4,1528227000.0,0.0,1528227000.0,1.0,0,165186000.0,304347000.0,469533000.0,0.0,469533000.0,469533000.0,0.0,0.0,0.0,1058694000.0,0.6927596489,1058694000.0,0.6927596489,-240299000.0,818395000.0,0.5355192651,48087000.0,367951000.0,0.2407698595,0.56,0.56,655115489,660939708,https://www.sec.gov/Archives/edgar/data/1393818/000119312517056300/0001193125-17-056300-index.htm,https://www.sec.gov/Archives/edgar/data/1393818/000119312517056300/d280098d10k.htm,2.332759682316105,0.5616582208453935,-1.8372027836453737,-1.842343861907988,2.804471930291973,19.103399645005187,16.07931758120895,9.862447321864495,0.0,17707771667.670002,15870518667.670002,12.03133818611038,11.58713441633344,-14.712583847912065,-14.671528241208405,2.7406990494211305,2.7406990494211305,10.384922310409385,14.990657043177729,-13.186093710156369,-13.149297788860832,0.0207790684737474,-0.0681592253758042,0.0,0.0,-1.735395685627764,0.3746130371975442,0.0,-1.5624659227218205,0.0287776468752633,1.3849344070270226,0.1080899630748573,0.0,0.075033053587128,-0.002798318350255,0.0022038610756124,0.215690041626641,0.0532950929410355,11.1639958733218,0.0650137454252372,0.0150662425609733,-15.85956434316576,-6926786000.0,10533810000.0,-9739190000.0,-4818879000.0,2016188500.0,1027850500.0,0.0,130.44957980718834,0.0,0.0,0.6899217316991358,0.0,0.0,0.0569491732138562,0.0051410782626145,2017-01-26,0.64,bmo,1477082352.0,2025-04-24,2016-12-31,0.0625,25.951746031746037,4927528.936507937
2016-09-30,BX,USD,1393818,2016-11-08,2016-11-08 16:02:53,2016,Q3,1394407000.0,0.0,1394407000.0,1.0,0,139450000.0,329634000.0,469084000.0,0.0,469084000.0,469084000.0,0.0,0.0,0.0,925323000.0,0.6635960663,925323000.0,0.6635960663,-206020000.0,719303000.0,0.5158486726,27714000.0,312905000.0,0.2244000496,0.48,0.47,650917510,1195805315,https://www.sec.gov/Archives/edgar/data/1393818/000119312516762944/0001193125-16-762944-index.htm,https://www.sec.gov/Archives/edgar/data/1393818/000119312516762944/d284756d10q.htm,2.14221768285201,0.4807137543434651,0.638100824788075,0.6345781049890639,2.7374928045798,18.97941722292891,15.911842654225111,9.674531570060235,0.0,16617924030.3,14836042030.3,13.277132061088828,11.917556373641268,40.00935120006934,40.23145425170316,2.638887455699422,2.638887455699422,10.639678393969623,16.033365679119616,35.7192880968145,35.91757581332404,0.0188293675810209,0.024856173325071,0.0,0.0,-1.925686490014838,0.3453148744365744,0.0,0.6005749079294205,0.0260753388455692,1.384822869561049,0.1000066695018025,0.0,0.0817882058793652,0.0055206319474372,0.0016444266272329,0.1057998431227795,0.056009472126861,10.229384577410109,0.0656946611607444,0.0139585155442917,-13.695475790780309,-7117082000.0,10357297000.0,-8305567000.0,-4985084000.0,1899808000.0,814359000.0,0.0,117.2952803593212,0.0,0.0,0.7672942996878893,0.0,0.0,0.0496885819083096,0.003522719799011,2016-10-27,0.48,bmo,1205642105.0,2025-04-24,2016-09-30,0.1874999999999999,26.38734375,3888413.6875
2016-06-30,BX,USD,1393818,2016-08-04,2016-08-04 16:04:47,2016,Q2,1155548000.0,0.0,1155548000.0,1.0,0,139580000.0,355424000.0,495004000.0,0.0,495004000.0,495004000.0,0.0,0.0,0.0,660544000.0,0.571628353,660544000.0,0.571628353,-150018000.0,510526000.0,0.4418042349,47415000.0,198626000.0,0.1718890085,0.31,0.3,646933698,1194478212,https://www.sec.gov/Archives/edgar/data/1393818/000119312516671763/0001193125-16-671763-index.htm,https://www.sec.gov/Archives/edgar/data/1393818/000119312516671763/d229830d10q.htm,1.7861923154913473,0.3070268261091571,0.0593754817823696,0.0497438919930864,2.311621739017837,18.727452345510684,15.60748656502973,9.52570567749278,0.0,15875752948.92,14380286948.92,19.981967301511386,13.738722189748932,413.3019095313964,493.3268993791368,2.576187091102637,2.576187091102637,12.44456045869146,21.77036949683897,374.3696487795481,446.85643544078806,0.0125112806075451,0.0020270534634509,0.0,0.0,-2.2639914979168685,0.3573685508533096,0.0,0.081238328282198,0.0208256579113932,1.6645504616716844,0.1207911744038326,0.0,0.087598340362486,0.1622149328334895,0.0053922467954598,0.2729662242081745,0.072952400073385,8.11200108257748,0.0464325446126623,0.0094479221026133,-12.27952419940258,-6514355000.0,10097009000.0,-7303593000.0,-4356594000.0,1891345500.0,608100500.0,0.0,154.39261718249696,0.0,0.0,0.5829294278599938,0.0,0.0,0.0322313995943204,0.0096315897892831,2016-07-21,0.4,bmo,1056900000.0,2025-04-24,2016-06-30,0.0999999999999999,26.59875,3909715.125
2016-03-31,BX,USD,1393818,2016-05-05,2016-05-05 16:06:50,2016,Q1,894998000.0,0.0,894998000.0,1.0,0,128274000.0,346003000.0,474277000.0,0.0,474277000.0,474277000.0,0.0,0.0,0.0,420721000.0,0.4700803801,420721000.0,0.4700803801,-86935000.0,333786000.0,0.3729460848,9146000.0,159753000.0,0.1784953709,0.25,0.23,644897849,1194273401,https://www.sec.gov/Archives/edgar/data/1393818/000119312516579849/0001193125-16-579849-index.htm,https://www.sec.gov/Archives/edgar/data/1393818/000119312516579849/d158514d10q.htm,1.3878135915444805,0.2477183018174402,0.3233550868922188,0.3079510969186067,2.128324667431167,18.469715813860624,15.304504450285428,9.443993354054436,0.0,18089384664.45,16716832664.45,28.30836457601735,20.21164814273328,86.74674108142194,91.08589084653848,2.9701418614359523,2.9701418614359523,18.678067062105168,39.73377289094198,80.16473648738078,84.17464848134665,0.0088313120077518,0.0109786487315011,0.0,0.0,-3.262380532466884,0.3455340554051239,0.0,0.6621713451035184,0.0411921142604911,4.664325552571783,0.1433232253032967,0.0,0.0925693567937169,0.0476380010645899,0.0110994661440584,0.4351673383564044,0.0892069032556497,7.255179178416961,0.0328697941879088,0.0079837914336001,-11.501027273545768,-6284182000.0,9869842000.0,-6822006000.0,-4103626000.0,1827164500.0,605032000.0,0.0,181.04410289185003,0.0,0.0,0.4971164404828094,0.0,0.0,0.0262302494856258,0.015403989973612,2016-04-21,0.37,bmo,1112864516.0,2025-04-24,2016-03-31,-0.1621621621621621,26.41639344262295,6250780.4754098365
2015-12-31,BX,USD,1393818,2016-02-26,2016-02-26 16:13:36,2015,Q4,858541000.0,0.0,858541000.0,1.0,0,30261000.0,411958000.0,442219000.0,0.0,442219000.0,442219000.0,0.0,0.0,0.0,416322000.0,0.4849180179,416322000.0,0.4849180179,24587000.0,440909000.0,0.5135561377,46230000.0,200870000.0,0.2339666947,0.31,0.31,641208778,644897849,https://www.sec.gov/Archives/edgar/data/1393818/000119312516481948/0001193125-16-481948-index.htm,https://www.sec.gov/Archives/edgar/data/1393818/000119312516481948/d129194d10k.htm,1.3389414328947318,0.3132677013975626,1.580708241645438,1.5801343256096223,2.865406811383359,19.074063580583108,15.855040275197233,9.778075745556931,0.0,18748944668.72,16911620668.719995,23.334674999651515,21.838147122525303,18.49803729090615,18.50475590973513,2.990363417187312,2.990363417187312,19.698093240416004,40.6214917028646,16.685301242664497,16.691361462856147,0.0107136696784392,0.0540401616145561,0.0,0.0,-4.413228222385557,0.3828301607653614,0.0,2.568071774784065,0.0308946455512445,2.8836660526708817,0.0352470062582916,0.0,0.0916300572491973,0.000363075247345,0.00042863415958,0.0156662409535972,0.0794231143300087,8.301866931015715,0.030085378111926,0.0098167267405837,-11.022675831178343,-6257485000.0,10166391000.0,-6414108000.0,-4057876000.0,1971935000.0,735266500.0,0.0,194.34773645055972,0.0,0.0,0.4630874619056609,0.0,0.0,0.0320377658702335,0.0005739160358157,2016-01-28,0.46,bmo,1115686486.0,2025-04-24,2015-12-31,-0.1956521739130435,31.875,4794528.734375
2015-09-30,BX,USD,1393818,2015-11-05,2015-11-05 16:13:40,2015,Q3,-25287000.0,0.0,-25287000.0,1.0,0,176960000.0,393655000.0,570615000.0,0.0,570615000.0,570615000.0,0.0,0.0,0.0,-595902000.0,23.5655475145,-595902000.0,23.5655475145,113611000.0,-482291000.0,19.0726855697,1573000.0,-254697000.0,10.0722505635,-0.4,-0.4,636742500,638832799,https://www.sec.gov/Archives/edgar/data/1393818/000119312515368290/0001193125-15-368290-index.htm,https://www.sec.gov/Archives/edgar/data/1393818/000119312515368290/d44563d10q.htm,-0.0397130708253336,-0.4,-0.3406447661338767,-0.4071394637549716,2.1679156016757166,19.89857909594538,16.494228043518376,10.235063624620627,0.0,19783589475.0,18403185475.0,-19.41875,-782.3620625222446,-91.20938610807596,-76.31291674220712,3.0356430736063587,3.0356430736063587,-727.7725896705817,-30.88290603991932,-84.8452325463456,-70.98816737578257,-0.0128741551335693,-0.0131039415434493,0.0,0.0,2.316494994143332,0.3309586036735812,0.0,0.4482726551262338,0.0440433724679277,-3.421068956446287,-6.998062245422549,0.0,0.0917787483927462,-0.1952024637741294,-1.6743781389646857,1.434038950042337,-3.1162257286352677,,-0.0471646853936456,-0.0118734280458988,-12.564871985143132,-7321320000.0,10502576000.0,-7326752000.0,-4979597000.0,2004405500.0,879423500.0,0.0,-7438.320085419385,0.0,0.0,-0.0120995062011943,0.0,0.0,-0.0390813398597535,0.0664946976210948,2015-10-15,-0.23,bmo,9942857.14,2025-04-24,2015-09-30,0.5217391304347825,36.15765625,5281013.171875
2015-06-30,BX,USD,1393818,2015-08-06,2015-08-06 16:01:55,2015,Q2,1187788000.0,0.0,1187788000.0,1.0,0,188558000.0,473019000.0,661577000.0,0.0,661577000.0,661577000.0,0.0,0.0,0.0,526211000.0,0.4430176092,526211000.0,0.4430176092,-133426000.0,392785000.0,0.3306861157,43251000.0,134168000.0,0.1129561841,0.21,0.21,631881205,634192649,https://www.sec.gov/Archives/edgar/data/1393818/000119312515280954/0001193125-15-280954-index.htm,https://www.sec.gov/Archives/edgar/data/1393818/000119312515280954/d55568d10q.htm,1.8797647257129608,0.2123310504226819,1.5270512754054777,1.5060599879687828,3.425707210265892,22.01642949642726,18.5391619616222,11.30011296981052,0.0,25338436320.5,23173796320.5,47.21400840830153,21.332456903504667,26.25976000010364,26.625765454457568,3.548637089481451,3.548637089481451,19.510044149713583,44.03898117010097,24.016412140447603,24.351150075500367,0.0052950386639072,0.037557605685007,0.0,0.0,-4.113635024733425,0.3624478045446779,0.0,4.208511974598411,0.0424575528810205,8.018365034881642,0.1587471838408874,0.0,0.0890157356527341,0.0137462885331868,0.0111669759249967,0.561510456354246,0.1770517971220453,7.347496803499399,0.0360830619657327,0.005966660293892,-11.343785340157412,-7463186000.0,11714548000.0,-6528919000.0,-5127064000.0,2161968000.0,1091857500.0,0.0,145.39647647560002,0.0,0.0,0.6189971186482192,0.0,0.0,0.0187901705929796,0.0209912874366946,2015-07-16,0.52,bmo,1253693023.0,2025-04-24,2015-06-30,-0.1730769230769231,41.07365079365079,4415950.285714285
2015-03-31,BX,USD,1393818,2015-05-08,2015-05-08 16:02:48,2015,Q1,2480988000.0,0.0,2480988000.0,1.0,0,147823000.0,559559000.0,707382000.0,0.0,707382000.0,707382000.0,0.0,0.0,0.0,1773606000.0,0.7148789111,1773606000.0,0.7148789111,-310261000.0,1463345000.0,0.5898234897,99344000.0,629448000.0,0.2537086032,1.01,1.0,625276969,631232041,https://www.sec.gov/Archives/edgar/data/1393818/000119312515179529/0001193125-15-179529-index.htm,https://www.sec.gov/Archives/edgar/data/1393818/000119312515179529/d899728d10q.htm,3.967822457890657,1.0066706934795162,1.0162968276543063,1.011059148733815,1.8159504608269044,28.713649934546044,25.16094431746134,11.92877136020022,0.0,23854316367.35,22718844367.35,9.474299849769164,9.6148455241823,37.53824567971272,37.73270836605018,3.1981499894687957,3.1981499894687957,9.157176240816158,12.809408835643316,35.751414892276074,35.936621101421714,0.0263871741410096,0.0265022057335207,0.0,0.0,-0.6402053218133001,0.2367459238275102,0.0,0.4281378304849965,0.0407037445570637,1.542557923768127,0.0595823115629741,0.0,0.0685485342939853,0.0051536901208087,0.0013200386297716,0.1320564516129032,0.109768769538587,16.43738884660381,0.1000628758120267,0.020852884873025,-18.413218175000463,-12124291000.0,15732559000.0,-10691908000.0,-9770418000.0,2046387000.0,1220659000.0,0.0,87.24510154825417,0.0,0.0,1.0315765401478971,0.0,0.0,0.0843901407011811,0.0052376789204913,2015-04-16,1.05,bmo,1907223357.0,2025-04-24,2015-03-31,0.3047619047619048,36.13622950819672,4260886.8852459015
2014-12-31,BX,USD,1393818,2015-02-27,2015-02-27 16:03:47,2014,Q4,1985379000.0,0.0,1985379000.0,1.0,0,62459000.0,454983000.0,517442000.0,0.0,517442000.0,517442000.0,0.0,0.0,0.0,1467937000.0,0.7393736914,1467937000.0,0.7393736914,-129817000.0,1338120000.0,0.6739871833,74686000.0,551451000.0,0.2777560355,0.9,0.88,615198577,625276969,https://www.sec.gov/Archives/edgar/data/1393818/000119312515069653/0001193125-15-069653-index.htm,https://www.sec.gov/Archives/edgar/data/1393818/000119312515069653/d849048d10k.htm,3.227216502485505,0.8963788614224965,-0.670781785634722,-0.6852242767785206,2.2959610974522784,28.17553168690116,24.52431225308247,11.476403333748284,0.0,20418440770.63,19005968770.63,9.256688613598488,10.284404524592029,-49.47957847214683,-48.4366960202254,2.892021048301714,2.892021048301714,9.572967564696716,12.947400856187969,-46.056764754449134,-45.0860250424743,0.0270074980844379,-0.0206455039704284,0.0,0.0,-0.9622156809181864,0.206452910462193,0.0,-0.3266209394396541,0.0278292062740336,1.030425187369322,0.0314594845618897,0.0,0.0713153024864482,-0.0215308338018339,0.0044752160670582,0.3553147244661281,0.0757437244979422,15.213879204674893,0.0867115219232275,0.0188524636120249,-18.66922596929219,-12310296000.0,15087322000.0,-10960846000.0,-9928331000.0,1835875000.0,1621666500.0,0.0,76.50711022933153,0.0,0.0,1.1763612523100568,0.0,0.0,0.0781062529221628,0.0144424911437985,2015-01-29,0.96,bmo,1503475200.0,2025-04-24,2014-12-31,0.3020833333333333,31.2815625,5014101.34375
2014-09-30,BX,USD,1393818,2014-11-06,2014-11-06 16:07:53,2014,Q3,1647811000.0,0.0,1647811000.0,1.0,0,138268000.0,525093000.0,663361000.0,0.0,663361000.0,663361000.0,0.0,0.0,0.0,984450000.0,0.5974289527,984450000.0,0.5974289527,-351480000.0,632970000.0,0.3841277914,79108000.0,250505000.0,0.1520228958,0.41,0.41,611684213,614978870,https://www.sec.gov/Archives/edgar/data/1393818/000119312514401000/0001193125-14-401000-index.htm,https://www.sec.gov/Archives/edgar/data/1393818/000119312514401000/d800911d10q.htm,2.693891660074608,0.4095332112159645,0.3665437087224613,0.3538443454972738,1.5424936265275166,26.79681223030028,23.08373454784585,10.95782735200328,0.0,18888808497.44,17945289497.44,18.85073002279395,11.46297026627447,84.2464330042059,87.27001121525034,2.8180768876920297,2.8180768876920297,10.89038093412412,18.22874650560211,80.0382210234201,82.91076781866651,0.0132620858554392,0.0114586899448599,0.0,0.0,-0.9584224693991568,0.1919172344814652,0.0,0.4048102234852725,0.0347954186781594,2.623676174128261,0.0839101086228942,0.0,0.0744327757199876,0.0346462452443925,0.0047141328708207,0.3096671317520431,0.1230723669158659,10.048426246276613,0.059338906272301,0.0088697491823086,-19.11302270277817,-12926900000.0,14119956000.0,-11052569000.0,-10521670000.0,2057870000.0,1719685500.0,0.0,108.3630889707618,0.0,0.0,0.8305411081838348,0.0,0.0,0.0373735776318007,0.0126993632251875,2014-10-16,0.78,bmo,1832072727.0,2025-04-24,2014-09-30,-0.1538461538461538,32.52796875,4579602.203125
2014-06-30,BX,USD,1393818,2014-08-08,2014-08-08 16:16:51,2014,Q2,2228013000.0,0.0,2228013000.0,1.0,0,141495000.0,500641000.0,642136000.0,0.0,642136000.0,642136000.0,0.0,0.0,0.0,1585877000.0,0.7117898325,1585877000.0,0.7117898325,-279213000.0,1306664000.0,0.5864705457,83282000.0,517016000.0,0.2320525055,0.85,0.85,606690740,609897829,https://www.sec.gov/Archives/edgar/data/1393818/000119312514303157/0001193125-14-303157-index.htm,https://www.sec.gov/Archives/edgar/data/1393818/000119312514303157/d753543d10q.htm,3.672403175298176,0.8521903581386457,1.4227776082423806,1.4104237028572415,2.0159743990818124,26.060567530666447,22.27558146016865,11.11656327571441,0.0,19905523179.4,18682450179.4,9.625196907784666,8.934204234625202,23.06052598095891,23.26251319623556,2.9514517379375467,2.9514517379375467,8.385251872138987,11.78051650878347,21.64359730046595,21.833173633239102,0.0259734946095289,0.0429876166673953,0.0,0.0,-0.7712281595609244,0.2410507468937596,0.0,0.7055735657382567,0.0208113595541519,0.8012537345096742,0.0635072596075516,0.0,0.0763928405672931,0.008682948982027,0.0033639839623916,0.2931627943362278,0.0838864046125404,14.599730507171854,0.0943729625619839,0.0186224878203873,-18.83454121946875,-10872707000.0,13514389000.0,-10795311000.0,-8444195000.0,2098508000.0,1404658000.0,0.0,86.11022915934512,0.0,0.0,1.045171994995588,0.0,0.0,0.0766595158056057,0.012353905385139,2014-07-17,0.7,bmo,1394007826.0,2025-04-24,2014-06-30,0.6428571428571428,30.836349206349208,5453422.285714285
2014-03-31,BX,USD,1393818,2014-05-08,2014-05-08 16:23:18,2014,Q1,1502001000.0,0.0,1502001000.0,1.0,0,140539000.0,485351000.0,625890000.0,0.0,625890000.0,625890000.0,0.0,0.0,0.0,876111000.0,0.5832958833,876111000.0,0.5832958833,-167139000.0,708972000.0,0.4720183276,54097000.0,265617000.0,0.1768420926,0.44,0.44,601527299,605669164,https://www.sec.gov/Archives/edgar/data/1393818/000119312514190051/0001193125-14-190051-index.htm,https://www.sec.gov/Archives/edgar/data/1393818/000119312514190051/d707202d10q.htm,2.49697894425902,0.4415709818017752,1.6296151506832943,1.619436061537749,1.3092024274030496,24.557091630848827,20.69711386448647,10.548901123105969,0.0,19621820493.38,18834299493.38,18.468151975758328,13.06378657096766,20.0169960289842,20.14281438751302,3.092265215051662,3.092265215051662,12.539472006596531,21.497617874196305,19.213614674279626,19.33438331789741,0.0135368173452414,0.0496454954487354,0.0,0.0,-0.8988826758253236,0.218889894859813,0.0,1.4968627600687154,0.036126209606247,2.668737317265085,0.0935678471585571,0.0,0.0773224943133275,0.0062463147457098,0.0040765618664701,0.2331860766242668,0.1295904596601467,10.237528709695734,0.0495489661851627,0.0095867553591711,-21.47914196326441,-10698084000.0,12449879000.0,-12258868000.0,-8244487000.0,2072848500.0,1145392500.0,0.0,123.75273385304004,0.0,0.0,0.7272566609063975,0.0,0.0,0.041859429399198,0.0101790891455451,2014-04-17,0.56,bmo,1199550000.0,2025-04-24,2014-03-31,0.2499999999999998,31.888524590163936,5344886.836065574
2013-12-31,BX,USD,1393818,2014-02-28,2014-02-28 15:43:29,2013,Q4,2681693000.0,0.0,0.0,0.0,0,57680000.0,52717000.0,110397000.0,0.0,110397000.0,110397000.0,0.0,0.0,0.0,2571296000.0,0.9588330954,2571296000.0,0.9588330954,-986383000.0,1584913000.0,0.5910120957,91090000.0,621255000.0,0.2316652204,1.05,1.04,592185734,601527299,https://www.sec.gov/Archives/edgar/data/1393818/000119312514077145/0001193125-14-077145-index.htm,https://www.sec.gov/Archives/edgar/data/1393818/000119312514077145/d658841d10k.htm,4.528466063993362,1.0490880889744636,1.3766559259936513,1.3647289247261738,1.4049612346791185,24.278989132149544,20.31378047347557,10.649979622778282,0.0,18298539180.6,17466541180.6,7.363537991887388,6.82350260846413,22.445695701122126,22.641859082894378,2.9014140021367525,2.9014140021367525,6.513251584204455,6.792894003879755,21.425134783792668,21.612379008702344,0.0339510708405975,0.04416598461897,0.0,0.0,-0.3235714596841437,0.230424176675707,0.0,0.5457380158157961,0.0151207152259095,0.4453678441219789,0.0215088005972346,0.0,0.0791189451418304,0.0086637489021583,0.0026337839566273,0.2675784209728746,0.10551282342908,15.855196382471664,0.1444838650765653,0.0227312260244666,-21.79829107467151,-9931376000.0,12029531000.0,-12327311000.0,-7446148000.0,1944870000.0,993646000.0,0.0,69.82007261830493,0.0,0.0,1.289027590847914,0.0,0.0,0.0985061123244464,0.0119270012674773,2014-01-30,0.82,bmo,1942882726.0,2025-04-24,2013-12-31,0.6463414634146344,27.251875,4757568.609375
2013-09-30,BX,USD,1393818,2013-11-08,2013-11-08 16:11:32,2013,Q3,1190577000.0,0.0,0.0,0.0,0,126113000.0,634024000.0,760137000.0,0.0,760137000.0,760137000.0,0.0,0.0,0.0,430440000.0,0.3615389849,430440000.0,0.3615389849,87952000.0,518392000.0,0.4354124093,57477000.0,171164000.0,0.1437655859,0.29,0.29,589643844,592920795,https://www.sec.gov/Archives/edgar/data/1393818/000119312513435224/0001193125-13-435224-index.htm,https://www.sec.gov/Archives/edgar/data/1393818/000119312513435224/d597227d10q.htm,2.019145984673419,0.2902837055651513,2.360999803806991,2.3543364594170173,1.5075846361248535,21.206910115727418,17.179841870781914,9.618626663725502,0.0,14399102670.48,13510164670.48,21.031149468463,12.094222104475394,10.34307582771672,10.372349246142544,2.538823977033496,2.538823977033496,11.347577410348093,31.386870807731626,9.704539291756848,9.73200549659276,0.0118871296300225,0.0964101744233012,0.0,0.0,-2.0651844624105564,0.2378004497880806,0.0,3.0204028942429733,0.0199788144152742,1.680709728681265,0.1059259501905378,0.0,0.0846993399151813,0.0028222553764,0.003300080549179,0.158536093289755,0.1626102301657095,7.92609224548044,0.0232316054402546,0.0066703699162902,-22.52955769008249,-8811789000.0,10129988000.0,-12781147000.0,-6298820000.0,1871317500.0,1105686500.0,0.0,136.77452193348267,0.0,0.0,0.6580172880718936,0.0,0.0,0.0301793297228066,0.0066633443899738,2013-10-17,0.57,bmo,1195071428.0,2025-04-24,2013-09-30,-0.0175438596491226,22.24765625,4698867.21875
2013-06-30,BX,USD,1393818,2013-08-08,2013-08-08 16:15:21,2013,Q2,1413514000.0,0.0,0.0,0.0,0,121993000.0,0.0,887806000.0,0.0,887806000.0,887806000.0,40966000.0,0.0,-525708000.0,525708000.0,0.3719156648,525708000.0,0.3719156648,40966000.0,566674000.0,0.4008973381,56082000.0,211148000.0,0.1493780748,0.36,0.36,583843094,586763053,https://www.sec.gov/Archives/edgar/data/1393818/000119312513326854/0001193125-13-326854-index.htm,https://www.sec.gov/Archives/edgar/data/1393818/000119312513326854/d561546d10q.htm,2.421051160022799,0.3616519612373799,0.4046532406187886,0.3921481684940509,1.1321141018754604,20.554685194238164,16.687815784971843,9.486966715752573,0.0,12021329305.46,11360352305.46,14.233297622354936,8.504570386610956,50.88307205575355,52.505664068433255,2.170345972207478,2.170345972207478,8.036957755961383,21.60962421547632,48.0853331814911,49.61870910387721,0.0175644468789402,0.0190455642784871,0.0,0.0,-1.2573082419466857,0.2462543357933579,0.0,0.4627060353472048,0.0285825295413826,1.6272945990490082,0.0863047695318192,0.0,0.0813774619922273,0.0309031804752512,0.0051651416257638,0.338338199175124,0.1296060739405481,8.78618533131856,0.0280236465860352,0.0082851116173825,-23.347400851503437,-8170603000.0,9743066000.0,-13072770000.0,-5769154000.0,1849303000.0,1241479000.0,0.0,123.095031248364,0.0,0.0,0.731142427824,0.0,0.0,0.0381209265377602,0.0125050721247376,2013-07-18,0.52,bmo,1138459677.0,2025-04-24,2013-06-30,0.1923076923076922,20.79984375,5172144.59375
2013-03-31,BX,USD,1393818,2013-05-08,2013-05-08 16:05:21,2013,Q1,1219411000.0,0.0,0.0,0.0,0,116714000.0,0.0,808039000.0,0.0,808039000.0,808039000.0,67210000.0,0.0,-411372000.0,411372000.0,0.3373530336,411372000.0,0.3373530336,67210000.0,478582000.0,0.3924698071,50993000.0,167635000.0,0.1374721074,0.29,0.29,582322183,585699899,https://www.sec.gov/Archives/edgar/data/1393818/000119312513207420/0001193125-13-207420-index.htm,https://www.sec.gov/Archives/edgar/data/1393818/000119312513207420/d510293d10q.htm,2.094048682325399,0.2878732854317521,1.8963763226584829,1.8837647474611148,1.4000256624261211,19.51880648173762,15.604780764465572,9.404173771618108,0.0,11069944698.830002,10254678698.830002,16.508999759641487,9.07810795443866,10.024381644541078,10.091493656849217,2.021442867992548,2.021442867992548,8.40953435620148,24.92799388103712,9.286118017381115,9.348287444760876,0.0151432554146108,0.0990933586249928,0.0,0.0,-1.981821806053888,0.2497406813249032,0.0,2.5826249038211926,0.0507242823046213,3.349628657499925,0.0957134222997824,0.0,0.0814648681630162,0.0066503547036951,0.0060225797536679,0.3205167372234103,0.1601945529440032,7.804629011628507,0.0211460939526144,0.0065230735706273,-24.85310739055256,-7950498000.0,9087010000.0,-13965263000.0,-5529829000.0,1761771000.0,1212839500.0,0.0,130.2907633275409,0.0,0.0,0.6907627041354186,0.0,0.0,0.0306112256560546,0.012611575197368,2013-04-18,0.54,bmo,1223836363.0,2025-04-24,2013-03-31,0.0185185185185185,18.204666666666665,5620615.9
2012-12-31,BX,USD,1393818,2013-03-01,2013-03-01 16:14:40,2012,Q4,1191608000.0,0.0,0.0,0.0,0,59749000.0,0.0,858074000.0,0.0,860174000.0,860174000.0,144267000.0,0.0,-333534000.0,333534000.0,0.2799024511,333534000.0,0.2799024511,-146367000.0,187167000.0,0.1570709495,65696000.0,106413000.0,0.0893020188,0.19,0.19,554137650,582322183,https://www.sec.gov/Archives/edgar/data/1393818/000119312513087702/0001193125-13-087702-index.htm,https://www.sec.gov/Archives/edgar/data/1393818/000119312513087702/d447995d10k.htm,2.150382671164827,0.1920335136946569,0.4092936114339099,0.3911627372729501,1.2803714023041026,20.23855805502477,16.084108343838395,9.865503634340673,0.0,8472764668.5,7763262668.5,19.905379672831327,7.110362357839155,37.35704534071118,39.08859035652663,1.54984484996562,1.54984484996562,6.514946751364542,23.27577598835501,34.22879860893719,35.81534553972633,0.0125594188158703,0.0255829128366873,0.0,0.0,-2.127225410302997,0.2447888419435375,0.0,1.8671534769615792,0.0132342870818636,1.0537340362549688,0.0501414894831186,0.0,0.0795718459901494,0.0442979652124071,0.0084314640385093,0.4231741218094516,0.2173667850501171,6.528890783553631,0.0116896058123166,0.0039960697596999,-28.311430833115203,-7864769000.0,8912810000.0,-15167374000.0,-5420242000.0,1566952500.0,932020500.0,0.0,132.79601177568463,0.0,0.0,0.6777311968677608,0.0,0.0,0.0194651505703378,0.0181308741609598,2013-01-31,0.47,bmo,683162765.0,2025-04-24,2012-12-31,0.2553191489361702,14.563064516129032,3497592.629032258
2012-09-30,BX,USD,1393818,2012-11-02,2012-11-02 16:25:05,2012,Q3,917170000.0,702892000.0,214278000.0,0.2336295343,0,129425000.0,0.0,129425000.0,552006000.0,681431000.0,832317000.0,368645000.0,41097000.0,30597000.0,371699000.0,0.4052672896,371699000.0,0.4052672896,358008000.0,235739000.0,0.2570286861,39237000.0,128824000.0,0.1404581484,0.24,0.24,544716399,546923603,https://www.sec.gov/Archives/edgar/data/1393818/000119312512449159/0001193125-12-449159-index.htm,https://www.sec.gov/Archives/edgar/data/1393818/000119312512449159/d416211d10q.htm,1.6837569085192898,0.2364973777850224,0.0183912215941932,0.0073304200265136,39.65405675256713,19.903439697984933,15.633544383157078,9.852075336545909,23.71285869805436,7647818241.959999,19689989241.96,14.841602189731724,8.338495853505892,763.4076903533639,1915.306346596544,1.4250804546651343,1.4250804546651343,21.468200270353368,52.97294112160646,1965.4610942263923,4931.126782359128,0.0168445425772808,0.0005221096884981,2.399231764993281,0.4631468589398894,32.39764164014431,5.878581478336314,9.044431467017056,0.0509816693977669,0.0146589519328414,0.87024933242253,0.1411134249920952,0.0,0.0836634989828757,0.6014174485925334,0.006569120228529,0.1969147302023074,0.2438064917081893,7.240495467421825,0.0129680251169854,0.0050569672320503,10.415073807976176,19067482000.0,8515848000.0,6017180000.0,21393364000.0,1381076500.0,824283000.0,0.0,134.99205163710107,105.654595585097,0.0,0.6667059201525943,0.851832326853323,0.0,0.0240048283946575,0.0110608015676796,2012-10-18,0.42,bmo,934003636.0,2025-04-24,2012-09-30,0.3095238095238097,13.518730158730158,2614448.253968254
2012-06-30,BX,USD,1393818,2012-08-07,2012-08-07 16:17:57,2012,Q2,816947000.0,1107428000.0,-290481000.0,-0.3555689659,0,151985000.0,0.0,151985000.0,529348000.0,681333000.0,726046000.0,112671000.0,21671000.0,36693000.0,-112616000.0,-0.1378498238,-112616000.0,-0.1378498238,248230000.0,135614000.0,0.1660009768,41337000.0,-74964000.0,-0.0917611546,-0.14,-0.14,528778977,528778977,https://www.sec.gov/Archives/edgar/data/1393818/000119312512340947/0001193125-12-340947-index.htm,https://www.sec.gov/Archives/edgar/data/1393818/000119312512340947/d357103d10q.htm,1.5449687592250854,-0.1417681172298194,0.4011203342526229,0.3862521183401737,37.37668072987705,19.41026486762162,14.953816895031364,10.178515474528783,22.943807389679943,6778946485.14,18476933485.14,-22.60733980690732,8.29790241611757,31.96048393778524,33.19075648074343,1.259515695788978,1.259515695788978,22.617052862841778,-164.070234115401,87.112612139045,90.4658859839798,-0.011058355478145,0.0301288703853489,2.250114405209037,0.4632494815926666,-103.875,5.934215598747306,-5.196622214018735,2.24979581446164,0.0163839617621212,-1.481591163758604,0.1860402204794191,0.0,0.0901394162853919,0.0370667219854411,0.0096236353153876,0.2142643010928515,0.2993596891842432,,-0.003467431837355,-0.0031515893277811,9.313971364636911,17586324000.0,7907264000.0,5271652000.0,19942800000.0,1392770000.0,917420500.0,0.0,152.74321345203546,66.91827369363968,0.0,0.589224214719444,1.3449241146302038,0.0,-0.0139281722943377,0.0148682159124491,2012-07-19,0.11,bmo,551439225.0,2025-04-24,2012-06-30,0.7272727272727273,12.756349206349206,4335809.396825396
2012-03-31,BX,USD,1393818,2012-05-07,2012-05-07 16:18:51,2012,Q1,1116148000.0,604767000.0,511381000.0,0.4581659422,0,164508000.0,0.0,164508000.0,495255000.0,659763000.0,769275000.0,7636000.0,14518000.0,48142000.0,168243000.0,0.1507353863,168243000.0,0.1507353863,288142000.0,456385000.0,0.4088929067,38753000.0,58325000.0,0.0522556148,0.12,0.11,506985529,517389558,https://www.sec.gov/Archives/edgar/data/1393818/000119312512215062/0001193125-12-215062-index.htm,https://www.sec.gov/Archives/edgar/data/1393818/000119312512215062/d328633d10q.htm,2.2015381823649647,0.1150427313281362,0.2647570637070393,0.2389456761003527,39.72466046461851,19.773442093649976,15.05305686940031,10.155678427657843,25.065896900579972,7929253673.56,20231478673.56,33.98737108255465,7.104123891777793,59.0730225702536,65.45420806623632,1.5400251309066884,1.5400251309066884,18.12616129183585,120.2515330418502,150.72472713264,167.00631220848263,0.0073556733585764,0.0152778565281555,2.465345978913071,0.4781645589766522,73.12176435275167,6.056878257778737,11.58857969417275,0.3214025745153628,0.0352144112794712,4.787381054436348,0.1473890559316506,0.0,0.0901504729781984,0.097490836487171,0.0117242516225446,0.2718208632794649,0.1992961506896934,5.127141714267294,0.006696618890836,0.0024147944988145,9.206597591072466,17982785000.0,7631682000.0,5017377000.0,20375952000.0,1332857500.0,920150500.0,0.0,112.81253919731076,150.51833185342454,0.0,0.7977836563237771,0.5979338123919844,0.0,0.0113279218269485,0.0258113876066865,2012-04-19,0.4,bmo,976410256.0,2025-04-24,2012-03-31,-0.025,15.316451612903226,3076711.741935484
2011-12-31,BX,USD,1393818,2012-02-28,2012-02-28 17:00:37,2011,Q4,1268505000.0,2738425000.0,-1469920000.0,-1.1587814002,0,192342000.0,0.0,192342000.0,370503000.0,562845000.0,855389000.0,10004000.0,16051000.0,82827000.0,43665000.0,0.0344224106,43665000.0,0.0344224106,578664000.0,705660000.0,0.5562926437,250299000.0,-22677000.0,-0.0178769496,-0.0462,-0.0447,490675691,506985529,https://www.sec.gov/Archives/edgar/data/1393818/000119312512085636/0001193125-12-085636-index.htm,https://www.sec.gov/Archives/edgar/data/1393818/000119312512085636/d232355d10k.htm,2.5852207950525923,-0.0462158619551421,0.695314657436331,0.6738727963599077,32.369736857414445,18.85621433811768,14.170655134411376,9.518839195969054,18.1048687818529,6741883994.34,14854707994.34,-74.32513112779469,5.314826503908144,19.76083756188924,20.389604795178027,1.4434533158012042,1.4434533158012042,11.710405551684858,340.19713716569333,43.53997665220679,44.925368874136936,-0.0033635998511748,0.0490445994439525,1.898567291196132,0.4047430639529303,185.79695408221687,4.8626800816457605,2.7203912528814405,0.7492385162541368,0.0163598187231635,-4.863782687304317,0.1516288859720694,0.0,0.1049375353990567,0.0308376371001307,0.0082940153960764,0.1270237965880691,0.2530932081465977,,0.0015342296717098,-0.0011563974962007,8.51110127646409,13687797000.0,6953196000.0,4574555000.0,16136577000.0,1225971500.0,763728000.0,0.0,89.86867217709036,27.241414316623608,0.0,1.0014613304027775,3.303793222845961,0.0,-0.0048551993582067,0.0214418610764232,2012-02-02,0.4,bmo,1313800000.0,2025-04-24,2011-12-31,0.0,13.55047619047619,3489480.4444444445
2011-09-30,BX,USD,1393818,2011-11-09,2011-11-09 16:10:06,2011,Q3,-391304000.0,759955000.0,-1151259000.0,2.9421089485,0,133564000.0,0.0,133564000.0,494478000.0,628042000.0,527149000.0,9085000.0,13785000.0,42339000.0,-665013000.0,1.6994791773,-665013000.0,1.6994791773,-329399000.0,-994412000.0,2.54127737,-7637000.0,-274567000.0,0.7016718459,-0.56,-0.56,487189657,487189657,https://www.sec.gov/Archives/edgar/data/1393818/000119312511304545/0001193125-11-304545-index.htm,https://www.sec.gov/Archives/edgar/data/1393818/000119312511304545/d240494d10q.htm,-0.8031861809414398,-0.5635731302070726,0.7917758401837336,0.773727427468765,31.69479847968119,17.595322225816464,12.706275494678655,8.48355859081795,19.347652119798592,5724478469.75,14543687469.75,-5.21227830524972,-14.629235759792898,14.840058768746191,15.186226548075089,1.3850319856006457,1.3850319856006457,-37.167234349124975,-21.86977919191053,37.702854138744506,38.58233268360428,-0.047963670655921,0.0658491427632991,2.277270437555134,0.4264931806882441,-13.26170916959518,4.520329520053026,-48.24178454842219,-0.3909148488763903,0.0192672573724985,-0.401705230417348,-0.3413305256271339,0.0,0.1079303556025439,0.0227948515210825,-0.0224710199742399,0.2076808616169489,-0.6135613231656206,,-0.0358827786046977,-0.0139466832340261,5.816641854529355,12948469000.0,6190366000.0,3130130000.0,15330362000.0,1235152500.0,717198500.0,0.0,-272.61671232596655,82.73183280588982,0.0,-0.3301338323396235,1.0878521235128824,0.0,-0.0664312180052657,0.0180484127149686,2011-10-20,-0.05,bmo,56951612.0,2025-04-24,2011-09-30,5.2,13.90515625,4696387.90625
2011-06-30,BX,USD,1393818,2011-08-05,2011-08-05 17:29:03,2011,Q2,1308281000.0,845242000.0,463039000.0,0.3539293164,0,970646000.0,0.0,970646000.0,0.0,970646000.0,970646000.0,14185000.0,14185000.0,41579000.0,323450000.0,0.2472328192,323450000.0,0.2472328192,611307000.0,248796000.0,0.1901701546,64199000.0,86237000.0,0.0659162672,0.18,0.18,476289647,483643646,https://www.sec.gov/Archives/edgar/data/1393818/000119312511212621/0001193125-11-212621-index.htm,https://www.sec.gov/Archives/edgar/data/1393818/000119312511212621/d10q.htm,2.7468180512435114,0.1810599926813021,-0.1444772113637817,-0.1685382004534732,33.076102113972674,19.48652896081111,14.397743144729745,9.670138809462722,19.55601398994927,7739706763.75,16605045763.75,22.437314504649976,5.915936074704135,-112.47448539883452,-96.41731047487949,1.6804308935150496,1.6804308935150496,12.692262414381926,51.33728787679704,-241.3068135926351,-206.8571719476038,0.0111421533957724,-0.0103715815663675,2.019229721218111,0.416465337111676,27.408684495285208,4.7360816552527725,22.80225590412407,-0.3727742054312908,0.0142443381080478,1.278418776163364,0.7419247088354872,0.0,0.1085361955021445,-0.1665382994492319,0.0087595860522318,0.2756199042786021,0.3123510927698254,6.276519210242344,0.0128106213436251,0.0043319078161658,7.7004991040672355,13441159000.0,6857496000.0,3988922000.0,15864895000.0,1216796000.0,697376500.0,0.0,88.39954107718448,78.34828368680212,0.0,1.0181048329359323,1.1487169311809775,0.0,0.0187236187865396,0.0240609890896914,2011-07-21,0.33,bmo,926013768.0,2025-04-24,2011-06-30,0.9090909090909092,17.18269841269841,3434202.095238095
2011-03-31,BX,USD,1393818,2011-05-06,2011-05-06 16:13:31,2011,Q1,1153269000.0,836551000.0,316718000.0,0.2746263014,0,977061000.0,0.0,977061000.0,0.0,977061000.0,977061000.0,13803000.0,13803000.0,40846000.0,162405000.0,0.1408214389,162405000.0,0.1408214389,-45191000.0,117214000.0,0.1016363051,38850000.0,42704000.0,0.0370286551,0.0954,0.0933,447742389,457652916,https://www.sec.gov/Archives/edgar/data/1393818/000119312511130720/0001193125-11-130720-index.htm,https://www.sec.gov/Archives/edgar/data/1393818/000119312511130720/d10q.htm,2.575742275766524,0.0953762722698118,0.9860737130251924,0.973320844098145,29.32997929753754,18.829610970785257,13.375432273400408,9.875066798734574,16.39098995382365,7853401503.059999,14722728503.06,45.97579561083271,6.809687508343673,17.787716849472375,18.02077917713981,1.7761905167312526,1.7761905167312526,12.766083631017567,90.65440413201564,33.34653471645976,33.78345537729723,0.0054376438010154,0.0554914962427676,1.6567140549579935,0.3805510243850943,42.29750931313691,4.3497432951545285,11.765920452075637,5.634053902302077,0.0473672458812982,8.710987261146498,0.8472099744292095,0.0,0.12686874956718,0.0129329772800884,0.0049511432285095,0.1397933702198501,0.3696275543693622,4.603429030925803,0.0068006550062618,0.0025408914302034,7.092817383435188,10997703000.0,5988748000.0,3462899000.0,13439770000.0,1219932000.0,644037000.0,0.0,89.63376280815665,70.89168502577846,0.0,1.0040859290112278,1.2695424007381564,0.0,0.0096582913527262,0.0127528689270472,2011-04-21,0.41,bmo,794194117.0,2025-04-24,2011-03-31,0.2439024390243903,16.489354838709676,4675350.822580645
2010-12-31,BX,USD,1393818,2011-02-25,2011-02-25 16:05:23,2010,Q4,1030439000.0,2622898000.0,-1592459000.0,-1.5454180209,0,135235000.0,0.0,135235000.0,696561000.0,831796000.0,975145000.0,10296000.0,14596000.0,40845000.0,94274000.0,0.0914891614,94274000.0,0.0914891614,104369000.0,198643000.0,0.1927751182,59867000.0,-10973000.0,-0.0106488594,-0.0282,-0.0282,389804253,389804253,https://www.sec.gov/Archives/edgar/data/1393818/000119312511047389/0001193125-11-047389-index.htm,https://www.sec.gov/Archives/edgar/data/1393818/000119312511047389/d10k.htm,2.643478084370721,-0.0281500263672084,-1.7649884389537434,-1.825462381499465,32.22923532340218,21.17308094121795,14.80344033085755,11.19304360181006,18.50542661985784,5410483031.64,12020760031.64,-123.26809057778183,5.250658245310979,-7.864074173895349,-7.603553017947561,1.240055921675801,1.240055921675801,11.665668740837642,127.50875142287374,-17.472034929709302,-16.893221119463497,-0.0020280998823637,-0.1315174626440536,1.6499517773617631,0.3820137381494597,70.11771007913104,4.254180986927223,6.45889284735544,-4.957629561307431,0.0203528962859756,-10.03545065159938,0.1312401801562246,0.0,0.1317572323749954,-0.0342630813953488,0.022876657424651,0.5771330640225242,0.500553647523046,,0.0042303266737692,-0.0006706519105725,7.543044944663547,10659597000.0,5770444000.0,3344011000.0,13287391000.0,1186780500.0,626432500.0,0.0,112.78292067749766,21.58762940838721,0.0,0.7979931665128152,4.169054336509652,0.0,-0.0025149572688751,0.0604739425457217,2011-02-03,0.3,bmo,670695652.0,2025-04-24,2010-12-31,0.5333333333333334,13.31125,2959821.703125
2010-09-30,BX,USD,1393818,2010-11-05,2010-11-05 16:17:58,2010,Q3,264015000.0,793290000.0,-529275000.0,-2.0047156412,0,120713000.0,0.0,120713000.0,0.0,120713000.0,914003000.0,151045000.0,11766000.0,40872000.0,-141769000.0,-0.536973278,-141769000.0,-0.536973278,285071000.0,143302000.0,0.5427797663,-4225000.0,-44358000.0,-0.1680131811,-0.12,-0.12,370101582,370101582,https://www.sec.gov/Archives/edgar/data/1393818/000119312510250100/0001193125-10-250100-index.htm,https://www.sec.gov/Archives/edgar/data/1393818/000119312510250100/d10q.htm,0.7133582044510147,-0.1198535811716687,0.7816097365398454,0.7497806372521801,32.53960422141616,20.685655972148748,13.866525434090146,11.181319403276692,18.23148651118168,4607764695.9,10327271695.9,-25.96918648214527,17.452662522583942,15.928665442571946,16.604856649308996,1.1134643015699488,1.1134643015699488,39.1162308804424,-72.84576808681729,35.70053304260652,37.2160640584515,-0.0096267936684071,0.0602233443576048,1.627687626382719,0.3796729262357792,-40.34384809090845,4.035672177469076,-12.04903960564338,1.9608275095406265,0.0238677552475407,-2.4793047477343437,0.4572202336988428,0.0,0.1422572857248263,0.0407224958949096,0.0446186769691116,0.2882168721863378,1.7323977804291424,,-0.0101412985464873,-0.0029150062561115,7.483261041559126,10167562000.0,5132023000.0,3431826000.0,12691333000.0,1123409000.0,647515000.0,0.0,368.93574228737,70.76315092841205,0.0,0.2439449196274877,1.271848395940551,0.0,-0.0107190910883509,0.0318290992876653,2010-10-28,0.26,bmo,804353333.0,2025-04-24,2010-09-30,0.1538461538461537,10.50828125,3053560.921875
2010-06-30,BX,USD,1393818,2010-08-06,2010-08-06 16:07:41,2010,Q2,461169000.0,989698000.0,-528529000.0,-1.1460635906,0,130386000.0,0.0,130386000.0,967711000.0,1098097000.0,1120084000.0,6952000.0,7682000.0,40822000.0,-577678000.0,-1.2526384037,-577678000.0,-1.2526384037,-59250000.0,-636928000.0,-1.3811162502,19392000.0,-193320000.0,-0.4191955661,-0.55,-0.55,354399780,354399780,https://www.sec.gov/Archives/edgar/data/1393818/000119312510181364/0001193125-10-181364-index.htm,https://www.sec.gov/Archives/edgar/data/1393818/000119312510181364/d10q.htm,1.3012677378072866,-0.5454856659335398,0.0178894016243463,-0.015499445287466,31.06158530911052,20.10887252808114,12.873439142654096,10.836996004907226,17.946831118236023,3324269936.4,9170201936.4,-4.298921395096214,7.208355150497974,524.3327975394322,-605.1829485527035,0.8655535164682662,0.8655535164682662,19.88468855538859,-15.874244711413624,1446.4040909148264,-1669.4341773894046,-0.0581541221677547,-0.0016523928877895,1.654070466061679,0.3856341795081972,-10.119706826294234,4.195957459741929,-75.19890653475657,-0.0096599219892735,0.0330135645118064,-0.5676908752327747,0.282729324824522,0.0,0.1556600437714123,1.866403785488959,0.0256587064611888,0.2898682083190436,1.6129314849870655,,-0.044161657507332,-0.0138988414253056,7.152653283249781,9568882000.0,4562344000.0,3216211000.0,12133118000.0,1141277500.0,559814500.0,0.0,227.26820319665893,61.04589480831527,0.0,0.3960078829070581,1.474300610755251,0.0,-0.0503355049394252,0.0333888469118124,2010-07-22,0.16,bmo,342755555.0,2025-04-24,2010-06-30,0.1249999999999999,12.077936507936508,4302565.238095238
2010-03-31,BX,USD,1393818,2010-05-10,2010-05-10 16:19:21,2010,Q1,701239000.0,987291000.0,-286052000.0,-0.4079236894,0,1093670000.0,0.0,1093670000.0,-141000.0,1093529000.0,1093529000.0,7185000.0,7185000.0,39512000.0,-399475000.0,-0.5696702551,-399475000.0,-0.5696702551,171804000.0,-149850000.0,-0.2136931916,9635000.0,-121377000.0,-0.1730893461,-0.36,-0.36,333433864,333433864,https://www.sec.gov/Archives/edgar/data/1393818/000119312510114631/0001193125-10-114631-index.htm,https://www.sec.gov/Archives/edgar/data/1393818/000119312510114631/d10q.htm,2.103082727074176,-0.3640212141139929,0.0614814576842141,0.0405657656895941,24.888986680728987,20.981435167005117,13.233071011647455,11.211278768013797,11.937227827585025,4578046952.72,7923880952.72,-9.429395504749666,6.528511609765002,223.31936354731707,338.4627349342008,1.22465958470074,1.22465958470074,11.299829234711703,-19.83573678633206,386.5307781814634,585.8258873813396,-0.026512834239912,0.002954535010167,1.0628296354949682,0.2946016321579865,-8.375577946054197,3.8506978693483696,-55.59846903270703,-0.0863863534845305,0.0588783825906046,-2.220750224507114,1.5596251777211478,0.0,0.1915694996639927,0.3401951219512195,0.0099452540432006,0.1765033407572383,1.0312389926972116,,-0.0387601268126484,-0.0111326958794799,7.938433332014531,7176076000.0,4412354000.0,3202985000.0,9759643000.0,1092112000.0,378414500.0,0.0,143.4901652646245,40.86901430277396,0.0,0.6272206867559325,2.202157344271729,0.0,-0.0324691965694902,0.0209156919946199,2010-04-22,0.21,bmo,471253125.0,2025-04-24,2010-03-31,0.523809523809524,13.481311475409836,3287331.295081967
2009-12-31,BX,USD,1393818,2010-02-26,2010-02-26 16:06:43,2009,Q4,724286000.0,3777606000.0,-3053320000.0,-4.2156275284,0,116481000.0,0.0,116481000.0,973119000.0,1089600000.0,1163361000.0,11556000.0,6640000.0,39511000.0,-118547000.0,-0.1636742944,-118547000.0,-0.1636742944,72701000.0,-365314000.0,-0.5043781048,18063000.0,-143250000.0,-0.1977809871,-0.45,-0.45,318333333,318333333,https://www.sec.gov/Archives/edgar/data/1393818/000119312510042888/0001193125-10-042888-index.htm,https://www.sec.gov/Archives/edgar/data/1393818/000119312510042888/d10k.htm,2.2752439814400462,-0.4500000004712042,1.5894691116120094,1.5728073314898503,14.191347658839108,20.55560106864461,12.3155623165608,10.6150586498587,2.0866900545410365,4096949995.71,3802476995.71,-7.149999992513089,5.656536224240147,8.097043161126603,8.182820452527277,1.2124285342663947,1.2124285342663947,5.249966167660288,-32.07569146169873,7.515058857368161,7.594670807147122,-0.0349650350016475,0.1222072518640132,0.1946132832533373,0.0698927965323502,2.48401899668486,2.543188723238889,-17.853463855421687,-1.3198000923373077,0.0227561967067267,-0.6508272251308901,0.1608218300505601,0.0,0.2787833254543723,0.010482607054415,0.0073230740342903,0.1342410974159095,1.1171526165078436,,-0.0172761946003484,-0.0211098085822976,7.701827756755841,3407157000.0,3920454000.0,2749534000.0,6147651000.0,831805000.0,224121500.0,0.0,132.4880779139732,7.3498930274888385,0.0,0.6793064056559002,12.245076175040518,0.0,-0.0423926061376207,0.0166617801221589,2010-02-25,0.2,bmo,507241379.0,2025-04-24,2009-12-31,0.4499999999999998,14.095,3569232.5625
2009-09-30,BX,USD,1393818,2009-11-06,2009-11-06 16:09:44,2009,Q3,665577000.0,980628000.0,-315051000.0,-0.4733501909,0,111908000.0,0.0,111908000.0,980628000.0,1092536000.0,1092536000.0,10596000.0,5258000.0,39513000.0,-500771000.0,-0.7523862754,-500771000.0,-0.7523862754,73812000.0,-426959000.0,-0.6414870105,52551000.0,-176183000.0,-0.2647071639,-0.62,-0.62,283243485,283243485,https://www.sec.gov/Archives/edgar/data/1393818/000119312509227528/0001193125-09-227528-index.htm,https://www.sec.gov/Archives/edgar/data/1393818/000119312509227528/d10q.htm,2.349840456171481,-0.6220196026750624,-2.778732933610106,-2.797903718773973,15.1766173898051,20.774412516496188,11.374051551441688,11.792860831379755,2.9714822919934063,3945581746.05,4295506746.049999,-5.59869815199253,5.928062036473616,-5.013076223162715,-4.978727433159871,1.1812231314503012,1.1812231314503012,6.453808869672479,-8.577786545247227,-5.457674969379638,-5.420279860452145,-0.0446532378086907,-0.2008545383183038,0.2503988472722558,0.0958071959148593,-0.6987724928160776,3.216420841997221,-95.23982502852796,1.6413797418197744,0.0214989842967823,-0.4814652946084469,0.168136819631688,0.0,0.3049939054850176,-0.0068991103578135,0.0081583347982277,0.1374231265659403,1.1094193459209076,,-0.0782776095919915,-0.0290376916598405,6.711402382300161,3424829000.0,3221626000.0,2124272000.0,6087420000.0,602331500.0,151597000.0,0.0,80.78049572025476,12.82532214050588,0.0,1.1141303256131612,7.017367596230223,0.0,-0.0527454373937767,0.019170785163867,2009-11-06,0.15,bmo,549101022.0,2025-04-24,2009-09-30,0.6666666666666667,12.31796875,3609578.875
2009-06-30,BX,USD,1393818,2009-08-07,2009-08-07 16:23:38,2009,Q2,464633000.0,937751000.0,-473118000.0,-1.0182617248,0,113868000.0,0.0,113868000.0,937751000.0,1051619000.0,1051619000.0,5365000.0,87000.0,39511000.0,-645290000.0,-1.3888165498,-645290000.0,-1.3888165498,58304000.0,-586986000.0,-1.2633325657,10885000.0,-164284000.0,-0.3535779852,-0.6,-0.6,273624497,273624497,https://www.sec.gov/Archives/edgar/data/1393818/000119312509169117/0001193125-09-169117-index.htm,https://www.sec.gov/Archives/edgar/data/1393818/000119312509169117/d10q.htm,1.698067991331931,-0.6003994591171419,0.4996043903188975,0.4688651835146178,12.103879719512102,20.64825358089192,10.77303396559556,12.249462444877514,0.9437897660164544,2829277298.98,2302855298.98,-4.305466903319861,6.0892732521796775,20.69637537292252,22.053247636114207,0.8441186743116215,0.8441186743116215,4.956288724606302,-3.5687137550248726,16.84555901056297,17.949968423686407,-0.0580657117134566,0.0453447953108914,0.0770214869651791,0.0335324050765762,0.8157913496257496,2.716223005225366,-7417.126436781609,-0.228651331139995,0.0291848381315498,-0.5026174186165421,0.2450708408571926,0.0,0.3509801354300942,0.0615270950374531,0.0181024593603984,0.2128774265394447,1.6411253613066656,,-0.1055029199568346,-0.0328789604193226,6.2805204535469645,2521111000.0,2947766000.0,1941235000.0,5223213000.0,643397500.0,186066000.0,0.0,117.62838627475878,15.687096041486493,0.0,0.7651214375225395,5.7371995276871965,0.0,-0.0490143515945238,0.0307392068042796,2009-08-06,0.09,bmo,383322223.0,2025-04-24,2009-06-30,0.7777777777777779,10.146190476190476,3340451.380952381
2009-03-31,BX,USD,1393818,2009-05-08,2009-05-08 16:08:45,2009,Q1,10969000.0,812347000.0,-801378000.0,-73.0584374145,0,110829000.0,0.0,110829000.0,812347000.0,923176000.0,923176000.0,2127000.0,1399000.0,39513000.0,-877444000.0,-79.993071383,-877444000.0,-79.993071383,-34763000.0,-912207000.0,-83.1622755037,17731000.0,-231574000.0,-21.1116783663,-0.85,-0.85,272107151,272107151,https://www.sec.gov/Archives/edgar/data/1393818/000119312509105360/0001193125-09-105360-index.htm,https://www.sec.gov/Archives/edgar/data/1393818/000119312509105360/d10q.htm,0.0403113257394694,-0.8510397435310327,2.0428790568609494,2.02640760440728,11.662453516335557,20.56742713093931,10.49192933558736,12.60843747542673,1.2169911697763502,1934681843.61,1488131843.61,-2.0886216108133904,176.37723070562495,3.4803822458903158,3.508672186452666,0.5639080983553328,0.5639080983553328,135.6670474619382,-1.6959849786539083,2.677064275529699,2.698824525952122,-0.1196961664600608,0.2850081018856933,0.0961141945747492,0.0429673090486961,0.5089213670616016,2.645207519315459,-627.1937097927091,-0.5977624314739263,0.0208985266148755,-0.1745964572879511,10.10383808916036,0.0,0.3572365346108787,0.0080628622621347,0.4086060716564864,0.1134310227013894,67.28462029355457,,-0.1444510090400138,-0.0469448563054466,5.8988453412604365,2438367000.0,2854929000.0,1842505000.0,5179982000.0,1039949500.0,746628500.0,0.0,5575.487282341143,23.119787479980847,0.0,0.0161420868602912,3.892769346514537,0.0,-0.0674976376089162,0.0164714524536696,2009-05-06,-0.1,bmo,132285714.0,2025-04-24,2009-03-31,-0.3,5.502786885245902,2956858.049180328
2008-12-31,BX,USD,1393818,2009-03-02,2009-03-02 16:24:39,2008,Q4,-915587000.0,4775374000.0,-5690961000.0,6.2156419871,0,121040000.0,0.0,121040000.0,862311000.0,983351000.0,983351000.0,0.0,8682000.0,39512000.0,-397612000.0,0.4342700366,-397612000.0,0.4342700366,-882703000.0,-1898938000.0,2.0740115358,8883000.0,-415177000.0,0.4534544505,-1.52,-1.52,273624497,273624497,https://www.sec.gov/Archives/edgar/data/1393818/000119312509042585/0001193125-09-042585-index.htm,https://www.sec.gov/Archives/edgar/data/1393818/000119312509042585/d10k.htm,-3.346144113697539,-1.517323940480373,4.378087536511762,4.333263333509207,12.187063061097192,22.36073548634061,12.19670401075237,12.824717956448175,1.4460766646927814,1753933025.77,1637196025.77,-1.0561357118590384,-1.915637755636548,1.4641096018621782,1.4792546648230098,0.4998160600309419,0.4998160600309419,-1.7881381297135062,-4.11757196908041,1.3666624587379126,1.380799507601922,-0.2367120031950659,0.6760161206722631,0.1102828970034683,0.0407838207737607,0.2935952637244349,3.0328394763713424,-45.79728173231974,-2.885400684527322,0.044940712582452,-0.1898539658988816,-0.1321993431536271,0.0,0.2930879222245161,0.0102383067101186,-0.0133957777906414,0.3104120267260579,-0.8824044028584941,,-0.0524476494867276,-0.0618934696535994,3.7070703139565753,3806435000.0,3337317000.0,2308295000.0,6706529000.0,1444821000.0,727537000.0,0.0,-137.6531012345086,24.2100074255964,0.0,-0.6538174526607592,3.717470978750965,0.0,-0.1183124607989896,0.0448242030025549,2009-02-27,-0.4,bmo,-679823345.0,2025-04-24,2008-12-31,0.7000000000000001,7.71109375,2263792.421875
2008-09-30,BX,USD,1393818,2008-11-07,2008-11-07 16:01:54,2008,Q3,-716902000.0,1708423000.0,-2425325000.0,3.383063515,0,135284000.0,0.0,135284000.0,991521000.0,1126805000.0,1126805000.0,7934000.0,5893000.0,39512000.0,-1292952000.0,1.8035268419,-1292952000.0,1.8035268419,-550755000.0,-1843707000.0,2.5717699211,-25168000.0,-340331000.0,0.4747245788,-1.27,-1.27,267830881,267830881,https://www.sec.gov/Archives/edgar/data/1393818/000119312508229980/0001193125-08-229980-index.htm,https://www.sec.gov/Archives/edgar/data/1393818/000119312508229980/d10q.htm,-2.6766965680854407,-1.2706936508938265,1.774201683636324,1.7196112646920652,24.654666315345462,32.29644381448306,21.793973040771203,14.239795596983456,7.47042309882108,4030854759.05,4890817759.05,-2.960981191141859,-5.622602195348876,8.482688376867165,8.751978024925906,1.0568971933268605,1.0568971933268605,-6.822156667229273,-3.782675427278043,10.292428141927582,10.619169409421035,-0.0844314718201878,0.1142598846971471,0.5230707391493703,0.1669490412667499,-0.665115951713598,3.533285364499104,-219.40471746139488,-1.396246595226412,0.0206112611260597,-0.2441182260799045,-0.1887064061754605,0.0,0.2354025861189528,0.0307690041373272,-0.0203946982990701,0.3700394816764527,-1.0802466724880109,,-0.1198040361288308,-0.0372501291814879,16.50654410534534,5802176000.0,5837099000.0,4793280000.0,8615062000.0,1820992000.0,172824000.0,0.0,-186.9633366903705,8.981862220304926,0.0,-0.4813778016224045,10.020193785264343,0.0,-0.0892353855952124,0.054590418944259,2008-11-06,-0.01257,bmo,16159090.0,2025-04-24,2008-09-30,34.003977724741446,16.70671875,1946275.34375
2008-06-30,BX,USD,1393818,2008-08-08,2008-08-08 13:39:28,2008,Q2,537640000.0,1028808000.0,-491168000.0,-0.9135629789,0,129310000.0,0.0,129310000.0,1028808000.0,1158118000.0,1158118000.0,6730000.0,5690000.0,40685000.0,-810156000.0,-1.5068744885,-810156000.0,-1.5068744885,189678000.0,-620478000.0,-1.1540770776,-28978000.0,-156531000.0,-0.2911446321,-0.59,-0.59,263610181,263610181,https://www.sec.gov/Archives/edgar/data/1393818/000119312508171618/0001193125-08-171618-index.htm,https://www.sec.gov/Archives/edgar/data/1393818/000119312508171618/d10q.htm,2.0395266903595046,-0.5937972479143361,0.3874774472386558,0.3267514163271258,28.12200185849423,37.20423453599464,26.216699877763823,15.177042801696649,6.757716994246136,4710713934.47,6268766934.47,-7.52361183163399,8.761836795011533,46.11881317828927,54.68989301062286,1.177436226113977,1.177436226113977,11.659785236347744,-7.737728208480836,61.37245757878661,72.7783936201312,-0.0332287212039359,0.0182849141761122,0.443836930551539,0.1316326014731891,-1.923151837423904,3.642105972459032,-142.38242530755713,-0.6525416690623582,0.1488018609813684,-4.478109767394318,0.240514098653374,0.0,0.2147104229988647,0.1567214591308263,0.0297745703444684,0.3934619638687477,1.4983948366936983,,-0.0666762488185025,-0.0147761474686533,20.277205264693475,6979366000.0,6910989000.0,5938455000.0,9875792000.0,1818638000.0,193068500.0,0.0,360.3604084517521,15.322100916789138,0.0,0.2497499666699648,5.873868113045961,0.0,-0.0391247000929558,0.0607260309115299,2008-08-06,0.08,bmo,374247843.0,2025-04-24,2008-06-30,0.8749999999999999,18.33828125,2075321.546875
2008-03-31,BX,USD,1393818,2008-05-15,2008-05-15 16:32:25,2008,Q1,-149856000.0,1127003000.0,-1276859000.0,8.5205730835,0,118173000.0,0.0,118173000.0,977147000.0,1095320000.0,1098063000.0,0.0,2743000.0,33528000.0,-1029540000.0,6.8701953876,-1029540000.0,6.8701953876,-215636000.0,-1245176000.0,8.3091501174,4274000.0,-250993000.0,1.6748945654,-0.95,-0.95,263147120,263147120,https://www.sec.gov/Archives/edgar/data/1393818/000119312508116484/0001193125-08-116484-index.htm,https://www.sec.gov/Archives/edgar/data/1393818/000119312508116484/d10q.htm,-0.5694761166301193,-0.9538124528970714,0.4376031172220315,0.4101697939920452,29.41184003837853,38.1215002467061,26.960021451118298,15.753073793853416,8.40142198782187,4099832129.6,5635230129.6,-4.08361202264605,-27.358478336536407,35.60303705993713,37.98426951035345,0.9890133318666388,0.9890133318666388,-37.60430099295324,-5.473541707558716,48.93646881219932,52.209479127252514,-0.0612203114824821,0.0263266876759977,0.5326578336922875,0.1670704331835394,-1.4913437068982265,1.0847996287272306,-375.3335763762304,-0.4587936715366564,0.0447220750030779,-0.73051041264099,-0.7885770339525945,0.0,0.2222325713296466,0.0626899630060614,-0.0481729126628229,0.215312574564543,-6.103666186205424,,-0.1818273701504905,-0.0244173882724974,21.540202492050835,730888000.0,7094452000.0,6165067000.0,3667999000.0,1682876500.0,230716000.0,0.0,-891.5937299807815,16.848961360351304,0.0,-0.1009428363767654,5.341575547308602,0.0,-0.060547704237203,0.0274333232299863,2008-05-15,0.14,bmo,344400000.0,2025-04-24,2008-03-31,-1.4285714285714286,17.126229508196722,4246664.557377049
2007-12-31,BX,USD,1393818,2008-03-12,2008-03-11 17:55:02,2007,Q4,-1898778000.0,1898778000.0,-3797556000.0,2.0,0,159036000.0,0.0,159036000.0,-1354472000.0,-1195436000.0,1061211000.0,0.0,3520000.0,55203000.0,-716245000.0,0.3772136606,-716245000.0,0.3772136606,12903000.0,-703342000.0,0.3704182374,8576000.0,-170000000.0,0.089531267,-0.65,-0.65,259826700,259860669,https://www.sec.gov/Archives/edgar/data/1393818/000119312508053079/0001193125-08-053079-index.htm,https://www.sec.gov/Archives/edgar/data/1393818/000119312508053079/d10k.htm,-7.307863279639852,-0.6542822581359037,0.9381599350644102,0.8796786473445569,30.842807917739016,39.66490356841695,31.18942741450359,16.267939361120316,6.160521609211062,5640837657.0,6369356657.0,-8.295349495588235,-2.9707726005883783,23.141043641465547,24.67946683204704,1.334526734952429,1.334526734952429,-3.354450418637671,-8.892706625526182,26.12972918743513,27.86684104670902,-0.0301373679473009,0.0405195139265111,0.3778581897372626,0.1212330160465151,-1.0171365943217754,1.1479749347850745,-203.4786931818182,-1.4338764705882352,0.4664642310233392,-15.477935294117646,-0.0837570268878194,0.0,0.167156639492341,0.0623361598956346,-0.0080025153019468,0.275256779522852,-0.9296442238113144,,-0.1305312852420745,-0.0154939211423212,25.234044461173543,1304695000.0,8103846000.0,7253496000.0,3571220000.0,2030789500.0,207672000.0,0.0,-89.16634804068723,11.870819021496985,0.0,-1.0093494011769146,7.581616722234423,0.0,-0.0402191232467715,0.0584812877198532,2008-03-10,0.16,bmo,722800000.0,2025-04-24,2007-12-31,-0.5,23.68390625,2988623.640625
2007-09-30,BX,USD,1393818,2007-11-13,2007-11-13 09:29:00,2007,Q3,534312000.0,929721000.0,-395409000.0,-0.7400339128,0,119016000.0,0.0,119016000.0,929721000.0,1048737000.0,1048737000.0,0.0,2258000.0,55204000.0,-522051000.0,-0.9770527332,-522051000.0,-0.9770527332,9884000.0,-514425000.0,-0.9627801734,5841000.0,-113190000.0,-0.211842519,-0.44,-0.44,260194486,260194486,https://www.sec.gov/Archives/edgar/data/1393818/000119312507244254/0001193125-07-244254-index.htm,https://www.sec.gov/Archives/edgar/data/1393818/000119312507244254/d10q.htm,2.0535100809169338,-0.4350207482874944,-6.784444309861355,-6.79441377554788,3.547569413135065,38.92557507925053,30.21517527469817,16.600528575382647,4.733259412730215,6530881598.6,7149998598.6,-14.424599343139857,12.222973840377907,-3.699639772046849,-3.694211278437486,1.5120000478310938,1.5120000478310938,13.381691967614428,-13.69597721027256,-4.050359631558822,-4.044416525545728,-0.0173315039158364,-0.2706937759182422,0.2846042683115994,0.0947809308455642,-1.1859320257982455,0.3653588055490242,-231.2006200177148,15.595679830373708,0.0,0.0,0.2227462606117773,0.0,0.1747413688219611,-0.0014694594326662,0.0048548413660932,0.0469893485979276,1.3988194163709593,,-0.0951515591240177,-0.0105749309392265,-1.0893553293823452,-5398258000.0,7861822000.0,265948000.0,-3131860000.0,1725918000.0,157386500.0,0.0,367.2667093383641,15.962756568906157,0.0,0.2450535202663377,5.638123942534521,0.0,-0.0262052347497294,0.0099694656865249,2007-11-12,0.3,bmo,766571428.0,2025-04-24,2007-09-30,-0.3,24.90936507936508,5292535.507936508
2007-06-30,BX,USD,1393818,2007-08-13,2007-08-13 16:38:14,2007,Q2,3372949000.0,345545000.0,3027404000.0,0.8975540395,0,109787000.0,0.0,109787000.0,424752000.0,534539000.0,415763000.0,0.0,26302000.0,1384732000.0,559557000.0,0.165895482,559557000.0,0.165895482,2275946000.0,2838410000.0,0.8415217663,11560000.0,1906427000.0,0.5652107399,10.08,10.08,189208003,189208003,https://www.sec.gov/Archives/edgar/data/1393818/000119312507180760/0001193125-07-180760-index.htm,https://www.sec.gov/Archives/edgar/data/1393818/000119312507180760/d10q.htm,17.826671951080208,10.075826443768344,10.650580144857829,10.59006473420683,10.047825514019086,80.9647835033701,68.9871558974173,24.094408945270672,1.0741194705173227,5434053846.16,4177620846.16,0.7125966331467188,1.6110690811393826,2.696566723068716,2.7119758680258017,1.1919777764723818,1.1919777764723818,1.2385662653541456,7.465943319733289,2.0730809215874557,2.084927246084168,0.3508296115518226,0.3687348445058088,0.0388101836974415,0.009421247439615,-2.245406634176679,27.03370164271321,21.27431374039997,2.6024051108605786,0.0,0.0,0.0325492617884231,0.0,0.1206749815534073,0.0056818886697185,0.0033946555373354,1.5902777777777777,0.0,73.90770841359412,0.0299129136977832,0.1154456791687447,-3.202780751298348,3901775000.0,13052922000.0,590943000.0,6168038000.0,635723500.0,74937000.0,0.0,33.92587021031151,39.03589981044437,0.0,2.65284278463829,2.305570012143534,0.0,0.4181811002982108,0.0605154106509966,2007-08-13,,bmo,,2025-04-24,2007-06-30,,30.6,36138062.16666666
2007-03-31,BX,USD,1393818,2007-03-31,2007-03-31 00:00:00,2007,Q1,4262850000.0,0.0,4262850000.0,1.0,0,79207000.0,0.0,79207000.0,-161028000.0,-81821000.0,-81821000.0,0.0,3198625000.0,-3198625000.0,4344671000.0,1.0191939665,4344671000.0,1.0191939665,-3198625000.0,1146046000.0,0.2688450215,13970000.0,1132076000.0,0.2655678713,4.35,4.35,260171676,260171676,,,16.384758193278504,4.351265354496159,-5.1656468554248,-5.177439069116809,144.64281653780023,141.36004950823315,141.36004950823315,11.10974893362335,21.40251423832931,8949905654.4,11319608654.4,1.9764365763429312,2.0995122170378973,-6.659378963134927,-6.64421146068033,3.0963796036730717,3.0963796036730717,2.6554086243710198,2.6054006516028485,-8.422609874884204,-8.403426410981846,0.1264902719330279,-0.1505069496836281,0.8198410485316778,0.06019744798911,0.5454274903669346,0.0,1.3582933291648756,-1.1871596959921418,0.0,0.0,0.0185807616969867,0.0,0.0,-0.0022828145287602,0.0007197062997759,0.0,0.0,32.98003906487352,0.1090221119123459,0.0287580705808786,134.69697985110415,37631964000.0,36777881000.0,35044339000.0,37631964000.0,655793000.0,78677500.0,0.0,0.0,0.0,0.0,0.0,0.0,0.0,0.3916618980764879,0.0117922136920085,2007-08-13,0.46,bmo,3372949000.0,2025-04-24,2007-03-31,0.0,,
2006-12-31,BX,USD,1393818,2006-12-31,2006-12-31 00:00:00,2006,Q4,7850126000.0,0.0,7850126000.0,1.0,0,0.0,0.0,0.0,-8066521000.0,-8066521000.0,-8066521000.0,0.0,0.0,809412000.0,-216395000.0,-0.0275657996,-216395000.0,-0.0275657996,216395000.0,0.0,0.0,-809412000.0,593017000.0,0.0755423544,3.23,3.23,183868331,183868331,,,42.69427996276313,3.2252264257513708,-16.892653471684582,-16.94775812154405,5.113267711120955,171.414907768973,171.414907768973,14.80885253698202,12.05164580517131,6325070586.4,8411543586.4,2.666479454383264,0.8057285432615986,-2.036388188372015,-2.029766990612793,2.3229348738596167,2.3229348738596167,1.0715170159561769,-38.87124742438595,-2.7081386320260243,-2.699333276767915,0.0937565821439352,-0.4926673872541875,0.8138136141929186,0.0653835272823109,-9.641964925252433,16.095268660036226,0.0,-2.626792057102263,0.0,0.0,0.0,0.0,0.0,-0.003262048200529,0.0012906799202968,0.0,0.0,32.781745028139014,,0.0174977495529497,-2.4442137346642907,2375316000.0,31517773000.0,159400000.0,2375316000.0,,,,15.037050360720324,0.0,0.0,5.985216371629463,0.0,0.0,0.2177904343160309,0.0551046498594692,2006-12-31,,bmo,,2025-04-24,2006-12-31,,,
2006-09-30,BX,USD,1393818,2006-09-30,2006-09-30 00:00:00,2006,Q3,299763000.0,0.0,299763000.0,1.0,0,63946000.0,0.0,63946000.0,133000000.0,133000000.0,133000000.0,0.0,7268000.0,293254000.0,299763000.0,1.0,299763000.0,1.0,807904000.0,1143927000.0,3.8161047227,-293254000.0,593017000.0,1.9782861794,3.23,3.23,183868331,183868331,,,1.6303133789798745,3.2252264257513708,-6.504670997421519,-6.562320946938927,,,,,,6325070586.4,,2.666479454383264,21.100237809202604,-5.288507291704118,-5.242047787383257,0.0,0.0,,,,,0.0937565821439352,-0.1907651438063641,0.0,0.0,,0.0,41.24422124380848,-3.2103326282787723,0.0,0.0,0.213321857600838,0.0,0.0,-0.0088628540229414,0.0353612687356344,0.0,0.0,,0.0,0.0,,,,,,,,,,0.0,0.0,0.0,0.0,0.0,0.0,0.0576499495174076,2006-09-30,,bmo,,2025-04-24,2006-09-30,,,
2006-06-30,BX,USD,1393818,2006-06-30,2006-06-30 00:00:00,2006,Q2,299763000.0,0.0,299763000.0,1.0,0,70218000.0,0.0,70218000.0,139000000.0,139000000.0,139000000.0,0.0,15180000.0,293254000.0,299763000.0,1.0,299763000.0,1.0,846296000.0,1146059000.0,3.8232170081,-293254000.0,593017000.0,1.9782861794,3.13,3.13,189208003,189208003,,,1.5843040212204975,3.1342067491722325,,,,,,,,6508755303.2,,2.743915985207844,21.713004284051067,0.0,0.0,0.0,0.0,,,0.0,0.0,0.0911106613131463,,0.0,0.0,,0.0,19.74723320158103,0.0,,,0.2342450535923379,0.0,0.0,0.0,,0.0,,,0.0,0.0,,,,,,,,,,0.0,0.0,0.0,0.0,0.0,0.0,,2006-06-30,,bmo,,2025-04-24,2006-06-30,,,
2006-03-31,BX,USD,1393818,2006-03-31,2006-03-31 00:00:00,2006,Q1,220989000.0,0.0,220989000.0,1.0,0,0.0,0.0,0.0,0.0,0.0,0.0,0.0,0.0,266166000.0,220989000.0,1.0,220989000.0,1.0,0.0,0.0,0.0,-266166000.0,487155000.0,2.2044309898,2.57,2.57,189208003,189208003,,,1.167968566319047,2.574706102680022,,,,,,,,6508755303.2,,3.340187057096817,29.45284744127536,0.0,0.0,0.0,0.0,,,0.0,0.0,0.0748461076360471,,0.0,0.0,,0.0,0.0,0.0,,,0.0,0.0,0.0,0.0,,0.0,,,0.0,0.0,,,,,,,,,,0.0,0.0,0.0,0.0,0.0,0.0,,2006-03-31,,bmo,,2025-04-24,2006-03-31,,,
2005-12-31,BX,USD,1393818,2005-12-31,2005-12-31 00:00:00,2005,Q4,5266717000.0,0.0,5266717000.0,1.0,0,0.0,0.0,0.0,155385000.0,155385000.0,155385000.0,0.0,0.0,-5089436000.0,5422102000.0,1.0295031991,5422102000.0,1.0295031991,0.0,0.0,0.0,5089436000.0,332666000.0,0.0631638267,1.81,1.81,183868331,183868331,,,28.64395935589365,1.8092620854865973,,,110.33449256685752,103.54340465514969,103.54340465514969,9.925281803966556,10.712595199441932,6325070586.4,8294777586.4,4.753319084607384,1.200951292123727,0.0,0.0,3.46589655381395,3.46589655381395,1.5749427179018731,1.5298084739829685,0.0,0.0,0.0525948280664708,,1.079324034422955,0.0932576789000433,0.3632736897977943,0.0,0.0,0.0,,,0.0,0.0,0.0,0.0,,0.0,,20.10080374644136,,0.0157503928294725,99.0069790756952,20287019000.0,19038353000.0,18204248000.0,20287019000.0,,,,0.0,0.0,0.0,0.0,0.0,0.0,0.1822882333440185,,2005-12-31,,bmo,,2025-04-24,2005-12-31,,,
2005-09-30,BX,USD,1393818,2005-09-30,2005-09-30 00:00:00,2005,Q3,124187000.0,0.0,124187000.0,1.0,0,0.0,0.0,0.0,0.0,0.0,0.0,0.0,0.0,208479000.0,124187000.0,1.0,124187000.0,1.0,0.0,0.0,0.0,-208479000.0,332666000.0,2.6787505939,1.81,1.81,183868331,183868331,,,0.6754126679922928,1.8092620854865973,,,,,,,,6325070586.4,,4.753319084607384,50.93182528283958,0.0,0.0,0.0,0.0,,,0.0,0.0,0.0525948280664708,,0.0,0.0,,0.0,0.0,0.0,,,0.0,0.0,0.0,0.0,,0.0,,,0.0,0.0,,,,,,,,,,0.0,0.0,0.0,0.0,0.0,0.0,,2005-09-30,,bmo,,2025-04-24,2005-09-30,,,
2005-06-30,BX,USD,1393818,2005-06-30,2005-06-30 00:00:00,2005,Q2,124187000.0,0.0,124187000.0,1.0,0,0.0,0.0,0.0,0.0,0.0,0.0,0.0,0.0,208479000.0,124187000.0,1.0,124187000.0,1.0,0.0,0.0,0.0,-208479000.0,332666000.0,2.6787505939,1.81,1.81,183868331,183868331,,,0.6754126679922928,1.8092620854865973,,,,,,,,6325070586.4,,4.753319084607384,50.93182528283958,0.0,0.0,0.0,0.0,,,0.0,0.0,0.0525948280664708,,0.0,0.0,,0.0,0.0,0.0,,,0.0,0.0,0.0,0.0,,0.0,,,0.0,0.0,,,,,,,,,,0.0,0.0,0.0,0.0,0.0,0.0,,2005-06-30,,bmo,,2025-04-24,2005-06-30,,,
2005-03-31,BX,USD,1393818,2005-03-31,2005-03-31 00:00:00,2005,Q1,124187000.0,0.0,124187000.0,1.0,0,0.0,0.0,0.0,0.0,0.0,0.0,0.0,0.0,208479000.0,124187000.0,1.0,124187000.0,1.0,0.0,0.0,0.0,-208479000.0,332666000.0,2.6787505939,1.81,1.81,183868331,183868331,,,0.6754126679922928,1.8092620854865973,,,,,,,,6325070586.4,,4.753319084607384,50.93182528283958,0.0,0.0,0.0,0.0,,,0.0,0.0,0.0525948280664708,,0.0,0.0,,0.0,0.0,0.0,,,0.0,0.0,0.0,0.0,,0.0,,,0.0,0.0,,,,,,,,,,0.0,0.0,0.0,0.0,0.0,0.0,,2005-03-31,,bmo,,2025-04-24,2005-03-31,,,
