date,symbol,reportedCurrency,cik,fillingDate,acceptedDate,calendarYear,period,revenue,costOfRevenue,grossProfit,grossProfitRatio,researchAndDevelopmentExpenses,generalAndAdministrativeExpenses,sellingAndMarketingExpenses,sellingGeneralAndAdministrativeExpenses,otherExpenses,operatingExpenses,costAndExpenses,interestIncome,interestExpense,depreciationAndAmortization,ebitda,ebitdaratio,operatingIncome,operatingIncomeRatio,totalOtherIncomeExpensesNet,incomeBeforeTax,incomeBeforeTaxRatio,incomeTaxExpense,netIncome,netIncomeRatio,eps,epsdiluted,weightedAverageShsOut,weightedAverageShsOutDil,link,finalLink,revenuePerShare,netIncomePerShare,operatingCashFlowPerShare,freeCashFlowPerShare,cashPerShare,bookValuePerShare,tangibleBookValuePerShare,shareholdersEquityPerShare,interestDebtPerShare,marketCap,enterpriseValue,peRatio,priceToSalesRatio,pocfratio,pfcfRatio,pbRatio,ptbRatio,evToSales,enterpriseValueOverEBITDA,evToOperatingCashFlow,evToFreeCashFlow,earningsYield,freeCashFlowYield,debtToEquity,debtToAssets,netDebtToEBITDA,currentRatio,interestCoverage,incomeQuality,dividendYield,payoutRatio,salesGeneralAndAdministrativeToRevenue,researchAndDdevelopementToRevenue,intangiblesToTotalAssets,capexToOperatingCashFlow,capexToRevenue,capexToDepreciation,stockBasedCompensationToRevenue,grahamNumber,roic,returnOnTangibleAssets,grahamNetNet,workingCapital,tangibleAssetValue,netCurrentAssetValue,investedCapital,averageReceivables,averagePayables,averageInventory,daysSalesOutstanding,daysPayablesOutstanding,daysOfInventoryOnHand,receivablesTurnover,payablesTurnover,inventoryTurnover,roe,capexPerShare,report_date,epsEstimated,time,revenueEstimated,updatedFromDate,fiscalDateEnding,surprise(%),QuarterAvgPrice,QuarterAvgVolume
2025-03-30,BXP,USD,1037540,2025-03-30,2025-03-30 18:00:00,2025,Q1,865215000.0,339911000.0,525304000.0,0.6071369544,0,52284000.0,0.0,52284000.0,0.0,52284000.0,392195000.0,0.0,0.0,221797750.0,470211750.0,0.5434623186,473020000.0,0.5467080437,-386115000.0,86905000.0,0.1004432424,0.0,61177000.0,0.0707072808,0.39,0.39,158202000,158632000,,,5.4690522243713735,0.3867018116079442,0.0,0.0,2.516567426454785,49.61910089632242,49.61910089632242,33.6275268327834,103.89065245698538,10629592380.0,26667175380.0,43.437862186769536,12.285492484526968,0.0,0.0,1.998065463871599,1.998065463871599,30.821443664291536,56.71311995074559,0.0,0.0,0.0057553476947156,0.0,3.0894526669651663,0.6461461062226238,34.10715066137756,1.1746633843454606,0.0,0.0,0.0145855037952076,2.5342524151233308,0.0604289107331703,0.0,0.0,0.0,0.0,0.0,0.0,17.105147610820907,0.0191160474858105,0.0024050851922713,-100.95592501991123,347235000.0,7849841000.0,-15251421000.0,20735454000.0,1605581500.0,400317000.0,0.0,168.80771831278932,105.5817552241616,0.0,0.5331509773340818,0.8524200020062193,0.0,0.0114995614613843,0.0,2025-04-29,1.65,amc,832758750.0,2025-05-11,2025-03-30,-0.006060606060606,70.12133333333333,1351248.5333333334
2024-12-31,BXP,USD,1037540,2025-02-27,2025-02-27 15:36:49,2024,Q4,858571000.0,333666000.0,524905000.0,0.6113705215,0,36902000.0,0.0,36902000.0,226043000.0,262945000.0,595904000.0,20452000.0,170390000.0,230577000.0,163150000.0,0.1900250533,262667000.0,0.3059350945,-500484000.0,-237817000.0,-0.2769916524,0.0,-228854000.0,-0.2665522129,-1.45,-1.45,157468000,157468000,https://www.sec.gov/Archives/edgar/data/1037540/000165642325000009/0001656423-25-000009-index.htm,https://www.sec.gov/Archives/edgar/data/1037540/000165642325000009/bxp-20241231.htm,5.452352223943913,-1.4533365509182818,2.4369776716539238,2.4369776716539238,7.969123885487845,50.47156247618564,50.47156247618564,34.37718139558513,108.9393400563924,11709320480.0,27438508480.0,-12.791256084665331,13.638150461639166,30.51320529725391,30.51320529725391,2.1630627346763696,2.1630627346763696,31.958345297010965,168.17964131167636,71.50174459147456,71.50174459147456,-0.0195446012764696,0.0327726959609188,3.13746719657082,0.6511053487485902,96.40936561446522,2.509236913056423,1.5415634720347438,-1.6768157864839592,0.0147326226397725,-0.7537949959362737,0.042980720289877,0.0,0.0,0.0,0.0,0.0,0.0051213003933279,,0.0103743927976317,-0.0087734013980459,-99.64687746081744,1814794000.0,7947656000.0,-15120072000.0,2522483000.0,844018000.0,423081000.0,0.0,166.4972378521986,108.3977989966014,0.0,0.5405495079737838,0.8302751608713179,0.0,-0.0422761986852396,0.0,2025-01-28,0.51,amc,843550000.0,2025-04-28,2024-12-31,2.5098039215686274,81.1140625,1152783.734375
2024-09-30,BXP,USD,1037540,2024-11-05,2024-11-05 13:23:51,2024,Q3,859227000.0,564269000.0,294958000.0,0.3432829741,0,33352000.0,0.0,33352000.0,0.0,33352000.0,597715000.0,14430000.0,163194000.0,221276000.0,484402000.0,0.5637648724,261512000.0,0.3043572886,-153060000.0,108452000.0,0.1262204284,0.0,83628000.0,0.0973293437,0.53,0.53,157725000,158213000,https://www.sec.gov/Archives/edgar/data/1037540/000165642324000059/0001656423-24-000059-index.htm,https://www.sec.gov/Archives/edgar/data/1037540/000165642324000059/bxp-20240930.htm,5.447627199239182,0.5302139800285307,1.8138912664447613,1.8138912664447613,9.006023141543826,52.511054049770166,52.511054049770166,36.5142431447139,108.67740687906166,12690553499.999998,28248028500.0,37.93751345243219,14.7697331438607,44.35767539567138,44.35767539567138,2.203523695701961,2.203523695701961,32.87609502494684,58.31525984616084,98.73618820256138,98.73618820256138,0.0065897834952588,0.0225440127572055,2.9479655973589427,0.6429693379448915,32.11686780814282,1.2280926679479318,1.6024608747870632,2.6379965330284367,0.01361540298459,2.0661381355526856,0.0388162848700052,0.0,0.0,0.6475868240031318,0.215626371145227,0.8372891773170158,0.0050801476210593,20.871227783086592,0.0108641744715496,0.003167063149182,-105.42384213029004,282342000.0,8282306000.0,-16603049000.0,995042000.0,805327500.0,408386000.0,0.0,10.44373605578037,70.86322303723932,0.0,8.617605760937154,1.2700523084125612,0.0,0.0145207440813486,1.1746520843239816,2024-10-29,1.81,amc,834620000.0,2024-10-30,2024-09-30,0.0,71.60203125,1183181.25
2024-06-30,BXP,USD,1037540,2024-08-05,2024-08-05 16:49:38,2024,Q2,850482000.0,554955000.0,295527000.0,0.3474817809,0,48257000.0,0.0,48257000.0,-44240000.0,267799000.0,599195000.0,10788000.0,149642000.0,219542000.0,709603000.0,0.8343539311,251287000.0,0.2954642191,-361078000.0,106949000.0,0.1257510447,27334000.0,79615000.0,0.0936116226,0.51,0.51,157039000,157291000,https://www.sec.gov/Archives/edgar/data/1037540/000165642324000046/0001656423-24-000046-index.htm,https://www.sec.gov/Archives/edgar/data/1037540/000165642324000046/bxp-20240630.htm,5.415737491960596,0.5069759741210782,2.3374066314737103,1.7018447646762906,4.773151892205121,52.79098185800979,47.696075497169495,37.00213322805163,103.85355867013926,9530696910.0,24952612910.0,29.927453714752243,11.20623000839524,25.96467349018155,35.66130193522316,1.6401757062479412,1.6401757062479412,29.33937803504366,35.16418745411166,67.97891623804023,93.36595964169186,0.0083535339285068,0.0280416009997741,2.780938628183696,0.6343382592627719,21.73316065461956,2.0232182391725875,1.6792544873765387,4.6104879733718525,0.018128789702536,2.170194058908497,0.0567407658245559,0.0,0.0314079033233615,0.2719089858989168,0.1173546294924525,0.4546191617093768,0.0191820638179291,20.544630249814947,0.007541392030235,0.0032266302142358,-97.437084100128,1183621000.0,7490144000.0,-14843821000.0,22100645000.0,1504612000.0,373582500.0,0.5,159.89216702999005,60.40770873314053,0.0,0.5628793559544366,1.489876075213969,0.0,0.0137012634108547,0.6355618667974198,2024-07-30,1.72,amc,818570000.0,2025-04-25,2024-06-30,0.0290697674418604,61.10936507936508,1189615.9365079366
2024-03-31,BXP,USD,1037540,2024-05-10,2024-05-10 10:48:23,2024,Q1,839439000.0,543181000.0,296258000.0,0.3529237979,0,50018000.0,0.0,50018000.0,-50135000.0,50135000.0,593316000.0,14529000.0,161891000.0,218716000.0,488652000.0,0.5821173427,246123000.0,0.2931993867,-360799000.0,106604000.0,0.1269943379,42368000.0,79883000.0,0.0951623644,0.51,0.51,156983000,157132000,https://www.sec.gov/Archives/edgar/data/1037540/000165642324000028/0001656423-24-000028-index.htm,https://www.sec.gov/Archives/edgar/data/1037540/000165642324000028/bxp-20240331.htm,5.347324232560213,0.5088640171228732,1.25870317168101,0.7142875343190027,4.883547900091092,52.78095717370671,52.78095717370671,37.36608422568049,103.9460960740972,9935454070.0,25324699070.0,31.0937686053353,11.83582615294262,50.28191032161745,88.6057742283579,1.6937819766648936,1.6937819766648936,30.168599588534725,51.825632699753605,128.16467557377464,225.8492216247068,0.0080401961940728,0.0112859461892716,2.754231107565157,0.632919099123254,31.49326105285561,3.535329707926675,1.520300696147408,2.4735550742961583,0.01729100640893,2.150570208930561,0.0595850323847236,0.0,0.0,0.4325210658164427,0.1018108522477511,0.3907533056566506,0.0224828724898414,20.6838283152009,0.0056958766373602,0.0031294785257591,-97.7808090653128,1689564000.0,8285713000.0,-14884293000.0,21796139000.0,1494799000.0,416505000.0,1.0,160.6367466843928,62.08112949458837,1.6569062614487624e-07,0.5602703108574861,1.4497158916518318,543181000.0,0.0136183394023703,0.5444156373620074,2024-04-30,1.73,amc,816610000.0,2025-04-25,2024-03-31,0.0,66.18934426229508,1506259.163934426
2023-12-31,BXP,USD,1037540,2024-02-27,2024-02-27 15:56:05,2023,Q4,828933000.0,525872000.0,303061000.0,0.3656037352,0,42792000.0,0.0,42792000.0,-41207000.0,41207000.0,567079000.0,20965000.0,155080000.0,212067000.0,473842000.0,0.5716288289,261854000.0,0.3158928393,-548846000.0,153155000.0,0.1847616152,33230000.0,119925000.0,0.1446739363,0.76,0.76,156945000,157276000,https://www.sec.gov/Archives/edgar/data/1037540/000165642324000007/0001656423-24-000007-index.htm,https://www.sec.gov/Archives/edgar/data/1037540/000165642324000007/bxp-20231231.htm,5.281678294944089,0.7641211889515436,2.4667749848673104,1.7001879639364108,10.274726815126318,52.19894867628787,52.19894867628787,37.497722131957055,106.91470897448151,11012830650.0,26024912650.0,22.95774577861163,13.285549797148866,28.446048152127865,41.2719072763795,1.871313669482828,1.871313669482828,31.395676912368067,54.92318673735127,67.22212861747963,97.53148994138722,0.010889570884303,0.0242295562767053,2.8248807153003868,0.6387671491468062,31.68161961160049,4.185572643211577,1.6885091501160692,3.2282509902022096,0.0156939669275673,1.4411924119241193,0.0516229900365892,0.0,0.0,0.310764875448149,0.1451408014881781,0.567330136230531,0.0057652427880178,25.390708741880893,0.0075211819442469,0.0046078657276572,-96.22941635286249,2431194000.0,8192364000.0,-14639402000.0,22327592000.0,1479866000.0,460284500.0,1.0,161.91787514793114,78.44040009439635,1.7114430920669726e-07,0.555837333696322,1.147367936569582,525871999.0,0.0203778028505984,0.7665870209308994,2024-01-30,1.81,amc,813320000.0,2025-04-25,2023-12-31,0.005524861878453,59.04904761904762,1649430.0476190476
2023-09-30,BXP,USD,1037540,2023-11-07,2023-11-07 16:07:16,2023,Q3,824283000.0,312598000.0,511685000.0,0.6207637425,0,31930000.0,0.0,31930000.0,-32212000.0,239365000.0,551963000.0,20715000.0,147812000.0,207435000.0,237681000.0,0.2883487831,45479000.0,0.0551740118,-341224000.0,-103543000.0,-0.1256158382,-91461000.0,-111826000.0,-0.1356645715,-0.71,-0.71,156880000,156880000,https://www.sec.gov/Archives/edgar/data/1037540/000165642323000047/0001656423-23-000047-index.htm,https://www.sec.gov/Archives/edgar/data/1037540/000165642323000047/bxp-20230930.htm,5.2542261601223865,-0.7128123406425293,1.9198686894441608,2.218122131565528,5.626255736868944,51.251682814890366,46.83820754716981,36.8949706782254,100.10201427842938,9331222400.0,24004767400.0,-20.86103052957273,11.32041107241081,30.981285505114727,26.81547564651889,1.612143847971772,1.612143847971772,29.121997420788738,100.99573546055429,79.70001361271494,68.9833794568063,-0.0119840675965455,0.0372918986477055,2.687624209949996,0.6288087204943356,61.73629781093146,3.262097778850164,0.3076813790490623,-2.908830147861275,0.0183951247373548,-1.534965034965035,0.0387366960133837,0.0,0.0279874634324512,0.1553509590323683,0.0567644850130355,0.2249432714126379,0.0062781835850066,,0.0002108051420544,-0.0046503558358501,-93.79672520079042,1725026000.0,7347978000.0,-14211180000.0,2977734000.0,1445973500.0,448407000.0,1.0,160.32941356306026,133.0833850504482,2.879097115144691e-07,0.5613442848688615,0.6762677397023191,312598000.0,-0.0193200408494487,0.2982534421213667,2023-11-01,1.85,amc,810450000.0,2025-04-25,2023-09-30,0.0054054054054054,63.98142857142857,1495712.0
2023-06-30,BXP,USD,1037540,2023-08-07,2023-08-07 16:03:22,2023,Q2,817153000.0,301809000.0,515344000.0,0.6306579062,0,46172000.0,0.0,46172000.0,-44359000.0,248749000.0,550558000.0,17343000.0,142473000.0,202577000.0,468988000.0,0.5739292397,277270000.0,0.3393122218,-130411000.0,136184000.0,0.1666566726,167690000.0,104299000.0,0.1276370521,0.67,0.66,156826000,157218000,https://www.sec.gov/Archives/edgar/data/1037540/000165642323000040/0001656423-23-000040-index.htm,https://www.sec.gov/Archives/edgar/data/1037540/000165642323000040/bxp-20230630.htm,5.210570951245329,0.6650619157537653,2.4177942433014934,1.7303317052019436,10.08490301353092,52.87921007996123,48.34667083264255,38.5143534873044,102.37701656613062,9031609340.0,23362939340.0,21.648360339025302,11.05253158221288,23.81923116888597,33.28263582460265,1.495286686273562,1.495286686273562,28.59065479781632,49.8156441955871,61.61551413207164,86.09542027041469,0.0115482187142518,0.0300456972599747,2.634564238850924,0.6279340990810396,30.55798869054219,4.379784891657963,1.946123125083349,2.7842698114315927,0.0190503146806834,1.6496323071170385,0.0565034944496318,0.0,0.0280494426573139,0.2843345913342986,0.1319361245690831,0.5314758397665316,0.0186770408968699,24.006762975699125,-0.0026049639008014,0.0042344847073955,-91.81906380000764,2423735000.0,7582015000.0,-13907983000.0,3538502000.0,1449240000.0,416186000.0,0.5,156.78633009974877,129.5907676709442,2.98201842887389e-07,0.5740296360195513,0.6944939181819437,301809000.0,0.017267897693596,0.6874625380995498,2023-08-01,1.8,amc,799580000.0,2025-04-25,2023-06-30,0.0333333333333333,52.0116129032258,1729962.0322580645
2023-03-31,BXP,USD,1037540,2023-05-03,2023-05-03 16:35:21,2023,Q1,803200000.0,297979000.0,505221000.0,0.6290102092,0,61037000.0,0.0,61037000.0,444184000.0,505221000.0,803200000.0,10941000.0,134207000.0,209386000.0,449221000.0,0.5592890936,436371000.0,0.5432905876,-330743000.0,105628000.0,0.1315089641,0.0,77890000.0,0.0969746016,0.5,0.5,156803000,157043000,https://www.sec.gov/Archives/edgar/data/1037540/000165642323000024/0001656423-23-000024-index.htm,https://www.sec.gov/Archives/edgar/data/1037540/000165642323000024/bxp-20230331.htm,5.122350975427766,0.4967379450648265,1.492382161055592,1.492382161055592,5.860551137414463,53.00971920180098,53.00971920180098,38.664993654458144,97.56602233375637,8486178360.0,22731664360.0,27.237701758890744,10.56546110557769,36.26416973633605,36.26416973633605,1.3997157346942914,1.3997157346942914,28.301374950199204,50.60240807976475,97.1397135165164,97.1397135165164,0.0091784542694905,0.0275754279574204,2.501232189090594,0.6220701012225351,31.71153174050189,3.568073139513622,3.251477195675337,2.2154163668724203,0.0201822295896217,2.1988702015663115,0.075992280876494,0.0,0.0,0.0,0.0,0.0,0.0326967131474103,20.7880569946268,0.0184171329885983,0.0031951754614462,-89.5399737249925,1755599000.0,8312083000.0,-13626071000.0,1755599000.0,1422861000.0,407671500.0,0.0,165.2698954183267,120.14880243238616,0.0,0.5445637862370182,0.7490711366070216,0.0,0.0128472268611778,0.0,2023-04-25,1.7,amc,773900000.0,2025-04-25,2023-03-31,0.0176470588235294,65.25338709677419,1745174.4677419355
2022-12-31,BXP,USD,1037540,2023-02-27,2023-02-27 16:48:19,2022,Q4,789824000.0,292292000.0,497532000.0,0.6299276801,0,37865000.0,0.0,37865000.0,198330000.0,236195000.0,528487000.0,5789000.0,119923000.0,198330000.0,458758000.0,0.5808357305,208675000.0,0.2642044304,-105614000.0,155723000.0,0.1971616461,119923000.0,35800000.0,0.0453265538,0.23,0.23,156773000,157112000,https://www.sec.gov/Archives/edgar/data/1037540/000165642323000013/0001656423-23-000013-index.htm,https://www.sec.gov/Archives/edgar/data/1037540/000165642323000013/bxp-20221231.htm,5.0380103716839,0.2283556479750977,2.3600747577707897,1.4329253123943535,4.609275831935346,53.39205092713669,48.83788024723645,39.11974000625108,94.4950980079478,10594719340.0,24598743340.0,73.98547025139665,13.414025580382464,28.634686158769284,47.162262691191394,1.727516593648147,1.727516593648147,31.14458833866785,53.62030382031485,66.48380885198759,109.50100309823544,0.0033790418463317,0.0212033931990878,2.3959809350164254,0.6070124719567175,30.525950501135675,3.159375803873623,1.7400748813822202,2.375988132774221,0.0161904241627603,4.791424581005587,0.0479410602868487,0.0,0.0294935873420939,0.3928474902431377,0.1840308727007535,0.7307278522376505,0.0098984077465359,14.1773518507251,0.0019760503770629,0.0015238128965478,-89.8531124619673,1494206000.0,7656461000.0,-13651069000.0,2613038000.0,1345294500.0,389058500.0,-53769000.0,156.19960902682118,128.56680990242634,0.0,0.5761858212112811,0.7000251469901447,0.0,0.0058373508601695,0.927149445376436,2023-01-31,1.84,amc,781029138.0,2025-04-25,2022-12-31,0.0108695652173913,70.88555555555556,1685158.6825396826
2022-09-30,BXP,USD,1037540,2022-11-04,2022-11-04 14:39:26,2022,Q3,790523000.0,294150000.0,496373000.0,0.6279045644,0,32519000.0,0.0,32519000.0,190675000.0,223194000.0,517344000.0,3728000.0,111846000.0,190675000.0,464058000.0,0.5870265634,273383000.0,0.3458254852,-39292000.0,420661000.0,0.532129995,111846000.0,360977000.0,0.4566306104,2.3,2.3,156754000,157133000,https://www.sec.gov/Archives/edgar/data/1037540/000165642322000043/0001656423-22-000043-index.htm,https://www.sec.gov/Archives/edgar/data/1037540/000165642322000043/bxp-20220930.htm,5.043080240376641,2.302824808298353,1.886803526544777,1.3023272133406485,2.397221123543897,53.5875065389081,53.5875065389081,39.269288184033584,91.84975821988594,11751847380.0,25662044380.0,8.138917008562872,14.865914565420614,39.73386679920477,57.5661778637733,1.9091255142862988,1.9091255142862988,32.462109742537535,55.29921772709446,86.76527359651614,125.70498606382718,0.030716617424281,0.0173713113690896,2.320802070563833,0.6021054937664928,29.975125954083325,1.917448352672645,2.444280528583946,0.7030934648089554,0.0145964284978656,0.4751964806622029,0.0411360580274071,0.0,0.0,0.3097706279330818,0.1158966911778657,0.4794020229081528,0.0101363274692829,45.1074444884015,0.0088166330046102,0.0152139630427184,-89.4061602893706,883878000.0,8400056000.0,-13479348000.0,1289318000.0,1324948000.0,351519500.0,-81385000.0,150.25851240254872,110.32289648138703,-32.9030086690464,0.5989677294214542,0.8157871382137271,-2.7353121687217543,0.0586418780372661,0.5844763132041287,2022-10-25,0.75,amc,769344841.0,2025-04-25,2022-09-30,2.053333333333333,84.9875,1320510.625
2022-06-30,BXP,USD,1037540,2022-08-05,2022-08-05 17:11:33,2022,Q2,773927000.0,283531000.0,490396000.0,0.6336463258,0,34665000.0,0.0,34665000.0,183146000.0,217811000.0,501342000.0,1195000.0,104142000.0,183146000.0,574286000.0,0.7420415621,280350000.0,0.3622434674,-5342000.0,267243000.0,0.3453077616,104142000.0,163101000.0,0.2107446826,1.04,1.04,156720000,157192000,https://www.sec.gov/Archives/edgar/data/1037540/000165642322000032/0001656423-22-000032-index.htm,https://www.sec.gov/Archives/edgar/data/1037540/000165642322000032/bxp-20220630.htm,4.938278458397141,1.0407159264931087,2.5341309341500766,2.029134762633997,2.9127807554874936,52.00740173557938,52.00740173557938,37.83658116385911,90.66098774885144,13944945600.0,27592702600.0,21.37470892269208,18.018424993571745,35.11262926508691,43.8512028074942,2.351692390352442,2.351692390352442,35.652849170529,48.04697067314892,69.47695348597126,86.76786790186348,0.0116960657056991,0.0228043915782647,2.3785573385989864,0.6062058588869209,23.76473917177156,2.4657525234609308,2.691997464999712,1.486096923025112,0.0122957094934812,1.0512688456845758,0.0447910461839424,0.0,0.0,0.1992778528965199,0.1022615828107818,0.4300689040559927,0.0193299884872862,29.765508293639808,0.00760743173401,0.0070101420359536,-87.3493667049515,1136288000.0,8150600000.0,-13204320000.0,1542146000.0,1314807000.0,323521500.0,-27615999.5,154.67586736216725,108.707795620232,-17.532051169007975,0.5818619383544084,0.8279075064166767,-5.133455243337196,0.0275055487171548,0.5049961715160797,2022-07-26,1.85,amc,760363958.0,2025-04-25,2022-06-30,0.0486486486486485,110.70096774193549,910130.5322580644
2022-03-31,BXP,USD,1037540,2022-05-02,2022-05-02 17:14:02,2022,Q1,754307000.0,279160000.0,475147000.0,0.6299119589,0,43194000.0,0.0,43194000.0,177624000.0,220818000.0,499978000.0,1228000.0,101228000.0,177624000.0,431953000.0,0.5726488021,257746000.0,0.3416990695,-77372000.0,176957000.0,0.2345954631,101228000.0,75729000.0,0.1003954623,0.48,0.48,156650000,157004000,https://www.sec.gov/Archives/edgar/data/1037540/000165642322000020/0001656423-22-000020-index.htm,https://www.sec.gov/Archives/edgar/data/1037540/000165642322000020/bxp-20220331.htm,4.815237791254389,0.4834280242578997,1.401149058410469,0.8778231726779444,2.785004787743377,51.405617618895626,51.405617618895626,37.303555697414616,86.57250558570061,20176520000.0,33200604000.0,66.60764040195963,26.74841941013407,91.92455237140646,146.72658914559565,3.452753969212825,3.452753969212825,44.01471019094348,76.86161225874112,151.26249031846552,241.43962301197723,0.0037533231697041,0.0068153973034001,2.303434593937096,0.5988865542124417,30.151622977499866,2.4333926697235864,2.546192752993243,1.2403578270427278,0.0084498218721563,2.251290786884813,0.0572631567783409,0.0,0.0,0.373497653651647,0.1086812133521232,0.4601606484314045,0.0281516676896807,20.14337720302637,0.0050937977632506,0.0033693821495758,-83.06433290456431,1177254000.0,8052690000.0,-12424384000.0,1584003000.0,1298229000.0,312675500.0,-28905499.5,155.05282331994798,98.19401060323828,3.2239575870468545e-07,0.5804473473810087,0.9165528472368144,279160000.0,0.0129593014719346,0.5233258857325247,2022-05-02,1.74,amc,732003259.0,2025-04-25,2022-03-31,0.0459770114942529,121.1633870967742,933695.0967741936
2021-12-31,BXP,USD,1037540,2022-02-25,2022-02-25 14:38:50,2021,Q4,731063000.0,264824000.0,466239000.0,0.6377548857,0,33929000.0,0.0,33929000.0,177521000.0,211450000.0,476274000.0,1564000.0,103331000.0,177521000.0,430244000.0,0.588518363,153022000.0,0.2093143819,-31504000.0,223285000.0,0.3054251138,103331000.0,184537000.0,0.2524228418,1.18,1.18,156297000,156654000,https://www.sec.gov/Archives/edgar/data/1037540/000165642322000013/0001656423-22-000013-index.htm,https://www.sec.gov/Archives/edgar/data/1037540/000165642322000013/bxp-20211231.htm,4.677396239211245,1.1806816509593914,2.216088600548955,2.114525550714345,2.896357575641247,51.45841570855487,51.45841570855487,37.326500188743225,86.0472177968867,18002288460.0,30895187460.0,24.38845388729632,24.624811350047807,51.97445624307096,54.47084806380752,3.0857433570676824,3.0857433570676824,42.26063616952301,71.80852599920046,89.19758020371397,93.48184069907472,0.0102507523090761,0.0183584437464346,2.287546323118536,0.5969689900756343,29.966481810321586,2.599674416027044,1.4808915040017032,1.551237208052489,0.0094639079014068,0.9232403257883244,0.0464105008733857,0.0,0.0,0.0458298688100517,0.0217135869275288,0.0892655303690624,0.0106174160092905,31.48953892987449,0.0037999348349974,0.0082546263047913,-82.63948924163611,1154613000.0,8042796000.0,-12436396000.0,1561898000.0,1281020000.0,326231000.0,-77685500.0,159.66310700992938,109.01485514908012,-19.64697308401051,0.5636868885083324,0.8255755591925805,-4.580858314161665,0.0316311908426779,0.1015630498346097,2022-01-25,0.5,amc,728024879.0,2025-04-25,2021-12-31,1.36,115.12375,713520.484375
2021-09-30,BXP,USD,1037540,2021-11-05,2021-11-05 14:30:10,2021,Q3,730056000.0,265233000.0,464823000.0,0.6366949933,0,34560000.0,0.0,34560000.0,179412000.0,213972000.0,479205000.0,1520000.0,105794000.0,179412000.0,423884000.0,0.5806184731,250851000.0,0.3436051481,-111601000.0,139250000.0,0.1907387926,131150000.0,108297000.0,0.1483406752,0.69,0.69,156183000,156598000,https://www.sec.gov/Archives/edgar/data/1037540/000165642321000033/0001656423-21-000033-index.htm,https://www.sec.gov/Archives/edgar/data/1037540/000165642321000033/bxp-20210930.htm,4.674362766754384,0.6933981291177657,1.4494727339082998,0.8407893304649033,6.420212186985779,51.628691983122366,51.628691983122366,36.60333070820768,89.20204503691183,16922428050.0,29745749050.0,39.064858791102246,23.17963012426444,74.751319887094,128.86700160679882,2.9601131346143954,2.9601131346143954,40.74447583473049,70.1742671344047,131.39568364232298,226.5186461006572,0.006399613559001,0.0077599384445307,2.4184868225645806,0.6051102442534206,30.251958082871727,4.151375430087257,2.371126907007959,1.6257307001795331,0.0100614403262302,1.5721949823171464,0.0473388342812058,0.0,0.0,0.4199343590287256,0.1302174079796618,0.529152774453542,0.0119552472687026,23.896973097703743,0.0006555124731942,0.004739721674783,-82.4834088857302,1855637000.0,8063524000.0,-12340815000.0,2263567000.0,1248072000.0,318828000.0,-72253000.0,155.96037838193234,112.54945651559194,-33.104477949576406,0.5770696438014432,0.7996484637625231,-2.7186654366543666,0.0189435801524554,0.6086834034433966,2021-10-26,1.7,amc,717190000.0,2025-04-25,2021-09-30,0.0176470588235294,114.2809375,724600.921875
2021-06-30,BXP,USD,1037540,2021-08-06,2021-08-06 12:18:43,2021,Q2,713807000.0,253354000.0,460453000.0,0.6450665236,0,38405000.0,0.0,38405000.0,183838000.0,222243000.0,475597000.0,1452000.0,106319000.0,183838000.0,421297000.0,0.5902113597,238210000.0,0.3337176576,-96960000.0,141250000.0,0.1978826209,134493000.0,111703000.0,0.156489079,0.72,0.71,156107000,156519000,https://www.sec.gov/Archives/edgar/data/1037540/000165642321000024/0001656423-21-000024-index.htm,https://www.sec.gov/Archives/edgar/data/1037540/000165642321000024/bxp-20210630.htm,4.572549597391533,0.715554075089522,2.616237580633796,1.9645435502571955,3.570032093371854,51.88090860755763,51.88090860755763,36.829495153964906,83.99597071239599,17888301130.0,30337034130.0,40.03540891918749,25.060417073522675,43.79953902055028,58.32907088519266,3.111364940544501,3.111364940544501,42.5003315041741,72.00866403036338,74.28028522598449,98.9211329435664,0.0062444722496685,0.0171441098722156,2.2621788719474334,0.5896003984935725,29.54859161114368,3.3705453691047262,2.240521449599789,2.8914194690265487,0.0095901225473164,1.535777911067742,0.0538030588100144,0.0,0.0,0.2490958906792879,0.14252311899435,0.551290249162774,0.0200054076241897,24.350639522822828,0.0005306058032776,0.0050638113763241,-80.09245421409675,1382201000.0,8098973000.0,-11994829000.0,1790297000.0,1213686000.0,283422000.0,-88024000.0,155.21443471414543,108.69064628938165,-16.676823732800745,0.5798429776570122,0.8280381345822616,-5.396711114897968,0.0194288320298218,0.6516940303766007,2021-07-27,1.61,amc,713340000.0,2025-04-25,2021-06-30,0.0683229813664595,112.26206349206348,1124553.746031746
2021-03-31,BXP,USD,1037540,2021-05-07,2021-05-07 13:18:19,2021,Q1,713695000.0,260485000.0,453210000.0,0.6350191608,0,47419000.0,0.0,47419000.0,176565000.0,223984000.0,484469000.0,1168000.0,106734000.0,176565000.0,405460000.0,0.5681138301,229226000.0,0.3211820175,-101079000.0,128147000.0,0.1795542914,139510000.0,100596000.0,0.1409509664,0.59,0.59,155928000,156099000,https://www.sec.gov/Archives/edgar/data/1037540/000165642321000013/0001656423-21-000013-index.htm,https://www.sec.gov/Archives/edgar/data/1037540/000165642321000013/bxp-20210331.htm,4.577080447385973,0.6451439125750347,0.975212918783028,0.9722949053409266,4.472378277153558,52.13320250371967,52.13320250371967,37.04043532912626,83.90245497922118,15789269280.0,28067908280.0,39.23930693069307,22.123272938720323,103.833735228162,104.1453569732468,2.7337691660544694,2.7337691660544694,39.327595513489655,69.22485147733438,184.58078743678607,185.1347440768297,0.0063711624785209,0.009601964303189,2.246678420628983,0.5841482712895263,30.283231391505943,4.408687000175006,2.1476380534787416,1.1866294177780206,0.0108659873333922,1.7054952483200128,0.0664415471595009,0.0,0.0,0.0029921808724015,0.0006375272350233,0.0025443442861296,0.0281492794541085,23.18769621725256,-0.0009364587867942,0.0045285868734545,-80.51443775332204,1733498000.0,8129026000.0,-11842475000.0,2114658000.0,1198125000.0,298569500.0,-81471000.0,150.86322588780922,90.13474864195636,-44.60594659961226,0.5965668536541125,0.9985050311451844,-2.017668200337717,0.0174172875357038,0.0029180134421014,2021-04-27,1.55,amc,691360000.0,2025-04-25,2021-03-31,0.0064516129032258,97.53245901639345,1180163.1803278688
2020-12-31,BXP,USD,1037540,2021-02-26,2021-02-26 13:01:59,2020,Q4,665089000.0,260381000.0,404708000.0,0.60850202,0,31053000.0,0.0,31053000.0,168013000.0,199066000.0,459447000.0,1676000.0,111991000.0,168013000.0,373378000.0,0.5613955426,205642000.0,0.3091947093,-180737000.0,24905000.0,0.0374461162,-132036000.0,9935000.0,0.0149378504,0.05,0.05,155682000,155731000,https://www.sec.gov/Archives/edgar/data/1037540/000165642321000006/0001656423-21-000006-index.htm,https://www.sec.gov/Archives/edgar/data/1037540/000165642321000006/bxp-20201231.htm,4.272099536234118,0.0638159838645443,2.405011497796791,0.9920864325997868,10.718914196888528,53.61254994154751,53.61254994154751,38.514940712478,87.34442003571382,14716619460.0,26533840460.0,370.3225832913941,22.12729342990186,39.30542539468026,95.2840366461638,2.4543722059884763,2.4543722059884763,39.89517261599576,71.06428461237674,70.8670825843912,171.79566500485595,0.0006750871031899,0.0104949374018807,2.249128806255684,0.5899838526147521,31.649483901033268,4.914204558417558,1.836236840460394,15.03380847219434,0.0117100262372347,17.345948666331154,0.0466899918657503,0.0,0.0,0.5874920209285369,0.3307331800706372,1.3048226361371456,0.0120134297815781,7.436534729876278,0.0582556358393589,0.0004346363382227,-76.82278137485388,2401889000.0,8346509000.0,-11496158000.0,2785688000.0,1193660500.0,341111500.0,-70182000.0,162.3725095438355,116.22875709057114,-11.69670598085114,0.5542810187071896,0.7743350462731663,-7.694473995271868,0.0016569150226906,1.4129250651970042,2021-01-26,1.6,amc,684600000.0,2025-04-25,2020-12-31,-0.14375,89.32828125,1326181.1875
2020-09-30,BXP,USD,1037540,2020-11-06,2020-11-06 15:19:32,2020,Q3,693268000.0,264321000.0,428947000.0,0.6187318613,0,27862000.0,0.0,27862000.0,166456000.0,194318000.0,458639000.0,0.0,111038000.0,166456000.0,396357000.0,0.5717226239,234629000.0,0.3384391029,-116569000.0,118060000.0,0.1702948932,129746000.0,92479000.0,0.1333957431,0.58,0.58,155645000,155670000,https://www.sec.gov/Archives/edgar/data/1037540/000165642320000046/0001656423-20-000046-index.htm,https://www.sec.gov/Archives/edgar/data/1037540/000165642320000046/bxp-20200930.htm,4.454161714157217,0.5941662115712038,1.4658421407690578,1.4658421407690578,11.017270069709916,54.61558032702624,54.61558032702624,39.38172122458158,87.33864884834078,12498293500.0,24266296500.0,33.7868421479471,18.02808365595989,54.78079649004387,54.78079649004387,2.0390170237119483,2.0390170237119483,35.002764443187914,61.22333275304839,106.36068437131549,106.36068437131549,0.0073993301565529,0.018254572114185,2.199630708069476,0.5872494333974397,29.690412935812915,5.0426141568527125,2.113051387813181,1.9325004235134675,0.0137885224090792,1.8634825203559728,0.0401893639977613,0.0,0.0,0.0,0.0,0.0,0.0119044871535971,22.94523877335264,-0.0010389675422662,0.0040279687262826,-76.49777378007646,2449238000.0,8500642000.0,-11403480000.0,2833593000.0,1169478500.0,337125500.0,-81646000.0,154.149217907072,117.7973373284756,-36.27089788552556,0.5838498645789821,0.7640240606545863,-2.4813281514025007,0.0150873601532767,0.0,2020-10-27,1.64,amc,609597724.0,2025-04-25,2020-09-30,-0.0426829268292682,87.27828125,1322687.546875
2020-06-30,BXP,USD,1037540,2020-08-07,2020-08-07 18:51:47,2020,Q2,654773000.0,244244000.0,410529000.0,0.626979121,0,37743000.0,0.0,37743000.0,178188000.0,215931000.0,460175000.0,1305000.0,107142000.0,178188000.0,375923000.0,0.5741272166,194598000.0,0.297199182,-72098000.0,298580000.0,0.4560053637,138404000.0,269150000.0,0.411058489,1.71,1.71,155386000,155407000,https://www.sec.gov/Archives/edgar/data/1037540/000165642320000036/0001656423-20-000036-index.htm,https://www.sec.gov/Archives/edgar/data/1037540/000165642320000036/bxp-20200630.htm,4.213848094422921,1.732138030453194,2.439569845417219,2.439569845417219,10.882878766426831,55.04452782103922,55.04452782103922,39.78522518116175,87.43931885755474,14043786680.0,25832443680.0,13.044572431729518,21.448328932317,37.04751481896722,37.04751481896722,2.271697585936872,2.271697585936872,39.45251817041937,68.71738010177616,68.1459966497395,68.1459966497395,0.0191650589782384,0.0269923638572385,2.18045258972444,0.5860542885138185,31.35923314082937,5.460762171588668,1.8162625301002409,1.2695927389644317,0.0122669906575368,0.6400705926063534,0.0576428777606895,0.0,0.0,0.0,0.0,0.0,0.0158436587947273,39.377071827330845,0.0046591658902089,0.0117017785964361,-76.72057489091681,2652561000.0,8553149000.0,-11200424000.0,3037467000.0,1150328500.0,311061500.0,-96749000.0,158.2829621868953,120.97034113427556,-20.91809829514748,0.5686019439902253,0.7439840142312332,-4.30249436302142,0.0435372182152021,0.0,2020-07-28,0.5,amc,836799894.0,2025-04-25,2020-06-30,2.42,90.74349206349208,1801166.634920635
2020-03-31,BXP,USD,1037540,2020-05-11,2020-05-08 17:34:17,2020,Q1,752556000.0,273024000.0,479532000.0,0.6372044074,0,36454000.0,0.0,36454000.0,171094000.0,207548000.0,480572000.0,3017000.0,101591000.0,171094000.0,445726000.0,0.5922828334,271984000.0,0.3614136357,133431000.0,577146000.0,0.7669143559,178247000.0,500121000.0,0.6645631687,3.2,3.2,155011000,155258000,https://www.sec.gov/Archives/edgar/data/1037540/000165642320000023/0001656423-20-000023-index.htm,https://www.sec.gov/Archives/edgar/data/1037540/000165642320000023/bxpandbplp2020033110-q.htm,4.854855461870448,3.226358129423073,1.130223016431092,1.130223016431092,4.262491049022327,54.36218719961809,54.36218719961809,39.0157214649283,81.22297772416151,14296664530.0,26124795530.0,7.146602787125516,18.997475975209817,81.60336381330731,81.60336381330731,2.363918864935169,2.363918864935169,34.71475282902535,58.61178286660415,149.1166831053043,149.1166831053043,0.0349816559625184,0.0122543967953062,2.065003424348357,0.57210429571678,26.536775956529347,2.636930930893264,2.67724503154807,0.3035575053799212,0.0120282601329248,0.3438447895609262,0.048440248964861,0.0,0.0,0.0,0.0,0.0,0.0232873035362152,53.21908048606955,0.0089378011255126,0.0229101199659289,-77.08331666784937,1305035000.0,8426737000.0,-11300681000.0,1690486000.0,1150351500.0,335692000.0,-89207500.0,137.42461690558576,96.85884757383968,-45.07186181434599,0.6549044998381354,0.9291871858313112,-1.9968112338184745,0.0826937964564691,0.0,2020-04-28,1.8,amc,190490737.0,2025-04-25,2020-03-31,0.0166666666666666,128.77387096774194,1030731.870967742
2019-12-31,BXP,USD,1037540,2020-03-02,2020-03-02 10:14:37,2019,Q4,757501000.0,279396000.0,478105000.0,0.631160883,0,32797000.0,0.0,32797000.0,169897000.0,202694000.0,482090000.0,4393000.0,102880000.0,169897000.0,444739000.0,0.5871134164,275411000.0,0.3635783979,-99402000.0,176009000.0,0.2323548088,-97921000.0,143449000.0,0.1893713672,0.91,0.91,154667000,154992000,https://www.sec.gov/Archives/edgar/data/1037540/000165642320000007/0001656423-20-000007-index.htm,https://www.sec.gov/Archives/edgar/data/1037540/000165642320000007/bxpandbplp201910-k.htm,4.8976252206353,0.9274699839008969,2.336458326598434,2.336458326598434,4.1699263579173325,51.87015329708341,51.87015329708341,36.75436259835647,79.77725048006361,21322392620.000004,32913470620.000004,37.16023224281801,28.14833593619019,59.00383432077107,59.00383432077107,3.7508472533316257,3.7508472533316257,43.450068871196216,74.00626124535965,91.0789423116835,91.0789423116835,0.0067276221086674,0.0169480511141624,2.152454128081282,0.5748688096094392,26.06265247707082,3.0384704566320218,2.6770120528771386,2.0531506911578385,0.0078165242977314,1.161855432941324,0.0432963124801155,0.0,0.0,0.0,0.0,0.0,0.0101716037338564,27.69463453389793,0.0207604601998913,0.0067394710006927,-76.12807030588296,1301119000.0,8022601000.0,-11322903000.0,1687153000.0,1128391500.0,399411000.0,-75996500.0,136.82298769242547,121.61867027444916,-13.427715500579822,0.6577842036479838,0.7400179577436811,-6.702554875854624,0.0252342829077484,0.0,2020-01-28,1.85,amc,722673367.0,2025-04-25,2019-12-31,0.0108108108108108,134.7040625,598411.21875
2019-09-30,BXP,USD,1037540,2019-11-08,2019-11-08 15:47:11,2019,Q3,743553000.0,276775000.0,466778000.0,0.6277669514,0,31147000.0,0.0,31147000.0,165862000.0,197009000.0,473784000.0,7178000.0,106471000.0,165862000.0,435093000.0,0.5851539836,269769000.0,0.362810721,-128399000.0,141370000.0,0.1901276708,136796000.0,110396000.0,0.1484709227,0.7,0.7,154577000,154820000,https://www.sec.gov/Archives/edgar/data/1037540/000165642319000033/0001656423-19-000033-index.htm,https://www.sec.gov/Archives/edgar/data/1037540/000165642319000033/bxpandbplp10-q20190930.htm,4.810243438545191,0.7141812818207107,1.6444102292061562,1.6444102292061562,4.859778621657815,51.77256642320656,51.77256642320656,36.6799071013152,79.99891963228683,20042453820.0,31550765820.0,45.3876359197797,26.954976740057536,78.8489378727556,78.8489378727556,3.534905354091011,3.534905354091011,42.432436988351874,72.51499293254545,124.12374234818324,124.12374234818324,0.0055081079887452,0.0126824790159351,2.162222767012295,0.5758733029336158,26.45023477739242,3.0002925953958024,2.5337321899860057,1.798033529037278,0.0083156484478805,1.5097104967571289,0.0418894147424595,0.0,0.0,0.0,0.0,0.0,0.010502277578061,24.27781536898125,0.0004233206907372,0.0051856923255783,-76.08363469338906,1339930000.0,8002848000.0,-11275930000.0,1726555000.0,1083041000.0,419849000.0,-89504500.0,133.7724681360979,136.98567428416584,-35.8692801011652,0.6727841778955255,0.65700300757948,-2.5091108532472712,0.019470640420327,0.0,2019-10-29,1.62,amc,669197700.0,2025-04-25,2019-09-30,0.0123456790123455,129.91375,704870.421875
2019-06-30,BXP,USD,1037540,2019-08-07,2019-08-07 16:08:34,2019,Q2,733741000.0,269454000.0,464287000.0,0.6327668755,0,35071000.0,0.0,35071000.0,177411000.0,212482000.0,481936000.0,3615000.0,102357000.0,177411000.0,428799000.0,0.5844010352,251805000.0,0.3431796778,-48344000.0,203461000.0,0.2772926687,186839000.0,166943000.0,0.2275230633,1.06,1.06,154555000,154874000,https://www.sec.gov/Archives/edgar/data/1037540/000165642319000023/0001656423-19-000023-index.htm,https://www.sec.gov/Archives/edgar/data/1037540/000165642319000023/bxpandbplp10-q20190630.htm,4.74744265795348,1.0801526964511017,2.3187214907314546,2.3187214907314546,7.033101484908285,51.89522823590307,51.89522823590307,36.98264695415872,79.71818446507716,19953050500.0,31084536500.0,29.88003465254608,27.193588064453262,55.67723442252421,55.67723442252421,3.490826391091583,3.490826391091583,42.36445353333124,72.49209186588588,86.73866813628374,86.73866813628374,0.008366790832309,0.0179606622055108,2.137648921342099,0.5744935590686128,25.95968274179744,3.4518025305398456,2.460066238752601,1.761369500788849,0.008349550360733,0.99793941644753,0.0477975198332926,0.0,0.0,0.0,0.0,0.0,0.0141657614880455,29.980083074639023,0.0009988533865917,0.0078493907004681,-73.75553686389958,1650399000.0,8020667000.0,-10924072000.0,1987507000.0,1053709500.0,373657000.0,-100086500.0,130.12828777456895,139.75895700193723,-22.946736734284887,0.6916251765020822,0.6439658819058909,-3.9221263154830353,0.0292070142461676,0.0,2019-07-30,1.74,amc,533000537.0,2025-04-25,2019-06-30,0.0229885057471264,134.30936507936508,695470.3174603175
2019-03-31,BXP,USD,1037540,2019-05-08,2019-05-08 16:53:00,2019,Q1,725767000.0,268775000.0,456992000.0,0.6296676482,0,41762000.0,0.0,41762000.0,164594000.0,206356000.0,475131000.0,3753000.0,101009000.0,164594000.0,414770000.0,0.5714919527,250636000.0,0.3453394822,-119477000.0,131159000.0,0.1807177786,131651000.0,100730000.0,0.1387910996,0.63,0.63,154525000,154844000,https://www.sec.gov/Archives/edgar/data/1037540/000165642319000012/0001656423-19-000012-index.htm,https://www.sec.gov/Archives/edgar/data/1037540/000165642319000012/bxpandbplp10-q20190331.htm,4.6967610419026045,0.6518686296715742,1.3411033813298818,1.3411033813298818,2.3303090114868144,52.87356091247371,52.87356091247371,37.77135091409157,74.28793399126354,20931956500.0,31950199500.0,51.95065149409312,28.84115218796115,101.00638167482172,101.0063816748217,3.5863159966953466,3.5863159966953466,44.02266774322889,77.03112447862671,154.17450563131533,154.17450563131533,0.0048122591884805,0.0099003645454738,1.949473821997602,0.554997257775538,26.564705740530897,2.705509694759071,2.481323446425566,1.5800211956480303,0.0079477520412389,1.6515635858234885,0.0575418832765887,0.0,0.0,0.0,0.0,0.0,0.0207366827094646,23.53707866595371,-4.720200593853249e-05,0.0049132741028458,-72.8171380035593,995008000.0,8170287000.0,-10752901000.0,1333466000.0,1034025000.0,302765000.0,-106207500.0,129.77615405495152,110.12798809413076,-44.0237373267603,0.6935018274766489,0.8172309469875488,-2.0443516490203235,0.0172582821078919,0.0,2019-04-30,1.66,amc,748807222.0,2025-04-25,2019-03-31,0.036144578313253,128.4488524590164,729090.131147541
2018-12-31,BXP,USD,1037540,2019-02-28,2019-02-28 17:00:35,2018,Q4,705157000.0,263483000.0,441674000.0,0.6263484586,0,27683000.0,0.0,27683000.0,165439000.0,193122000.0,456605000.0,3774000.0,100378000.0,165439000.0,412537000.0,0.5850285823,236545000.0,0.3354501196,-63311000.0,185241000.0,0.2626946907,19062000.0,151154000.0,0.2143551011,0.96,0.96,154467000,154773000,https://www.sec.gov/Archives/edgar/data/1037540/000165642319000006/0001656423-19-000006-index.htm,https://www.sec.gov/Archives/edgar/data/1037540/000165642319000006/bxpandbplp201810-k.htm,4.565098046832009,0.9785520531893545,2.457599357791632,2.457599357791632,3.51763807156221,53.176199447131104,53.176199447131104,38.086911767562,71.91267390445856,17385260850.0,27849658850.0,28.75421895881022,24.654454043567604,45.79672420696595,45.79672420696595,2.9550833810541968,2.9550833810541968,39.494267021386726,67.50826919767196,73.36232436291219,73.36232436291219,0.0086943763055473,0.021835622903524,1.8710584818969227,0.5434191246582513,25.365962325803505,3.314685156658996,2.356542270218574,2.049319535092123,0.0095692553269915,1.1006258517803036,0.0392579241218622,0.0,0.0,0.0,0.0,0.0,0.0119363489265511,28.958169459934197,0.0107578591853062,0.0074620083245472,-69.74614480762881,1229158000.0,8213968000.0,-10282325000.0,17780779000.0,1023150500.0,296053500.0,-107193000.0,130.3784121833861,94.49584982712356,-27.648349229362044,0.6902983284794793,0.9524227800972366,-3.255167216436257,0.0256926069291543,0.0,2019-01-29,1.68,amc,565594677.0,2025-04-25,2018-12-31,-0.0535714285714284,121.10809523809525,807327.2857142857
2018-09-30,BXP,USD,1037540,2018-11-07,2018-11-07 17:23:15,2018,Q3,686284000.0,259333000.0,426951000.0,0.622119997,0,29677000.0,0.0,29677000.0,157996000.0,187673000.0,447006000.0,2822000.0,95366000.0,157996000.0,396360000.0,0.5775451562,238364000.0,0.347325597,-87919000.0,150445000.0,0.2192168257,119755000.0,121743000.0,0.1773944897,0.77,0.77,154440000,154678000,https://www.sec.gov/Archives/edgar/data/1037540/000165642318000029/0001656423-18-000029-index.htm,https://www.sec.gov/Archives/edgar/data/1037540/000165642318000029/bxpandbplp10-q20180930.htm,4.443693343693344,0.7882867132867133,1.3583333333333334,1.3583333333333334,2.088202538202538,53.13373478373478,53.13373478373478,38.0508029008029,71.12838642838643,18681062400.0,29248262400.0,38.36167664670658,27.22060021798556,89.05030674846626,89.05030674846626,3.178907954067052,3.178907954067052,42.61830728969348,73.79216469875871,139.4228381025927,139.4228381025927,0.0065169205794205,0.0112296075837742,1.8530723555219155,0.5407673783505776,26.66061156524372,2.056204759553881,2.499465218211941,1.3944032702981155,0.007521520831706,1.1541526001494953,0.0432430305820913,0.0,0.0,0.0,0.0,0.0,0.0123228867349377,25.97857199738614,0.0024854196106495,0.0060455871926095,-70.62394133644133,785171000.0,8205974000.0,-10402964000.0,17429217999.0,1000544000.0,321264500.0,-109707500.0,134.39019414702952,109.47924097588812,-46.3106122244373,0.669691717994957,0.8220736570490265,-1.9433990542778563,0.0207166906659433,0.0,2018-10-30,1.63,amc,641735064.0,2025-04-25,2018-09-30,0.0061349693251533,127.28539682539682,669421.7301587302
2018-06-30,BXP,USD,1037540,2018-08-07,2018-08-07 17:28:13,2018,Q2,664484000.0,248501000.0,415983000.0,0.6260241029,0,28468000.0,0.0,28468000.0,156417000.0,184885000.0,433386000.0,2579000.0,92204000.0,156417000.0,387041000.0,0.5824685019,230624000.0,0.3470723148,-70059000.0,142273000.0,0.2141104978,103940000.0,131306000.0,0.1976059619,0.83,0.83,154415000,154571000,https://www.sec.gov/Archives/edgar/data/1037540/000165642318000020/0001656423-18-000020-index.htm,https://www.sec.gov/Archives/edgar/data/1037540/000165642318000020/bxpandbplp10-q20180630.htm,4.303234789366318,0.8503448499174303,2.1699187255124177,2.1699187255124177,3.0602920700709126,53.18940517436778,53.18940517436778,38.16235469352071,70.03258750769031,19366729300.0,29616052300.0,36.87327559288989,29.14551637059733,57.79939982331945,57.79939982331945,3.286484835834674,3.286484835834674,44.570000632069394,76.51916024400516,88.38818478637172,88.38818478637172,0.0067799780730141,0.017301217712585,1.81947549908024,0.5371369393657073,26.481233254358067,3.0245927546371103,2.5012363888768383,2.0868059664310405,0.0072529541681568,1.0697607116201848,0.0428422655775007,0.0,0.0,0.0,0.0,0.0,0.012748237730329,27.02130899721637,0.0032033036719613,0.0065780736322828,-68.5562801541301,1140198000.0,8213242000.0,-10044549000.0,17710225999.0,969310000.0,341034500.0,-116614000.0,132.23505757851203,118.45437241701242,-31.13661514440586,0.6806061996574866,0.7597862211718088,-2.8904876006141533,0.0222822951242524,0.0,2018-07-31,1.56,amc,456343373.0,2025-04-25,2018-06-30,0.0128205128205128,121.3196875,742615.953125
2018-03-31,BXP,USD,1037540,2018-05-08,2018-05-08 17:28:13,2018,Q1,661151000.0,251287000.0,409864000.0,0.6199249491,0,35894000.0,0.0,35894000.0,165797000.0,201691000.0,452978000.0,1648000.0,90220000.0,165797000.0,373949000.0,0.5656030166,208152000.0,0.3148327689,8160000.0,119915000.0,0.1813730903,31950000.0,178646000.0,0.2702045372,1.14,1.14,154385000,154705000,https://www.sec.gov/Archives/edgar/data/1037540/000165642318000012/0001656423-18-000012-index.htm,https://www.sec.gov/Archives/edgar/data/1037540/000165642318000012/bxpandbplp10-q20180331.htm,4.282482106422256,1.1571460957994624,1.4624348220358196,1.4624348220358196,1.9080286297243905,53.010914272759656,53.010914272759656,38.080305729183536,67.55535188004016,19023319700.0,29068061700.0,26.621530428892893,28.773033240515403,84.2567464500527,84.2567464500527,3.235793348832494,3.235793348832494,43.965843960003085,77.73269001922722,128.74620955097484,128.74620955097484,0.009390895112802,0.0118684858142819,1.758677284748431,0.527948590934643,26.86126182982171,2.009420240545736,2.3071602748836177,1.0437608639372755,0.0073745278012648,0.7852848650403591,0.0542901697191715,0.0,0.0,0.0,0.0,0.0,0.0223428535992534,31.4873106946422,0.0080391660475135,0.0091220668119932,-67.73439777180425,712041000.0,8184090000.0,-9982412000.0,17149341000.0,958034500.0,343251000.0,-112613500.0,130.9953701953109,127.1461715090713,-52.74065112799309,0.6870471823989824,0.7078467163565275,-1.706463573640463,0.0303869959455882,0.0,2018-04-24,0.64,amc,536926924.0,2025-04-25,2018-03-31,0.7812499999999998,121.5904918032787,857418.5409836066
2017-12-31,BXP,USD,1037540,2018-02-28,2018-02-28 16:06:22,2017,Q4,655229000.0,242012000.0,413217000.0,0.6306451638,0,29396000.0,0.0,29396000.0,154259000.0,183655000.0,425667000.0,2336000.0,91772000.0,154259000.0,383725000.0,0.585634946,229466000.0,0.3502073321,-98135000.0,131331000.0,0.2004352677,-67483000.0,106454000.0,0.1624683889,0.67,0.67,154362000,154526000,https://www.sec.gov/Archives/edgar/data/1037540/000165642318000004/0001656423-18-000004-index.htm,https://www.sec.gov/Archives/edgar/data/1037540/000165642318000004/bxpandbplp201710-k.htm,4.244755833689639,0.6896386416345992,2.0389279745014965,2.0389279745014965,2.8165416358948447,52.489965146862566,52.489965146862566,37.66443166064187,67.13687954289269,20071690860.0,29908534860.0,47.13700485655776,30.633092949182657,63.77370933457883,63.77370933457883,3.45232874271344,3.45232874271344,45.64592663023157,77.94262781940192,95.02827749235064,95.02827749235064,0.0053036886997969,0.015680442778601,1.766716024903521,0.5302233872574215,25.63513974851782,2.4351870704589227,2.5003922765113544,2.38067971226069,0.0065603840213788,1.236947413906476,0.0448637041400792,0.0,0.0,0.0,0.0,0.0,0.0123636163845006,24.175071219929126,0.0184596519476641,0.0054951847832926,-65.81072252238245,859944000.0,8102456000.0,-9810647000.0,17162027000.0,934463000.0,328470000.0,-111394000.0,131.00532790825804,123.27901095813432,-28.996041518602382,0.6869949599532797,0.730051282051282,-3.103871952392556,0.0183100769407135,0.0,2018-01-30,1.53,amc,635641791.0,2025-04-25,2017-12-31,-0.0261437908496732,125.40253968253968,685718.5079365079
2017-09-30,BXP,USD,1037540,2017-11-07,2017-11-06 18:52:15,2017,Q3,657712000.0,245788000.0,411924000.0,0.6262984407,0,25792000.0,0.0,25792000.0,152164000.0,177956000.0,423744000.0,1329000.0,92032000.0,152164000.0,385893000.0,0.5867203274,233729000.0,0.3553667867,-86025000.0,144813000.0,0.2201769163,117726000.0,119962000.0,0.1823929015,0.76,0.76,154355000,154483000,https://www.sec.gov/Archives/edgar/data/1037540/000165642317000018/0001656423-17-000018-index.htm,https://www.sec.gov/Archives/edgar/data/1037540/000165642317000018/bxpandbplp10-q20170930.htm,4.261034627967996,0.7771824689838359,1.428097567296168,1.428097567296168,3.194292377959897,52.47445822940624,52.47445822940624,37.739094943474456,66.90205046807684,18967142400.0,28708721400.0,39.52739700905287,28.83806650935364,86.04454122322328,86.04454122322328,3.256039928462763,3.256039928462763,43.64938057994989,74.39554850696955,130.2372655760908,130.2372655760908,0.0063247271238918,0.0116218877546888,1.756952958670388,0.5300579775205948,25.2442490534941,2.688412430131862,2.539649252433936,1.4924037263716623,0.0069424796431116,1.0976725963221687,0.0392147322840392,0.0,0.0,0.0,0.0,0.0,0.0121983482131996,25.689076806517583,0.0023312164892868,0.0062129056202034,-65.44525768520619,937025000.0,8099695000.0,-9716824000.0,17098887000.0,911937000.0,314499500.0,-119401000.0,125.22935570584086,119.16611063192668,-53.02752778817517,0.7186813306890014,0.755248279252704,-1.6972316786012691,0.0205935640520234,0.0,2017-11-01,1.54,amc,597122368.0,2025-04-25,2017-09-30,0.0194805194805194,121.09825396825396,612905.7301587302
2017-06-30,BXP,USD,1037540,2017-08-08,2017-08-08 14:43:24,2017,Q2,656907000.0,238858000.0,418049000.0,0.6363899304,0,27141000.0,0.0,27141000.0,151919000.0,179060000.0,417918000.0,1504000.0,95143000.0,151919000.0,390609000.0,0.5946184163,238690000.0,0.3633543257,-75447000.0,163243000.0,0.2485024516,125160000.0,136334000.0,0.2075392712,0.87,0.87,154177000,154331000,https://www.sec.gov/Archives/edgar/data/1037540/000165642317000015/0001656423-17-000015-index.htm,https://www.sec.gov/Archives/edgar/data/1037540/000165642317000015/bxpandbplp10-q20170630.htm,4.260732794126231,0.8842693787011032,0.8156080349209026,0.8156080349209026,3.193958891404036,52.364178833418734,52.364178833418734,37.71233063297379,67.01247267750702,18966854540.0,28711058540.0,34.78012553728344,28.87296761946516,150.83225609950057,150.8322560995006,3.2620630423842703,3.2620630423842703,43.70642806363762,73.50332055841007,228.32218834494387,228.32218834494387,0.007188013158032,0.0066298816039741,1.7605745691625616,0.5308974874806566,24.946184035698103,2.790046671276651,2.508749986861881,0.7529369498832406,0.0069418996029269,0.9657605586280752,0.0413163507163114,0.0,0.0,0.0,0.0,0.0,0.0128404781803208,27.392094324992424,0.0029678217480421,0.0070706193759678,-65.38871394565986,929326000.0,8073352000.0,-9759921000.0,16913795000.0,896922500.0,308641000.0,-122445000.0,124.49830797966835,114.37887782699345,-35.41288129348818,0.7229013908743063,0.7868585678566605,-2.5414481034207586,0.0234477520709882,0.0,2017-08-01,1.62,amc,573843678.0,2025-04-25,2017-06-30,0.030864197530864,126.44714285714286,678751.1111111111
2017-03-31,BXP,USD,1037540,2017-05-08,2017-05-08 16:52:06,2017,Q1,632228000.0,235378000.0,396850000.0,0.6277007662,0,31386000.0,0.0,31386000.0,159205000.0,190591000.0,425969000.0,614000.0,95534000.0,159205000.0,365430000.0,0.5780035051,206225000.0,0.3261877044,-90794000.0,115431000.0,0.1825781206,114341000.0,99708000.0,0.1577089278,0.63,0.63,153860000,154214000,https://www.sec.gov/Archives/edgar/data/1037540/000165642317000006/0001656423-17-000006-index.htm,https://www.sec.gov/Archives/edgar/data/1037540/000165642317000006/bxpandbplp10-q20170331.htm,4.109112179903809,0.6480436760691538,1.6023007929286364,1.6023007929286364,1.9725074743273103,51.49121279084882,51.49121279084882,37.53758611724945,64.87962433380996,20372602600.0,29956508600.0,51.080662033136754,32.223505760580046,82.63741775848781,82.63741775848781,3.5273978349703827,3.5273978349703827,47.3824452570908,81.97605177462168,121.51262970023932,121.51262970023932,0.0048942200443256,0.0121010557580895,1.711849798105214,0.5212758705066536,26.226379881235804,1.5190432123355253,2.1586555571838297,2.13327679900315,0.0064574469243316,1.319402655754804,0.0496434830472551,0.0,0.0,0.0,0.0,0.0,0.0170856083564789,23.39518955275117,0.0001066707009828,0.0052570232967622,-65.98400818926297,423464000.0,7922438000.0,-9804870000.0,16263641000.0,888411000.0,306123500.0,-140285500.0,126.0023915422917,119.95628308508016,-57.70059223886685,0.7142721570470526,0.7502733302945592,-1.559776018024585,0.0172638611882228,0.0,2017-04-25,1.5,amc,551920634.0,2025-04-25,2017-03-31,-0.0133333333333333,132.5932258064516,789450.2903225806
2016-12-31,BXP,USD,1037540,2017-02-28,2017-02-28 15:06:12,2016,Q4,636061000.0,231834000.0,404227000.0,0.6355160904,0,25293000.0,0.0,25293000.0,178032000.0,205201000.0,437035000.0,573000.0,97896000.0,179908000.0,380777000.0,0.5986485573,197826000.0,0.3110173395,-34808000.0,163018000.0,0.2562930285,38416000.0,148234000.0,0.2330499748,0.95,0.94,153814000,153991000,https://www.sec.gov/Archives/edgar/data/1037540/000165642317000003/0001656423-17-000003-index.htm,https://www.sec.gov/Archives/edgar/data/1037540/000165642317000003/bxpandbplp201610-k.htm,4.135260769500825,0.963722417985359,1.9054767446396297,0.2940174496469762,2.323735160648575,51.55608722222944,51.55608722222944,37.60785754222633,64.32463234816076,19346724920.0,28785943920.0,32.62868997665853,30.416461502906166,66.00972714772647,427.7977383690076,3.344513838863952,3.344513838863952,45.25657746662663,75.5979061760558,98.2157089484764,636.5191915796922,0.0076619686594479,0.0023375532648034,1.693480551428228,0.5196951771340197,24.789362277658576,1.9498249760317496,2.0207771512625645,1.777438839496889,0.0059112847509282,0.7715099100071509,0.0397650539806716,0.0,0.0,0.845698746797048,0.3896874670825597,1.3922497079176777,0.0119815552281935,28.5566025050508,0.0083186062371461,0.0078639698835534,-64.74290051620788,639009000.0,7930048000.0,-9607945000.0,16317381000.0,876756500.0,305751500.0,-153179500.0,126.16987993289952,115.88964517715262,-50.33748285411113,0.7133239727886274,0.7766008763114524,-1.7879320716301883,0.0256255602144654,1.6114592949926534,2017-01-31,1.5,amc,457963920.0,2025-04-25,2016-12-31,0.0266666666666666,124.30666666666666,919180.8095238096
2016-09-30,BXP,USD,1037540,2016-11-07,2016-11-07 16:32:50,2016,Q3,625228000.0,236678000.0,388550000.0,0.6214532938,0,25165000.0,0.0,25165000.0,203748000.0,228913000.0,465591000.0,3628000.0,104641000.0,203748000.0,361353000.0,0.5779539624,157605000.0,0.2520760427,-99084000.0,58521000.0,0.0935994549,85284000.0,79342000.0,0.1269009065,0.5,0.5,153754000,154136000,https://www.sec.gov/Archives/edgar/data/1037540/000165642316000023/0001656423-16-000023-index.htm,https://www.sec.gov/Archives/edgar/data/1037540/000165642316000023/bxpandbplp10-q20160930.htm,4.066417784252767,0.5160321032298346,1.0382429075015935,1.0382429075015935,2.727233112634468,51.11576284194232,51.11576284194232,37.24085877440587,64.47678109187403,20955132660.0,30344731660.0,66.02786878324217,33.515985624444205,131.26985892729618,131.26985892729618,3.6596900416718254,3.6596900416718254,48.53386550186491,83.97531405578479,190.089402382951,190.089402382951,0.0037862800148934,0.0076178949849702,1.7130702413284409,0.5220316511546975,25.984560803424905,2.036085946310046,1.5061495971942165,2.232518460505706,0.0054574219049587,1.4413677497416248,0.0402493170491404,0.0,0.0,0.0,0.0,0.0,0.0122243405605635,20.794068151457108,-0.0039756954889582,0.0042225878915048,-64.73522152269209,684485000.0,7859253000.0,-9585516000.0,16229801000.0,861752000.0,300221500.0,-160457500.0,124.05783170299476,119.0144838134512,-67.18989513178242,0.7254681043875395,0.7562104805753741,-1.3394871330499794,0.0138566112654867,0.0,2016-10-25,1.43,amc,800256000.0,2025-04-25,2016-09-30,-0.006993006993007,138.77625,644251.859375
2016-06-30,BXP,USD,1037540,2016-08-04,2016-08-04 17:25:29,2016,Q2,623546000.0,225916000.0,397630000.0,0.6376915256,0,25418000.0,0.0,25418000.0,153175000.0,178593000.0,404509000.0,1524000.0,105003000.0,153175000.0,373351000.0,0.5987545426,218124000.0,0.3498122031,-100767000.0,117357000.0,0.1882090495,125408000.0,99186000.0,0.159067655,0.63,0.63,153662000,153860000,https://www.sec.gov/Archives/edgar/data/1037540/000165642316000020/0001656423-16-000020-index.htm,https://www.sec.gov/Archives/edgar/data/1037540/000165642316000020/bxpandbplp10-q20160630.htm,4.057906313857687,0.6454816415249053,1.530443440798636,1.530443440798636,7.679478335567675,51.39994923923937,51.39994923923937,37.30848876104697,65.3322682250654,20268017800.0,29022057800.0,51.085883592442485,32.5044468250939,86.18417151774666,86.18417151774666,3.535388443225127,3.535388443225127,46.54357144460874,77.73397633861968,123.40831905294444,123.40831905294444,0.004893719799279,0.0116030586868736,1.7328209455010268,0.5238400302890245,23.447211873009586,3.3841997077291195,2.077312076797806,2.003894100905783,0.0056411041833602,1.152723166575928,0.0407636325146821,0.0,0.0,0.0,0.0,0.0,0.012153072908815,23.277537515523772,-0.0008158592313109,0.0052302353437163,-60.59764450547305,1484665000.0,7898219000.0,-8958371000.0,16983711000.0,851650000.0,270095500.0,-140510500.0,124.37082428561806,114.51937888418703,-57.45489473963774,0.7236423857199391,0.7858931901038043,-1.5664461732606676,0.0173012004227531,0.0,2016-07-26,1.4,amc,574015873.0,2025-04-25,2016-06-30,0.0214285714285714,128.3809375,738576.8125
2016-03-31,BXP,USD,1037540,2016-05-06,2016-05-06 17:08:08,2016,Q1,665985000.0,226806000.0,439179000.0,0.6594427802,0,29353000.0,0.0,29353000.0,159448000.0,188801000.0,415607000.0,1505000.0,105309000.0,159448000.0,411400000.0,0.6177316306,250353000.0,0.3759138719,-34131000.0,148599000.0,0.223126647,71334000.0,184365000.0,0.2768305592,1.18,1.18,153626000,153917000,https://www.sec.gov/Archives/edgar/data/1037540/000165642316000017/0001656423-16-000017-index.htm,https://www.sec.gov/Archives/edgar/data/1037540/000165642316000017/bxpandbplp10-q20160331.htm,4.335106036738573,1.2000898285446473,2.2716206892062543,2.2716206892062543,10.451863616835691,51.617499641987685,51.617499641987685,37.427147748428,66.82251051254345,19522792080.0,28077480080.0,26.47301830607762,29.314161850492127,55.942438191300354,55.94243819130036,3.395396327130954,3.395396327130954,42.159328032913656,68.2486146815751,80.45584297094389,80.45584297094389,0.0094435774987775,0.0178755169122305,1.767086862234627,0.529852736491719,20.79408847836655,4.287910464023535,2.37731817793351,1.6139893257855351,0.016829918520548,1.782154964337049,0.0440745662439844,0.0,0.0,0.0,0.0,0.0,0.0151189591357162,31.790071324193946,0.0070028792500243,0.0096144469365863,-59.08859340215849,1931266000.0,7929790000.0,-8727390000.0,17243738000.0,847185500.0,263718000.0,-160958500.0,113.73539944593348,100.28583899896827,-54.28388137879951,0.7913103610523952,0.8974347814044403,-1.657950716014006,0.0320646883543257,0.0,2016-04-26,0.74,amc,417661016.0,2025-04-25,2016-03-31,0.5945945945945945,118.68606557377048,871130.0491803279
2015-12-31,BXP,USD,1037540,2016-02-29,2016-02-29 15:00:44,2015,Q4,624240000.0,224530000.0,399710000.0,0.6403146226,0,24300000.0,0.0,24300000.0,164460000.0,188760000.0,413290000.0,440000.0,106178000.0,164460000.0,376946000.0,0.603847879,210480000.0,0.3371780085,-43742000.0,85406000.0,0.1368159682,103961000.0,140497000.0,0.2250688838,0.9,0.9,153602000,153897000,https://www.sec.gov/Archives/edgar/data/1037540/000165642316000013/0001656423-16-000013-index.htm,https://www.sec.gov/Archives/edgar/data/1037540/000165642316000013/bxpandbplp201510-k.htm,4.064009583208552,0.9146821004934832,1.24043306727777,1.24043306727777,4.72703480423432,51.34651241520293,51.34651241520293,37.17031679275009,60.69381258056536,19590399080.0,28083194080.0,34.85910567485427,31.382800012815583,102.8189294242992,102.8189294242992,3.4312325265109425,3.4312325265109425,44.98781571190568,74.50190234144944,147.39280901471136,147.39280901471136,0.007171727305108,0.00972583555965,1.6142600800254316,0.501457333666459,22.530534877674786,2.082565322463608,1.9823315564429544,1.142708920581991,0.0058283651871373,0.8126863918802537,0.0389273356401384,0.0,0.0,0.0,0.0,0.0,0.0101851851851851,27.65823615851197,-0.002600103498337,0.0076442414835346,-60.0216468535566,857841000.0,7886927000.0,-8842273000.0,16161287000.0,828169500.0,259954500.0,-164297000.0,122.94521337946944,110.11361510711262,-74.20220015142742,0.732033379146008,0.8173376190805544,-1.212902040860424,0.0246078640005534,0.0,2016-02-03,0.45,amc,312100000.0,2025-04-25,2015-12-31,1.0,124.4746875,773512.984375
2015-09-30,BXP,USD,1037540,2015-11-06,2015-11-06 15:18:29,2015,Q3,629884000.0,227921000.0,401963000.0,0.6381540093,0,20944000.0,0.0,20944000.0,153015000.0,173959000.0,401880000.0,3637000.0,108727000.0,153015000.0,383246000.0,0.6084390142,227750000.0,0.3615745121,-43668000.0,123792000.0,0.1965314248,48437000.0,186729000.0,0.2964498225,1.2,1.2,153595000,153786000,https://www.sec.gov/Archives/edgar/data/1037540/000165642315000007/0001656423-15-000007-index.htm,https://www.sec.gov/Archives/edgar/data/1037540/000165642315000007/bxp10-q20150930.htm,4.100940785832872,1.2157231680718774,1.079475243334744,1.079475243334744,9.030287444252744,52.49362934991373,52.49362934991373,38.09964517074123,65.22688238549432,18185648000.0,26708437000.0,24.34764819604882,28.87142394472633,109.6829230045476,109.6829230045476,3.1076404903352155,3.1076404903352155,42.40215182478043,69.69006069208811,161.08633792113486,161.08633792113486,0.0102679321627692,0.009117189555192,1.69342787788271,0.5221105734941608,22.238429102978245,4.080255371823951,2.094695889705409,0.5128885671773837,0.0062785224920222,0.6114690273069529,0.0332505667710245,0.0,0.0,0.0,0.0,0.0,0.0100732833347092,32.28264208380765,0.0075259120273341,0.0098380617802819,-58.59267391516651,1721949000.0,8062759000.0,-8636527000.0,17026359000.0,794785500.0,238550000.0,-130734500.0,114.8198557194658,96.82302201201294,-56.654893581548,0.783836553669715,0.929530995106036,-1.5885653349689146,0.0319090417410369,0.0,2015-10-29,0.54,amc,519654298.0,2025-04-25,2015-09-30,1.222222222222222,119.535625,864941.90625
2015-06-30,BXP,USD,1037540,2015-08-07,2015-08-07 15:33:13,2015,Q2,618221000.0,222959000.0,395262000.0,0.639353888,0,22284000.0,0.0,22284000.0,167844000.0,190128000.0,413087000.0,1293000.0,108534000.0,167844000.0,375672000.0,0.6076661906,204926000.0,0.3314769314,-104187000.0,100739000.0,0.1629498189,130273000.0,82078000.0,0.1327648203,0.52,0.52,153450000,153815000,https://www.sec.gov/Archives/edgar/data/1037540/000119312515282990/0001193125-15-282990-index.htm,https://www.sec.gov/Archives/edgar/data/1037540/000119312515282990/d74328d10q.htm,4.028810687520365,0.5348843271423916,1.5746497230368195,1.5746497230368195,8.82930596285435,52.058957315086346,52.058957315086346,37.68639947865754,66.18437927663734,18573588000.0,27278296000.0,56.57297936109555,30.04360576557574,76.8678889210777,76.86788892107768,3.211768746137371,3.211768746137371,44.12385862013746,72.61200195915586,112.89283615445102,112.89283615445102,0.0044190707794315,0.0130093334685791,1.7374195440480666,0.525660801093065,23.171032177005472,4.550175793938931,1.8881272228057568,2.398574534192319,0.0061461468834131,1.3908233631423768,0.0360453624189407,0.0,0.0,0.0,0.0,0.0,0.0088463510621606,21.29675913419986,-0.0032316762583028,0.0042941391681336,-60.21613880742913,1857949000.0,7988447000.0,-8744223000.0,17192953000.0,773811000.0,227993000.0,-141989000.0,114.42218882891392,93.60913889997714,-47.62925022089264,0.7865607267360493,0.9614445881845624,-1.8895951454747315,0.014193033416347,0.0,2015-07-29,1.34,amc,725196153.0,2025-04-25,2015-06-30,0.0149253731343283,131.7568253968254,739814.0317460317
2015-03-31,BXP,USD,1037540,2015-05-11,2015-05-08 17:45:47,2015,Q1,618476000.0,228926000.0,389550000.0,0.629854675,0,28791000.0,0.0,28791000.0,154223000.0,183014000.0,411940000.0,1407000.0,108757000.0,154223000.0,375074000.0,0.6064487547,206209000.0,0.3334147162,-35027000.0,114086000.0,0.1844630996,63906000.0,173771000.0,0.2809664401,1.12,1.11,153230000,153873000,https://www.sec.gov/Archives/edgar/data/1037540/000119312515179921/0001193125-15-179921-index.htm,https://www.sec.gov/Archives/edgar/data/1037540/000119312515179921/d908830d10q.htm,4.036259218168766,1.1340533838021276,1.3146642302421196,1.3146642302421196,6.94639430920838,52.20223193891536,52.20223193891536,37.73524766690595,66.406402140573,21525750400.0,30528050400.0,30.96855977119312,34.804503974285176,106.8561818055459,106.8561818055459,3.7227793292901006,3.7227793292901006,49.360121330496256,81.39207303092189,151.54458465295912,151.54458465295912,0.0080727034723955,0.0093583729373727,1.7409886803782384,0.5248792290304364,24.00139705764729,4.611653601063586,1.896052667874252,0.9630730984366784,0.0410524132064636,5.085336448544348,0.0465515234220891,0.0,0.0,0.0,0.0,0.0,0.0178034394220632,31.02998822701172,0.0048618063080264,0.0090604492782783,-62.83030738106115,1890744000.0,7998948000.0,-8765867000.0,17194855000.0,750118000.0,233674500.0,-165208500.0,110.83337106047767,88.09720171583831,-65.25536636292951,0.8120297987768532,1.0215988504413485,-1.3791969153839203,0.0300528936185225,0.0,2015-04-27,1.24,amc,217310810.0,2025-04-25,2015-03-31,0.0483870967741935,139.5560655737705,835922.9508196721
2014-12-31,BXP,USD,1037540,2015-03-02,2015-03-02 15:38:04,2014,Q4,613707000.0,218616000.0,395091000.0,0.643777894,0,23172000.0,0.0,23172000.0,162430000.0,185602000.0,404218000.0,1924000.0,117904000.0,162430000.0,373789000.0,0.6090675192,208849000.0,0.3403073454,-123526000.0,85323000.0,0.1390288851,-6556000.0,177156000.0,0.2886654381,1.14,1.14,153128000,153550000,https://www.sec.gov/Archives/edgar/data/1037540/000119312515073115/0001193125-15-073115-index.htm,https://www.sec.gov/Archives/edgar/data/1037540/000119312515073115/d846762d10k.htm,4.007803928739356,1.1569144767775978,1.475079671908469,1.475079671908469,11.513759730421608,51.60999947756125,51.60999947756125,37.20611514549919,66.64286087456246,19706042320.0,28029947320.0,27.80888358283095,32.10985424640749,87.24274522304273,87.24274522304273,3.458840018549144,3.458840018549144,45.67317517968672,74.98868966181455,124.09440276966124,124.09440276966124,0.0089899329922884,0.0114622711314668,1.7704855880805253,0.5072209072495293,22.26899400463898,2.3183669480410187,1.7713478762382957,1.0683504788932243,0.0057824903727294,0.6432184063763011,0.0377574314778876,0.0,0.0,0.0,0.0,0.0,0.0087843221602491,31.12067797816832,0.0120928307740518,0.0089082353104453,-63.66583838357453,1699727000.0,7902936000.0,-8994837000.0,17120357000.0,735844500.0,248431500.0,-191753000.0,108.31465178008398,100.14669557580416,-67.69348995498957,0.8309125175671613,0.8986816737440548,-1.329522234115014,0.0310947399978024,0.0,2015-01-29,1.26,amc,613707000.0,2025-04-25,2014-12-31,0.0,126.633125,916320.0625
2014-09-30,BXP,USD,1037540,2014-11-07,2014-11-07 17:28:39,2014,Q3,618803000.0,222764000.0,396039000.0,0.6400082094,0,22589000.0,0.0,22589000.0,157245000.0,179834000.0,402598000.0,3421000.0,113308000.0,157245000.0,376248000.0,0.6080254944,214803000.0,0.34712663,-105765000.0,109038000.0,0.1762079369,96394000.0,130371000.0,0.2106825597,0.83,0.83,153120000,153273000,https://www.sec.gov/Archives/edgar/data/1037540/000119312514403697/0001193125-14-403697-index.htm,https://www.sec.gov/Archives/edgar/data/1037540/000119312514403697/d811657d10q.htm,4.041294409613375,0.851430250783699,1.0493991640543363,1.0493991640543363,5.529414838035528,46.02660005224661,46.02660005224661,37.38914576802508,70.33083855799373,17725171200.0,27534257200.0,33.98986584439791,28.64428776201796,110.31074157974658,110.3107415797466,3.096085712099822,3.096085712099822,44.49599824176676,73.18113903595501,171.3565582136367,171.3565582136367,0.0073551334725613,0.0090653003114576,1.861257922671443,0.5645382608677224,26.0707990474368,3.160751611455837,1.8957443428531084,1.0643086603742342,0.0064147194245435,0.8721418106787553,0.0365043479104012,0.0,0.0,0.0,0.0,0.0,0.0093874787290947,26.76323260654068,0.0013591205841377,0.0069070142981569,-68.83894167972832,1184658000.0,7047593000.0,-10094647000.0,16794130000.0,729015000.0,234840000.0,-176054500.0,106.62286705138791,102.45820689159828,-88.50918460792587,0.8440966041236129,0.8784069400630915,-1.0168436236157643,0.0227721236549842,0.0,2014-10-28,1.37,amc,585650000.0,2025-04-25,2014-09-30,0.0656934306569342,119.60078125,623284.046875
2014-06-30,BXP,USD,1037540,2014-08-08,2014-08-08 13:59:39,2014,Q2,589794000.0,209961000.0,379833000.0,0.6440096034,0,23271000.0,0.0,23271000.0,154628000.0,177899000.0,387860000.0,2109000.0,110977000.0,154628000.0,358479000.0,0.6078037416,201273000.0,0.3412598297,-105372000.0,95901000.0,0.1626008403,130567000.0,79145000.0,0.1341909209,0.5,0.5,153078000,153238000,https://www.sec.gov/Archives/edgar/data/1037540/000119312514302695/0001193125-14-302695-index.htm,https://www.sec.gov/Archives/edgar/data/1037540/000119312514302695/d771875d10q.htm,3.8528985223219534,0.5170240008361751,1.2071231659676769,1.2071231659676769,6.7715543709742745,45.81912489057866,45.81912489057866,37.177314832960974,70.87619383582226,18090758040.0,27792791040.0,57.14434910607113,30.673011322597382,97.9021887176379,97.90218871763788,3.178820216871149,3.178820216871149,47.12287856438011,77.52976057174897,150.4069131526539,150.4069131526539,0.0043748857745487,0.0102142762393609,1.8869362640745635,0.5682244754129857,27.064438921108348,3.757830365472093,1.8136460708074649,1.9268203668366333,0.0064277019096099,1.46922736749005,0.039456149096125,0.0,0.0,0.0,0.0,0.0,0.0110530117295191,20.796278302712725,-0.0039510976722382,0.0041878911976924,-67.74894661545095,1336235000.0,7013900000.0,-10063874000.0,16957597000.0,712238500.0,217054000.0,-155761500.0,110.62192901250266,92.62291568434138,-57.02559046680098,0.813581907343417,0.9716817845242502,-1.578238809335889,0.0139069753466376,0.0,2014-07-29,1.33,amc,566208000.0,2025-04-25,2014-06-30,0.0150375939849624,118.06761904761905,786350.8888888889
2014-03-31,BXP,USD,1037540,2014-05-09,2014-05-09 16:08:21,2014,Q1,574694000.0,213185000.0,361509000.0,0.6290460663,0,29905000.0,0.0,29905000.0,154270000.0,184175000.0,397360000.0,1311000.0,113554000.0,154270000.0,333792000.0,0.5808169217,176897000.0,0.3078107654,-109141000.0,67756000.0,0.1178992647,127503000.0,56623000.0,0.0985272162,0.35,0.35,153030000,153169000,https://www.sec.gov/Archives/edgar/data/1037540/000119312514192441/0001193125-14-192441-index.htm,https://www.sec.gov/Archives/edgar/data/1037540/000119312514192441/d712279d10q.htm,3.7554335751159904,0.37001241586617,0.8116643795334249,0.8116643795334249,7.708116055675358,45.75928902829511,45.75928902829511,37.26112526955499,71.03632621054695,17526525900.0,27104087900.0,77.38253845610441,30.49714439336412,141.10512040190324,141.10512040190324,3.0737128621711065,3.0737128621711065,47.162642902135744,81.20053176828684,218.21355859881328,218.21355859881328,0.0032307030111426,0.0070869150400194,1.8865315578377675,0.5667744913898989,28.693204151088104,3.779937749033194,1.5578227099001356,1.833180825314363,0.028318789635315,8.765519311940377,0.0520363880604286,0.0,0.0,0.0,0.0,0.0,0.0180617859243353,17.612758927118737,-0.0084463063544013,0.0029833661124426,-67.71246487616807,1421877000.0,7002544000.0,-10043669000.0,16982155000.0,705304500.0,210249000.0,-181482500.0,109.55183106139962,92.0445622346788,-75.3520182001548,0.8215289432228515,0.977787256682628,-1.1943940208865582,0.0099302533992041,0.0,2014-04-29,1.23,amc,574700000.0,2025-04-25,2014-03-31,-0.024390243902439,109.0734426229508,805896.0491803279
2013-12-31,BXP,USD,1037540,2014-02-28,2014-02-28 17:22:48,2013,Q4,576199000.0,206076000.0,370123000.0,0.6423527288,0,20656000.0,0.0,20656000.0,151714000.0,175131000.0,381207000.0,1664000.0,121134000.0,154475000.0,354105000.0,0.6145533054,194992000.0,0.3384108615,-115597000.0,79395000.0,0.1377909368,28632000.0,91365000.0,0.1585650097,0.58,0.58,152798000,152932000,https://www.sec.gov/Archives/edgar/data/1037540/000119312514077846/0001193125-14-077846-index.htm,https://www.sec.gov/Archives/edgar/data/1037540/000119312514077846/d636175d10k.htm,3.770985222319664,0.5979463081977513,1.4889265566303225,1.4889265566303225,15.478847890679198,46.09757981125407,46.09757981125407,37.57348263720729,76.19629838086885,15336335260.0,24492706260.0,41.964470147211735,26.61638645676233,67.41098112129404,67.41098112129404,2.67129882446958,2.67129882446958,42.50737377190866,69.16791985428051,107.6578811894244,107.6578811894244,0.0059574206256625,0.0148343783663477,2.0068282451277644,0.5714395679331639,25.8577851202327,3.613097949229448,1.609721465484505,2.846267405637362,0.0074123314385603,1.244218245498823,0.0358487258742205,0.0,0.0,0.0,0.0,0.0,0.0106803378693819,22.48345653260713,0.0062212185397447,0.0045314880764057,-67.49063633031847,2266170000.0,7043618000.0,-9985228000.0,17785988000.0,703750500.0,209124000.0,-211582500.0,111.06584704242805,88.4251441215862,-80.56702381645606,0.8103301095396074,1.0178100459327308,-1.117082346308754,0.0159140507142032,0.0,2014-01-28,1.25,amc,511834497.0,2025-04-25,2013-12-31,0.032,103.4359375,868562.484375
2013-09-30,BXP,USD,1037540,2013-11-08,2013-11-08 16:33:17,2013,Q3,574082000.0,206930000.0,367152000.0,0.6395462669,0,24841000.0,0.0,24841000.0,154193000.0,179034000.0,385964000.0,3879000.0,122173000.0,154193000.0,358677000.0,0.6247835675,187352000.0,0.326350591,-34076000.0,82910000.0,0.144421877,64495000.0,155324000.0,0.2705606516,1.0,1.0,152407000,152692000,https://www.sec.gov/Archives/edgar/data/1037540/000119312513435327/0001193125-13-435327-index.htm,https://www.sec.gov/Archives/edgar/data/1037540/000119312513435327/d607505d10q.htm,3.7667692428825448,1.0191395408347386,1.4145216427066998,1.4145216427066998,10.76902635705709,44.23590779951052,44.23590779951052,37.28870721161101,76.48298306508231,16292308300.0,26185402300.0,26.223101870927863,28.37975811817824,75.57325160147137,75.57325160147136,2.8668196886888406,2.8668196886888406,45.612651676938135,73.00552391148582,121.46320581864062,121.46320581864062,0.0095335784923736,0.0132321949738699,2.0296053534539493,0.5909088906452904,27.5821811825124,4.692710152720593,1.5334975812986502,2.566830975853694,0.0069964917125954,0.7338788596739718,0.0432708219383293,0.0,0.0,0.0,0.0,0.0,0.0113868750457251,29.241304840655637,0.0021069922901846,0.0079572911643965,-70.42714245408675,1881650000.0,6741862000.0,-10386638000.0,17412879000.0,694063500.0,214388000.0,-209214500.0,109.1813713023575,93.8482578649785,-103.81249697965497,0.824316446353854,0.9589948928991834,-0.866947647137686,0.0273310505255971,0.0,2013-10-29,1.28,amc,757569767.0,2025-04-25,2013-09-30,0.0078125,105.8078125,873191.546875
2013-06-30,BXP,USD,1037540,2013-08-09,2013-08-09 17:03:55,2013,Q2,515320000.0,187172000.0,328148000.0,0.6367849103,0,22194000.0,0.0,22194000.0,134604000.0,156798000.0,343970000.0,1296000.0,103140000.0,134604000.0,356033000.0,0.6908969184,170815000.0,0.3314736474,337515000.0,505888000.0,0.9816968097,202776000.0,455035000.0,0.8830144376,2.95,2.94,151938000,152490000,https://www.sec.gov/Archives/edgar/data/1037540/000119312513329347/0001193125-13-329347-index.htm,https://www.sec.gov/Archives/edgar/data/1037540/000119312513329347/d556999d10q.htm,3.3916465926891237,2.994872908686438,0.6411101896826337,0.6411101896826337,10.58807539917598,43.99407653121668,43.99407653121668,37.02067948768577,76.66735773802472,15917024880.0,25853838880.0,8.74494537782808,30.887652099666223,163.40404767526616,163.40404767526616,2.8297697786677967,2.8297697786677967,50.17045501824109,72.61641162476512,265.41529920233245,265.41529920233245,0.0285879430000614,0.0061197994433241,2.0525967990601703,0.5930966195859051,27.909811730935058,5.042299384070614,1.6561469846810162,0.1922188171544377,0.0070685948440887,0.2472579032382124,0.0430683846930062,0.0,0.0,0.0,0.0,0.0,0.0129647597609252,49.94622284341191,0.0051771344188291,0.0233752257076883,-70.71665909778989,1888154000.0,6684372000.0,-10426925000.0,17433983000.0,689791500.0,211678500.0,-125748500.0,120.80332608864394,102.41820357745816,-86.42686940354326,0.7450125995203074,0.8787500352115982,-1.0413428210591906,0.0808972971358514,0.0,2013-07-30,1.28,amc,473571428.0,2025-04-25,2013-06-30,0.0078125,108.5796875,1224333.515625
2013-03-31,BXP,USD,1037540,2013-05-10,2013-05-10 15:21:41,2013,Q1,483014000.0,179664000.0,303350000.0,0.6280356263,0,43571000.0,0.0,43571000.0,120595000.0,164166000.0,343830000.0,1471000.0,100433000.0,120595000.0,260120000.0,0.5385351149,130435000.0,0.2700439325,-117000000.0,40929000.0,0.0847366743,102083000.0,48000000.0,0.0993760015,0.32,0.31,151646000,151952000,https://www.sec.gov/Archives/edgar/data/1037540/000119312513213882/0001193125-13-213882-index.htm,https://www.sec.gov/Archives/edgar/data/1037540/000119312513213882/d531191d10q.htm,3.185141711617846,0.3165266475871437,1.5656792793743324,1.5656792793743324,5.996702847420967,38.28159001885971,38.28159001885971,34.665431333500386,59.16378275721088,15240423000.0,23202565000.0,79.37720312500001,31.55275623480893,64.18939135488925,64.18939135488925,2.8991417713264576,2.8991417713264576,48.03704447490135,89.19946563124712,97.72422492618846,97.72422492618846,0.0031495188814641,0.0155788983022321,1.6876033171044236,0.5678396961354911,30.60949561740735,4.851726498326742,1.298726514193542,5.79236399121737,0.0072793255147839,2.31125,0.0902064950498329,0.0,0.0,0.0,0.0,0.0,0.0533794051518175,15.712478711552553,-0.0124636205271543,0.0030723383996406,-55.58084947839046,1620560000.0,5805250000.0,-7776733000.0,13349672000.0,677822000.0,204730500.0,-81183000.0,128.17454566534303,105.37620224418914,-35.94509751536201,0.7021674977103898,0.8540827822912259,-2.5038184960142704,0.009130901748834,0.0,2013-04-30,1.21,amc,661569230.0,2025-04-25,2013-03-31,-0.1239669421487602,105.48216666666669,946724.3333333334
2012-12-31,BXP,USD,1037540,2013-02-28,2013-02-28 17:13:01,2012,Q4,485405000.0,177652000.0,307753000.0,0.6340128346,0,15940000.0,-3252000.0,15940000.0,121125000.0,136490000.0,314142000.0,2062000.0,103452000.0,120550000.0,290289000.0,0.5980346309,170862000.0,0.3519988463,7180000.0,76608000.0,0.157822849,87641000.0,65400000.0,0.1347328519,0.43,0.43,151006000,151401000,https://www.sec.gov/Archives/edgar/data/1037540/000119312513084781/0001193125-13-084781-index.htm,https://www.sec.gov/Archives/edgar/data/1037540/000119312513084781/d440480d10k.htm,3.214474921526297,0.4330953736937605,1.1871250149000705,7.636266108631445,6.900242374475186,37.3154311749202,37.3154311749202,33.75405613021999,59.70505145490908,15977944860.0,23848335860.0,61.07777087155963,32.91672904069797,89.13130350379052,13.856248393491756,3.1347343736052022,3.1347343736052022,49.13079976514457,82.15377041500022,133.03546108232038,20.68153747825469,0.0040931421764838,0.0721696069240284,1.7485295949727933,0.5763927032688042,27.11226054035805,5.633331675613989,1.651606542164482,8.786109885801107,0.0058771638544758,1.4358562691131498,0.0328385574932273,0.0,0.0,5.432571138494837,2.0062813526848715,8.04436606338953,0.0099298523913021,18.136188269629603,-0.0016317584190774,0.0042296366761497,-55.16322861343258,1770169000.0,5634854000.0,-7675247000.0,13454243000.0,407457500.0,196297000.0,-45305000.0,123.80972589899156,100.86675072613876,-45.90378943102245,0.7269218903967629,0.8922662755773423,-1.960622447853437,0.0128309134766772,6.449141093731375,2013-01-29,1.24,amc,481646511.0,2025-04-25,2012-12-31,0.0241935483870967,105.70209677419356,799196.1290322581
2012-09-30,BXP,USD,1037540,2012-11-08,2012-11-08 16:45:01,2012,Q3,470904000.0,175825000.0,295079000.0,0.6266224114,0,19757000.0,1140000.0,20897000.0,110220000.0,132257000.0,308082000.0,4001000.0,105030000.0,111360000.0,280556000.0,0.5957817305,162822000.0,0.3457647419,-105552000.0,57769000.0,0.1226768089,114270000.0,57769000.0,0.1226768089,0.38,0.38,150801000,151983000,https://www.sec.gov/Archives/edgar/data/1037540/000119312512460629/0001193125-12-460629-index.htm,https://www.sec.gov/Archives/edgar/data/1037540/000119312512460629/d409336d10q.htm,3.1226848628324744,0.383081014051631,0.8793443014303619,-0.3035589949668769,8.189647283506078,37.70300594823642,37.70300594823642,33.947758967115604,58.06253274182532,16503661440.0,23931304440.0,71.4209240249961,35.046764181234394,124.45637029998642,-360.5230015073072,3.2237768656838868,3.2237768656838868,50.81992176749401,85.29956386603745,180.4692430206778,-522.7800956812373,0.0035003747628986,-0.0027737481265248,1.6898332524637865,0.5713175647273273,26.47472518855416,2.4427434425922674,1.5502427877749214,2.0060511625796105,0.0056790428197247,1.6224099430490402,0.041955472877699,0.0,0.0,1.3452106239536672,0.3788096936955303,1.6018588362068966,0.0143256374972393,17.105750302831424,-0.0110226273049906,0.0038151642758132,-53.78554684650632,1002069000.0,5685651000.0,-7759665000.0,12536135000.0,565798000.0,178494000.0,0.0,28.125668926150556,99.04325323475048,0.0,3.1999238928792275,0.9086938994893846,0.0,0.0112844271818564,1.1829032963972388,2012-10-23,1.16,amc,317753191.0,2025-04-25,2012-09-30,0.0,111.48111111111112,719466.1587301587
2012-06-30,BXP,USD,1037540,2012-08-08,2012-08-08 16:04:56,2012,Q2,472897000.0,168469000.0,304428000.0,0.6437511763,0,19066000.0,8000.0,19074000.0,111643000.0,130717000.0,299186000.0,2382000.0,99901000.0,111643000.0,285266000.0,0.6032307247,173711000.0,0.36733369,-54249000.0,97471000.0,0.2061146508,75832000.0,119070000.0,0.2517884444,0.79,0.78,150312000,150694000,https://www.sec.gov/Archives/edgar/data/1037540/000119312512343982/0001193125-12-343982-index.htm,https://www.sec.gov/Archives/edgar/data/1037540/000119312512343982/d366820d10q.htm,3.1461027728990367,0.7921523231678109,1.0765541008036617,0.5985683112459418,11.196930384799616,37.95927803502049,37.95927803502049,34.155982223641494,59.84956623556336,16289311440.0,23513521440.0,34.201124212648025,34.445791451415424,100.663775205631,181.0486755879607,3.17279706056851,3.17279706056851,49.72228929344022,82.42665245770614,145.3075438607333,261.34265593740275,0.007309701238053,0.005523376499455,1.7327840727814705,0.5821885342547091,25.324469092005355,8.46575553018231,1.7388314431286973,1.2009187656776454,0.0057066254974863,0.7806920298983792,0.040317447562577,0.0,0.0,0.4439960696827937,0.1519294899312112,0.6421446829808912,0.0142842944658139,24.67339994897463,0.0025775332872274,0.007792218500953,-47.59124188354888,2380053000.0,5705735000.0,-6876045000.0,13745225000.0,985083000.0,164468500.0,0.0,187.35401155008384,87.3433094515905,0.0,0.4803740216469345,1.030416646278808,0.0,0.0231921986017287,0.4779857895577199,2012-08-06,0.43,amc,351619298.0,2025-04-25,2012-06-30,2.1860465116279078,104.46603174603176,945676.6349206348
2012-03-31,BXP,USD,1037540,2012-05-08,2012-05-08 17:10:15,2012,Q1,447662000.0,163605000.0,284057000.0,0.6345345372,0,27619000.0,2104000.0,29723000.0,109673000.0,139396000.0,303001000.0,1646000.0,103237000.0,109673000.0,253533000.0,0.5663491652,144661000.0,0.3231478213,-89396000.0,56359000.0,0.1258963236,91750000.0,64632000.0,0.1443767843,0.33,0.33,148343000,148746000,https://www.sec.gov/Archives/edgar/data/1037540/000119312512218853/0001193125-12-218853-index.htm,https://www.sec.gov/Archives/edgar/data/1037540/000119312512218853/d329678d10q.htm,3.017749405094949,0.4356929548411452,1.141011035235906,-3.737068820234187,4.060784802788133,37.20981104602172,37.20981104602172,33.457271323891256,54.35957881396493,15574531570.0,22943961570.0,60.243113202438415,34.790827834392914,92.01488570905288,-28.094211011458093,3.1380323572600632,3.1380323572600632,51.25286839177773,90.49694347481392,135.55373990464432,-41.38760096181598,0.0041498519367667,-0.0355945215757137,1.6039456377721255,0.5601003373213422,29.066945920254955,4.546561888258209,1.40125148929163,2.2870017565193894,0.0059271124518321,1.4282708255972274,0.0616961010762584,0.0,0.0,4.275225834657718,1.616462867073819,6.59421161504324,0.0253718207040132,18.11034763859137,-0.0065556829888148,0.0045474319484112,-49.55646542135457,1262764000.0,5519815000.0,-7074225000.0,12615338000.0,979270000.0,160290000.0,0.0,198.1758335529931,91.00999358210323,0.0,0.45414215440115,0.9889023881625474,0.0,0.0130223696554125,4.878079855470093,2012-05-01,0.31,amc,443700000.0,2025-04-25,2012-03-31,2.612903225806452,102.95274193548389,965327.6612903224
2011-12-31,BXP,USD,1037540,2012-02-28,2012-02-28 17:15:09,2011,Q4,452787000.0,162222000.0,290565000.0,0.6417255796,0,81442000.0,-62052000.0,19390000.0,109181000.0,128571000.0,290793000.0,1179000.0,103967000.0,109181000.0,360337000.0,0.7958201097,161975000.0,0.3577289101,33919000.0,195894000.0,0.4326405131,53637000.0,101320000.0,0.2237696754,0.68,0.68,147754000,148343000,https://www.sec.gov/Archives/edgar/data/1037540/000119312512085764/0001193125-12-085764-index.htm,https://www.sec.gov/Archives/edgar/data/1037540/000119312512085764/d277704d10k.htm,3.064465259823761,0.6857343963615198,1.106359218701355,-0.0435994964603327,12.404104119008622,36.638710288723146,36.638710288723146,32.93310502592146,59.61330996115164,14716298400.0,21597228400.0,36.31143505724437,32.501592139350294,90.0250102465911,-2284.43005277864,3.024312463753581,3.024312463753581,47.69842862096306,59.936194173787314,132.1181899932097,-3352.5657249301457,0.0068848834976056,-0.0004377459483969,1.7887672785726587,0.5887951037701095,19.095818636443106,9.001872558477913,1.5579462714130443,1.4160148298294395,0.0056057574912995,0.8142123963679432,0.179868238266558,0.0,0.0,1.039408083489836,0.3752559150328962,1.5562323114827672,0.0131850075200922,22.54164291136225,0.0081306897989221,0.0068538343387923,-46.0704092613398,2529752000.0,5413516000.0,-6523553000.0,13276238000.0,552572500.0,164033500.0,0.0,193.3642308635186,86.07038502792469,0.0,0.4654428567169917,1.0456558312223232,0.0,0.0208220389733,1.1499587151616877,2012-01-31,0.36,amc,315182200.0,2025-04-25,2011-12-31,2.361111111111111,94.30507936507937,1185438.634920635
2011-09-30,BXP,USD,1037540,2011-11-08,2011-11-08 17:23:50,2011,Q3,452413000.0,161017000.0,291396000.0,0.6440928974,0,17340000.0,0.0,17340000.0,109495000.0,126835000.0,287852000.0,1252000.0,95777000.0,109495000.0,273799000.0,0.6051970213,164510000.0,0.363627924,-93968000.0,70542000.0,0.1559239014,105345000.0,70542000.0,0.1559239014,0.48,0.48,147006000,147622000,https://www.sec.gov/Archives/edgar/data/1037540/000119312511302448/0001193125-11-302448-index.htm,https://www.sec.gov/Archives/edgar/data/1037540/000119312511302448/d234922d10q.htm,3.077513842972396,0.4798579649810212,1.0391276546535515,0.4654231800062582,7.29450498619104,36.62545066187775,36.62545066187775,32.82543569650218,54.73341224167721,13098234600.0,19985573600.0,46.4199859658076,28.95194125721409,85.74499927990678,191.43868167202567,2.7143584878446663,2.7143584878446663,44.175506893038,72.99359603212575,130.83160030898546,292.10133878982754,0.0053856112792482,0.0052236047138749,1.647560602594199,0.5686630333976644,25.15472664253704,5.856218593509349,1.7176357580630006,1.8987706802898656,0.0065101139660454,1.2087975957585553,0.0383278110929615,0.0,0.0,0.5521020175702746,0.1864181621659855,0.7702452166765605,0.0131229650783686,18.825774947957,-0.0059527088449639,0.0050456347341546,-50.50847584452335,1680577000.0,5384161000.0,-6569993000.0,12319753000.0,512471500.0,173092500.0,0.0,26.32603395569977,96.65762000285685,0.0,3.4186691452061417,0.9311216228719468,0.0,0.0146184796880595,0.5737044746472933,2011-10-25,0.38,amc,357516666.0,2025-04-25,2011-09-30,2.3684210526315788,102.48046875,1481773.28125
2011-06-30,BXP,USD,1037540,2011-08-08,2011-08-08 16:49:54,2011,Q2,436451000.0,151156000.0,285295000.0,0.6536701715,0,20069000.0,0.0,20069000.0,111080000.0,131149000.0,282305000.0,1953000.0,95236000.0,111080000.0,265233000.0,0.6077039576,154133000.0,0.3531507546,-83742000.0,69738000.0,0.1597842599,102814000.0,60214000.0,0.1379627954,0.41,0.41,145864000,146695000,https://www.sec.gov/Archives/edgar/data/1037540/000119312511214359/0001193125-11-214359-index.htm,https://www.sec.gov/Archives/edgar/data/1037540/000119312511214359/d10q.htm,2.992177644929523,0.4128091921241704,1.0819461964569737,0.5547633411945374,5.419836285855317,36.5857442549224,36.5857442549224,32.618836724620195,55.09844101354687,15484922240.0,22645981240.0,64.29120403892783,35.47917690645685,98.1194816781462,191.3608779041028,3.2545611879491725,3.2545611879491725,51.886652201507154,85.38146173364551,143.49519532116312,279.85641670785964,0.0038885568210641,0.0052257285342364,1.6691438727139667,0.5719909059296991,26.99912529738004,6.230873751066928,1.618432105506321,2.262998652097852,0.0053851093797936,1.384860663633042,0.0459822523032367,0.0,0.0,0.4872542248300247,0.1761870175575265,0.6922668347137199,0.0135387477632082,17.406047851744386,-0.005388923770052,0.0043368683797107,-48.590843182690726,1666933000.0,5336543000.0,-6562064000.0,12251554000.0,646313500.0,172437000.0,-152846000.0,184.06334273492325,103.15918653576438,0.0,0.4889621076240719,0.8724380544509024,0.0,0.0126555461069704,0.5271828552624362,2011-08-01,0.36,amc,380985365.0,2025-04-25,2011-06-30,2.416666666666667,102.2036507936508,1069681.4285714286
2011-03-31,BXP,USD,1037540,2011-05-09,2011-05-09 17:21:15,2011,Q1,417875000.0,145710000.0,272165000.0,0.6513072091,0,24643000.0,0.0,24643000.0,109428000.0,134071000.0,279781000.0,974000.0,99151000.0,109428000.0,247221000.0,0.5916147173,138022000.0,0.3302949447,-89202000.0,48194000.0,0.1153311397,105257000.0,40813000.0,0.0976679629,0.29,0.29,142095000,142504000,https://www.sec.gov/Archives/edgar/data/1037540/000119312511132592/0001193125-11-132592-index.htm,https://www.sec.gov/Archives/edgar/data/1037540/000119312511132592/d10q.htm,2.940814243991696,0.2872233365002287,0.9309546430205144,0.1226855272880819,7.479482036665611,37.2248073471973,37.2248073471973,33.0486083254161,56.55663464583553,13477710750.0,20361977750.0,82.55770679685394,32.25297218067604,101.88466292219768,773.1148253312683,2.8700149508884287,2.8700149508884287,48.72743703260544,82.36346325757115,153.92623257536815,1168.0134084781737,0.0030281848866655,0.0012934689223835,1.6902029411150925,0.5736893852490623,27.846610927065257,4.268431250109424,1.3920384060675133,2.7448230070133213,0.0060427176032101,1.9954916325680545,0.0589721806760394,0.0,0.0,0.8682153548426114,0.2748453484893808,1.049557700040209,0.0283721208495363,14.614289578118164,-0.0121118064592715,0.0029498810774304,-51.62777015377036,1120111000.0,5289459000.0,-7083197000.0,11717155000.0,621260500.0,166604500.0,-152846000.0,86.15447203110978,106.00185299567634,-188.8153180975911,1.0446352682365885,0.8490417615970446,-0.476656242230742,0.0086909358987845,0.8082691157324325,2011-05-02,0.43,amc,615789655.0,2025-04-25,2011-03-31,1.604651162790698,92.0351612903226,1159625.3548387096
2010-12-31,BXP,USD,1037540,2011-02-25,2011-02-25 16:39:20,2010,Q4,386841000.0,132986000.0,253855000.0,0.6562256845,0,79658000.0,-62537000.0,17121000.0,84795000.0,101916000.0,234902000.0,7332000.0,92192000.0,92763000.0,244702000.0,0.6325648005,437105000.0,1.1299345209,-246778000.0,190327000.0,0.4920031744,171794000.0,-12714000.0,-0.0328662164,-0.0907,-0.0895,140115000,142095000,https://www.sec.gov/Archives/edgar/data/1037540/000119312511047496/0001193125-11-047496-index.htm,https://www.sec.gov/Archives/edgar/data/1037540/000119312511047496/d10k.htm,2.76088213253399,-0.0907397494914891,0.3071691110873211,-2.667537380009278,3.480569532170003,35.42941869178889,35.42941869178889,31.20752952931521,56.22662098990115,12063901500.0,19370954500.0,-237.21687706465312,31.185684816242333,280.30162178489275,-32.27696100727201,2.7589495643710222,2.7589495643710222,50.074719329130055,79.1614065271228,450.0791026743186,-51.82697679271836,-0.001053887915116,-0.0309818511034759,1.7806166659386553,0.5832969428306889,29.861026881676487,4.973064535224351,4.741246528982992,-3.374020068987144,0.007029069327199,-6.669655497876357,0.2059192277964331,0.0,0.0,9.684263110202377,1.0774478403271628,4.493181548677813,0.0158385486543566,,0.0032693288597944,-0.0009524834804348,-51.84679905791671,1308795000.0,4964193000.0,-6745858000.0,11749912000.0,613078000.0,180563000.0,0.0,196.01099676611324,109.35948144917508,0.0,0.4591579119787395,0.8229739095994851,0.0,-0.0029076236043052,2.9747064910965992,2011-01-25,0.39,amc,1913437500.0,2025-04-25,2010-12-31,1.923076923076923,85.6825,988559.375
2010-09-30,BXP,USD,1037540,2010-11-05,2010-11-05 17:07:32,2010,Q3,388224000.0,134235000.0,253989000.0,0.6542331231,0,18067000.0,0.0,18067000.0,80402000.0,98469000.0,232704000.0,1814000.0,97103000.0,81133000.0,234108000.0,0.603022997,56524000.0,0.1455963567,-93414000.0,57668000.0,0.1485431091,109417000.0,57668000.0,0.1485431091,0.41,0.41,139595000,140193000,https://www.sec.gov/Archives/edgar/data/1037540/000119312510250260/0001193125-10-250260-index.htm,https://www.sec.gov/Archives/edgar/data/1037540/000119312510250260/d10q.htm,2.781073820695584,0.4131093520541566,0.8764640567355564,-0.4976897453347182,9.154948243131916,36.37732726816863,36.37732726816863,31.963257996346577,54.02764425659945,11603136400.0,17777948400.0,50.30145141152806,29.88773594625783,94.83560604822232,-167.01167902123066,2.600485845638786,2.600485845638786,45.79301743323442,75.93908965093034,145.30403269309355,-255.8898654192155,0.0049700355155697,-0.0059876052133628,1.6685420215687852,0.57054023822508,26.375911972252123,5.372185463096545,0.582103539540488,1.7969128640455874,0.0069126137308874,1.3908580148435874,0.0465375659413122,0.0,0.0,1.5678381691867591,0.4941090710517639,2.364327708823783,0.016433811407847,17.236508289361797,-0.0039990727589694,0.004419398021402,-45.882852179519325,1597120000.0,5078093000.0,-6008332000.0,11126830000.0,376128500.0,188267000.0,-187836000.0,88.94079191394658,133.78075762655044,0.0,1.011909137115377,0.6727424900017039,0.0,0.0129245070105611,1.3741538020702748,2010-10-26,0.32,amc,294400000.0,2025-04-25,2010-09-30,2.34375,81.80375,1334901.046875
2010-06-30,BXP,USD,1037540,2010-08-06,2010-08-06 12:16:46,2010,Q2,395958000.0,129373000.0,266585000.0,0.6732658514,0,17648000.0,0.0,17648000.0,88129000.0,99048000.0,228421000.0,2117000.0,96755000.0,81400000.0,249673000.0,0.6305542507,70782000.0,0.1787613838,-93902000.0,61412000.0,0.1550972578,113590000.0,61412000.0,0.1550972578,0.44,0.44,139113000,139826000,https://www.sec.gov/Archives/edgar/data/1037540/000119312510180850/0001193125-10-180850-index.htm,https://www.sec.gov/Archives/edgar/data/1037540/000119312510180850/d10q.htm,2.846304802570572,0.4414540697131109,1.081207363797776,0.1288448958760144,12.295572663949452,36.437572333283015,36.437572333283015,31.940774765837844,52.66261959701825,9924321420.0,15450173420.0,40.40057895850974,25.064076038367705,65.98179256698359,553.6889879491185,2.233508752464623,2.233508752464623,39.019727900433885,61.88163485839478,102.72038707532744,861.9824492300826,0.0061880301333489,0.0018060680666668,1.6269832607046395,0.5653322673090339,22.13235712311704,7.4043015964017425,0.7315590925533564,2.0749927573220024,0.0082216200530917,1.3286328404872012,0.044570383727567,0.0,0.0,0.8808323914633336,0.3345960935250708,1.6275921375921376,0.0159966461089307,17.811756306686924,-0.0048307166146754,0.0048024269569643,-42.55297132546922,2167126000.0,5068940000.0,-5213249000.0,11342892000.0,370343500.0,183316500.0,-365883000.0,83.78206779506918,123.13233827769318,-261.3410835336585,1.0742155495629433,0.7309209039548022,-0.3443775421112034,0.0138210194633496,0.9523624679217616,2010-07-27,0.29,amc,265586046.0,2025-04-25,2010-06-30,2.862068965517242,77.50730158730158,1760876.0952380951
2010-03-31,BXP,USD,1037540,2010-05-06,2010-05-06 16:51:23,2010,Q1,379781000.0,130253000.0,249528000.0,0.6570312891,0,26822000.0,0.0,26822000.0,77845000.0,109897000.0,240150000.0,1710000.0,92029000.0,83075000.0,235846000.0,0.6210052636,47602000.0,0.1253406569,-84379000.0,52714000.0,0.1388010459,94827000.0,52714000.0,0.1388010459,0.38,0.38,138931000,139597000,https://www.sec.gov/Archives/edgar/data/1037540/000119312510111041/0001193125-10-111041-index.htm,https://www.sec.gov/Archives/edgar/data/1037540/000119312510111041/d10q.htm,2.733594374185747,0.379425758110141,0.4325456521582656,-0.4269241565957202,8.838804874362093,36.46040840417186,36.46040840417186,31.93846585715211,48.70711360315552,10480954640.0,15935461640.0,49.70669385741928,27.59736437578499,174.40933604020367,-176.7058594237351,2.362042069816776,2.362042069816776,41.95960735265851,67.56723302494001,265.1755855825873,-268.6672675467436,0.0050295036865077,-0.0056591219060938,1.5042897132295887,0.5448300276002417,23.12740941122597,3.978492438632917,0.517249997283465,0.9613963236117556,0.0077713340814534,1.5451492962021474,0.0706249127786803,0.0,0.0,1.9870036942124003,0.3144101469004505,1.4373397532350285,0.0368923142547942,16.512456630262736,-0.0031925557442454,0.0043027123069456,-42.15661191526729,1011362000.0,5065481000.0,-5834944000.0,10124122000.0,367662500.0,204861000.0,-178047000.0,88.17621208011985,131.02938128104535,-246.04776857346857,1.0206834459868042,0.6868688466669831,-0.365782630429044,0.0118798992978297,0.8594698087539858,2010-04-27,0.35,amc,367597222.0,2025-04-25,2010-03-31,2.0571428571428574,69.14032786885247,1458350.31147541
2009-12-31,BXP,USD,1037540,2010-02-25,2010-02-25 16:57:24,2009,Q4,377912000.0,131905000.0,246007000.0,0.6509637164,-27766000,75447000.0,-55941000.0,19506000.0,51359000.0,70865000.0,202770000.0,-2275000.0,88180000.0,79125000.0,254267000.0,0.6728206567,86962000.0,0.2301117721,189674000.0,274499000.0,0.7263569297,177545000.0,53410000.0,0.1413291983,0.38,0.38,138844000,138931000,https://www.sec.gov/Archives/edgar/data/1037540/000119312510040826/0001193125-10-040826-index.htm,https://www.sec.gov/Archives/edgar/data/1037540/000119312510040826/d10k.htm,2.721846100659733,0.3846763273890121,1.2205064676903574,0.3660150960790527,10.507324767364812,36.509024516723805,36.509024516723805,32.02156376941027,49.033094696205815,9312267080.0,14583105080.0,43.58859333458153,24.64136380956413,54.952596955033634,183.24380802455772,2.094526066340051,2.094526066340051,38.58862666440864,57.35351060106109,86.05632644871946,286.96166945433794,0.0057354454657672,0.0054572103187573,1.511418798282142,0.5441681608181848,20.729540207734388,4.895325777908745,0.98618734406895,2.7007299270072997,0.0083111877414065,1.4490919303501215,0.1996417155316581,-0.0734721310781345,0.0,0.7001121208544789,0.3139381654988463,1.4994123222748814,0.0171997713753466,16.6479306471276,0.0025655887958965,0.0043251505846403,-39.96092737172654,1467303000.0,5069059000.0,-5435658000.0,10533184000.0,352542500.0,224633000.0,10340500.0,86.50585321450497,150.1687578181267,0.0,1.0403920273097675,0.5993257273194026,0.0,0.0120130400301214,0.8544913716113047,2010-01-26,0.36,amc,356305263.0,2025-04-25,2009-12-31,1.888888888888889,65.43078125,1831704.15625
2009-09-30,BXP,USD,1037540,2009-11-05,2009-11-05 15:54:08,2009,Q3,377303000.0,75679000.0,301624000.0,0.7994211549,0,19989000.0,0.0,19989000.0,78181000.0,155628000.0,231307000.0,1513000.0,77090000.0,78181000.0,224177000.0,0.5941564207,67605000.0,0.1791795984,-170846000.0,65795000.0,0.1743823929,86551000.0,65795000.0,0.1743823929,0.47,0.47,138641000,139225000,https://www.sec.gov/Archives/edgar/data/1037540/000119312509225470/0001193125-09-225470-index.htm,https://www.sec.gov/Archives/edgar/data/1037540/000119312509225470/d10q.htm,2.7214388240130987,0.4745710143464055,0.9447349629618944,0.0236510123268008,5.716505218514004,36.61807113335882,36.61807113335882,32.10155004652304,43.89812537416781,9087917550.0,14314801550.0,34.53118607037009,24.08652343077049,69.3845391245925,2771.5515553522414,2.041957472614311,2.041957472614311,37.93980315555402,63.85490728308435,109.29081417631834,4365.599740774626,0.0072398324080305,0.0003608087311487,1.3501555186715652,0.5166012037541642,23.315879862786996,3.076819701082246,0.8769619924763263,1.6867868641339343,0.0089393416646919,1.2347442814803558,0.0529786405090868,0.0,0.0,0.9749654524771146,0.3384547697738952,1.6333891866310228,0.0171824766831962,18.514196344226843,-0.0019142096859523,0.0056564873965517,-39.64011187166855,1018408000.0,5076766000.0,-5046234000.0,10038622000.0,210170000.0,226543000.0,156485000.0,81.54202325451958,272.5449596321304,24.594537454247547,1.1037253726103935,0.33022074640998,3.659349161065713,0.0147834298860533,0.9210839506350936,2009-10-27,0.35,amc,279851063.0,2025-04-25,2009-09-30,2.2285714285714286,57.26640625,2448068.890625
2009-06-30,BXP,USD,1037540,2009-08-06,2009-08-06 16:39:25,2009,Q2,389490000.0,130089000.0,259401000.0,0.6660016945,0,18532000.0,0.0,18532000.0,86305000.0,104837000.0,234926000.0,442000.0,78633000.0,87005000.0,241569000.0,0.6202187476,75931000.0,0.1949498062,-186813000.0,67152000.0,0.1724100747,87061000.0,67152000.0,0.1724100747,0.54,0.53,125267000,125620000,https://www.sec.gov/Archives/edgar/data/1037540/000119312509167264/0001193125-09-167264-index.htm,https://www.sec.gov/Archives/edgar/data/1037540/000119312509167264/d10q.htm,3.1092785809510883,0.5360709524455762,1.6508817166532288,0.8115944342883601,6.62918406284177,40.47282205209672,40.47282205209672,35.47666983323621,48.18770306625049,5975235900.0,11113686900.0,22.24518964438885,15.341179234383423,28.89365090110783,58.77319752916413,1.3445455907846346,1.3445455907846346,28.533946699530155,46.00626280689989,53.74097272256904,109.31566993881928,0.0112383847472867,0.0170145583708251,1.340598768332352,0.5144520210585507,21.271152341567007,3.098719961721488,0.965637836531736,2.5826558265582658,0.0166169171664,1.478585894686681,0.0475801689388687,0.0,0.0,0.5083872901968559,0.2699299083416775,1.2083788288029425,0.0168399702174638,20.68587136694401,-0.0020311509974229,0.0057986312356528,-43.70920713356271,1043918000.0,5069909000.0,-4969430000.0,10004203000.0,208805500.0,212089000.0,155854500.0,18.137949626434565,154.90787076539908,202.21548324608537,4.961972100133766,0.5809904916729565,0.4450697768304657,0.0151105206595056,0.8392872823648686,2009-07-21,0.51,amc,374705660.0,2025-04-25,2009-06-30,1.5882352941176472,46.52190476190477,4467585.603174604
2009-03-31,BXP,USD,1037540,2009-05-11,2009-05-11 17:17:34,2009,Q1,377544000.0,129333000.0,248211000.0,0.6574359545,27766000,17420000.0,0.0,17420000.0,77957000.0,123143000.0,252476000.0,320000.0,78930000.0,77370000.0,202438000.0,0.5361971055,46138000.0,0.1222056237,-188360000.0,54030000.0,0.1431091475,85567000.0,44598000.0,0.1181266289,0.37,0.37,121256000,121468000,https://www.sec.gov/Archives/edgar/data/1037540/000119312509107355/0001193125-09-107355-index.htm,https://www.sec.gov/Archives/edgar/data/1037540/000119312509107355/d10q.htm,3.1136108728640237,0.3678003562710298,0.9082931978623738,0.1547799696509863,1.2634178927228343,34.81623177409778,34.81623177409778,30.07824767434189,51.06328758989246,4247597680.0,10216608680.0,23.81047177003453,11.250603055537898,38.5668417229607,226.3212745098039,1.164629016266868,1.164629016266868,27.060709956985143,50.46784042521661,92.7635712210358,544.3632075873828,0.0104995819660585,0.0044184975635451,1.6760401495077826,0.5622549654449769,29.48562522846501,1.749600981305793,0.5845432661852275,2.038423098278734,0.0234019338667686,2.2288443427956413,0.0461403174199563,0.0735437458945182,0.0,0.8295925038134669,0.242006229737461,1.1809228383094224,0.0187898629033966,15.776969916279947,-0.0025919298044169,0.0041021212781237,-51.40376558685756,361163000.0,4221677000.0,-5807289000.0,9259240000.0,338929500.0,186030000.0,9710000.0,80.8394253385036,139.36280763610216,13.513952355547309,1.113318156618974,0.6457964038368394,6.659783728115345,0.012228117816344,0.7535132282113874,2009-04-29,0.52,bmo,530540540.0,2025-04-25,2009-03-31,-0.2884615384615385,41.39590163934427,4796071.295081968
2008-12-31,BXP,USD,1037540,2009-03-02,2009-03-02 17:02:47,2008,Q4,392273000.0,132325000.0,259948000.0,0.6626711499,0,72365000.0,-55813000.0,16552000.0,69917000.0,86469000.0,218794000.0,-16106000.0,71261000.0,79766000.0,253245000.0,0.6455835604,102218000.0,0.2605787296,23014000.0,125232000.0,0.319247055,216501000.0,-91234000.0,-0.2325778221,-0.76,-0.75,120796000,121256000,https://www.sec.gov/Archives/edgar/data/1037540/000119312509042701/0001193125-09-042701-index.htm,https://www.sec.gov/Archives/edgar/data/1037540/000119312509042701/d10k.htm,3.24740057617802,-0.7552733534222987,1.638704924004106,0.7246928706248551,2.095268055233617,29.233310705652507,29.233310705652507,29.233310705652507,52.51148216828372,6643780000.0,12674186000.0,-18.205329153605017,16.936623219033685,33.56308948264452,75.89421978524103,1.881415367345488,1.881415367345488,32.3096058102393,50.04713222373591,64.02753234418967,144.78165410098242,-0.0137322427894963,0.013176234011361,1.7761092548368618,0.5747910603763228,23.81253726628364,1.4075535732712658,1.4344171426165786,-2.169684547427494,0.0124719662601711,-0.9082250038362892,0.1844761173978326,0.0,0.0,0.5577648788324265,0.2814595957407214,1.3841611714264224,0.0142043933689037,,-0.0070442049211301,-0.0083611591102899,-56.89940685122024,177728000.0,3531267000.0,-6766565000.0,9027287000.0,333148500.0,168388500.0,17155500.0,77.71850216558366,116.84254675987152,0.0,1.1580254056910402,0.770267359756914,0.0,-0.0258360526122776,0.914012053379251,2009-01-28,0.63,bmo,1092760500.0,2025-04-25,2008-12-31,-2.095238095238095,60.92296875,3777743.828125
2008-09-30,BXP,USD,1037540,2008-11-10,2008-11-10 17:18:13,2008,Q3,357048000.0,134033000.0,223015000.0,0.6246078959,0,18758000.0,0.0,18758000.0,81639000.0,100397000.0,234430000.0,212000.0,68308000.0,75321000.0,205197000.0,0.5747042414,54310000.0,0.1521084,-152124000.0,58451000.0,0.1637062804,76756000.0,48506000.0,0.1358528825,0.36,0.35,119832000,121369000,https://www.sec.gov/Archives/edgar/data/1037540/000119312508231998/0001193125-08-231998-index.htm,https://www.sec.gov/Archives/edgar/data/1037540/000119312508231998/d10q.htm,2.979571399959944,0.4047833633753922,0.9479688230188932,-1.0126510447960475,0.5988133386741438,35.75040890580146,35.75040890580146,30.416516456372253,51.57029007276854,11223465120.0,17279331120.0,57.84575681359007,31.434051220004037,98.80071762458516,-92.489906055312,3.0792480833346136,3.0792480833346136,48.39498084291188,84.20849778505534,152.11080503886546,-142.39485710518508,0.0043218381739845,-0.0108119906555204,1.6767291142185514,0.5620597141594289,29.51244901241246,1.5696715135990356,0.7950752474087954,2.3432207760061057,0.0096957578463076,2.243433802003876,0.0525363536555309,0.0,0.0,2.068232435715732,0.6580207703165961,3.1192496116620863,0.018120812887903,16.64398528751152,-0.0016361079577259,0.0044610052445735,-52.19568228853728,272205000.0,4284043000.0,-5839258000.0,9063509000.0,319835000.0,174089000.0,46977500.0,82.56553740673523,110.78420985876612,23.03902770213306,1.090043168454667,0.8123901421938832,3.906414852379703,0.0133080119137242,1.960619867814941,2008-10-28,0.58,bmo,461422222.0,2025-04-25,2008-09-30,-0.2241379310344826,96.41453125,2057020.21875
2008-06-30,BXP,USD,1037540,2008-08-11,2008-08-11 11:18:12,2008,Q2,368520000.0,125552000.0,242968000.0,0.6593075003,0,16291000.0,1176000.0,17467000.0,74132000.0,91599000.0,217151000.0,4115000.0,64564000.0,74389000.0,225758000.0,0.6126071855,86805000.0,0.2355503093,7158000.0,93963000.0,0.2549739499,73690000.0,79534000.0,0.2158200369,0.63,0.62,119753000,121315000,https://www.sec.gov/Archives/edgar/data/1037540/000119312508172920/0001193125-08-172920-index.htm,https://www.sec.gov/Archives/edgar/data/1037540/000119312508172920/d10q.htm,3.077334179519511,0.6641503761909932,1.2237522233263467,0.0621028283216286,1.1062937880470636,36.419212879844345,36.419212879844345,30.8802034187035,46.49948644292836,10804115660.0,16195894660.0,33.96068241255312,29.317582926299792,73.7240744329503,1452.7518703778403,2.9216128785393822,2.9216128785393822,43.94848219906654,71.74006972067436,110.51597196822884,2177.745685088073,0.0073614539591109,0.0006883487954071,1.4883432842157525,0.5298352654644696,23.883003038652006,1.5885779547984986,1.3444798959172295,1.84276840278651,0.0099680532298189,1.3540875600372169,0.0442065559535439,0.0,0.0,0.9492521221715752,0.3774856181482687,1.8700479909664065,0.0,21.48149718109034,0.0018984538197988,0.0076563895099358,-47.015306505891296,307665000.0,4361310000.0,-5196224000.0,8926705000.0,173348000.0,155980500.0,58642000.0,76.2250081406708,131.3183382184274,42.7548744743214,1.180714862422945,0.6853574391894842,2.1050231372812016,0.0215073186917133,1.161649395004718,2008-07-22,0.65,bmo,386540322.0,2025-04-25,2008-06-30,-0.0461538461538461,97.79453125,1094075.59375
2008-03-31,BXP,USD,1037540,2008-05-12,2008-05-12 13:21:30,2008,Q1,370559000.0,123630000.0,246929000.0,0.6663689183,0,16808000.0,2780000.0,19588000.0,202089000.0,221677000.0,345307000.0,12652000.0,72496000.0,74671000.0,79898000.0,0.2156147874,148882000.0,0.4017767751,20025000.0,168907000.0,0.4558167525,-63209000.0,88461000.0,0.2387231183,0.71,0.7,119536000,121022000,https://www.sec.gov/Archives/edgar/data/1037540/000119312508111201/0001193125-08-111201-index.htm,https://www.sec.gov/Archives/edgar/data/1037540/000119312508111201/d10q.htm,3.099978249230358,0.7400364743675546,0.8601090884754383,0.0945740195422299,8.605181702583323,36.1309479989292,36.1309479989292,30.65550963726409,36.01545141212689,11005679520.0,14386043520.0,31.10319666293621,29.70020838786806,107.04456124652285,973.5231773551526,3.0033752852075226,3.0033752852075226,38.82254518173894,180.05511427069513,139.92300192580777,1272.5381264927023,0.008037759035164,0.0010271969104184,1.1550606546107902,0.4089716717360001,42.30849332899447,2.6323099386122304,2.0536581328625028,1.162252291970473,0.0850824338741057,10.585342693390308,0.0453584989165018,0.0,0.0,0.8900441574104694,0.2469485291141221,1.2254958417591837,0.0,22.59290582501029,0.020778076683477,0.0085473801744956,-41.38631040021416,820572000.0,4318949000.0,-4707260000.0,9348480000.0,46327000.0,137230500.0,28820000.0,8.398662561157602,93.74108226158698,41.960689153118174,10.715991902834007,0.9600913263285418,2.144864677307426,0.0241404068346651,0.7655350689332084,2008-04-29,0.61,bmo,384093220.0,2025-04-25,2008-03-31,-0.0327868852459016,89.37770491803279,1773139.6557377048
2007-12-31,BXP,USD,1037540,2008-02-29,2008-02-29 17:01:40,2007,Q4,371959000.0,123560000.0,248399000.0,0.6678128503,0,16594000.0,0.0,16594000.0,69315000.0,85909000.0,209469000.0,0.0,0.0,71655000.0,234145000.0,0.6294914224,94201000.0,0.2532564073,1230489000.0,1324690000.0,3.5613871421,1199021000.0,124218000.0,0.3339561618,1.04,1.04,119211000,119536000,https://www.sec.gov/Archives/edgar/data/1037540/000119312508043857/0001193125-08-043857-index.htm,https://www.sec.gov/Archives/edgar/data/1037540/000119312508043857/d10k.htm,3.1201734739243863,1.0420011576112942,1.4785128889112582,-2.032010468832574,13.515338349648944,36.26105812383086,36.26105812383086,30.775893164221426,35.215206650393,10944761910.0,13635880910.0,22.027326776312613,29.424646022814343,62.09617832118238,-45.181853837961015,2.9831790586904527,2.9831790586904527,36.65963428764999,58.236908368745866,77.36450546083799,-56.29125451002733,0.0113495388041748,-0.022132779314155,1.1442464549276676,0.3750715760727342,11.49338657669393,10.74180462894325,0.0,1.418916743145116,0.0088022928951955,0.7755639279331498,0.0446124438446172,0.0,0.0,2.374361011035148,1.1251051863242991,5.840387970134673,0.0,26.861526703296395,0.0008089603255696,0.0110981889254516,-43.74753588175588,1419303000.0,4322717000.0,-5304925000.0,10137491000.0,50636500.0,91627000.0,8917500.0,14.051710000295731,106.12075105212044,0.0,6.404914419533698,0.848090492271367,0.0,0.0338577064864091,3.5105233577438324,2008-01-29,0.69,bmo,417723809.0,2025-04-25,2007-12-31,-0.0869565217391303,100.94765625,1146915.5
2007-09-30,BXP,USD,1037540,2007-11-09,2007-11-09 16:58:03,2007,Q3,371507000.0,120415000.0,251092000.0,0.6758742096,0,20189000.0,0.0,20189000.0,74311000.0,94500000.0,214915000.0,25081000.0,69929000.0,71616000.0,226619000.0,0.6099992732,86663000.0,0.2332742048,17980000.0,255158000.0,0.6868188217,-85778000.0,242370000.0,0.6523968593,2.02,1.99,119010000,120655000,https://www.sec.gov/Archives/edgar/data/1037540/000119312507242608/0001193125-07-242608-index.htm,https://www.sec.gov/Archives/edgar/data/1037540/000119312507242608/d10q.htm,3.1216452398958072,2.036551550289892,1.1870178976556591,0.4138475758339635,16.777464078648855,42.86616250735232,42.86616250735232,36.53375346609528,35.1745483572809,12805476000.0,15027472000.0,13.20860254982052,34.46900327584675,90.64732740130393,259.9991066352636,2.945221604450167,2.945221604450167,40.4500372805896,66.31161553091312,106.37637947999178,305.1139446113864,0.018927059017564,0.0038461670616539,0.9467124452779536,0.374689241509424,9.804985460177654,4.747413399150471,1.2392998612878776,0.5824434530926602,0.007517252775297,0.397169616701737,0.0543435251556498,0.0,0.0,0.6513552351221445,0.2476803936399583,1.284838583556747,0.0,40.91533484934364,0.0110169875386664,0.0220624760311683,-32.317588858079155,1779463000.0,5101502000.0,-3629805000.0,10095155000.0,45798500.0,32640000.0,8917500.0,10.46524022427572,28.07440933438525,13.330149898268488,8.599898145790412,3.205766466109366,6.75161199887861,0.0557443831272329,0.7731703218216956,2007-10-24,0.67,bmo,385878125.0,2025-04-25,2007-09-30,-0.0447761194029851,100.0831746031746,1216538.6984126985
2007-06-30,BXP,USD,1037540,2007-08-09,2007-08-09 17:24:08,2007,Q2,375128000.0,120041000.0,255087000.0,0.6799998934,0,16291000.0,0.0,16291000.0,74621000.0,90912000.0,210953000.0,26205000.0,73743000.0,74621000.0,237207000.0,0.6323361626,90432000.0,0.2410697149,0.0,0.0,0.0,61831000.0,102344000.0,0.2728242093,0.86,0.84,118961000,120984000,https://www.sec.gov/Archives/edgar/data/1037540/000119312507177676/0001193125-07-177676-index.htm,https://www.sec.gov/Archives/edgar/data/1037540/000119312507177676/d10q.htm,3.153369591714932,0.8603155656055346,1.5692537890569178,0.5919166785753314,16.629500424508873,41.14278629130556,41.14278629130556,34.997553820159546,36.99803296878809,12149486930.0,14591748930.0,29.678063516180725,32.38757685376725,65.08188841868437,172.54117631186537,2.9182039557624835,2.9182039557624835,38.898053277814505,61.51483274102366,78.16450037497322,207.22500788184337,0.008423730202737,0.0057957179925127,1.039448097490863,0.393609518561927,10.295910323051174,69.76390792986507,1.2263130059802283,1.8015305482373605,0.0086727119101481,1.0295571797076526,0.0434278432961549,0.0,0.0,0.6228037283051211,0.3099342091232859,1.5580734645743155,0.0,26.02789190399437,,0.009308567968172,-34.344486848631064,1905998000.0,4894387000.0,-4166499000.0,10243013000.0,49598500.0,13859000.0,0.0,11.611556588684396,20.78139968843978,0.0,7.7508987974709695,4.330795872718089,0.0,0.0245821627999031,0.9773371104815864,2007-07-24,0.64,bmo,321902702.0,2025-04-25,2007-06-30,0.1562499999999999,112.72888888888887,1125521.365079365
2007-03-31,BXP,USD,1037540,2007-05-10,2007-05-10 17:18:16,2007,Q1,363695000.0,119589000.0,244106000.0,0.6711832717,0,16808000.0,0.0,16808000.0,71200000.0,88008000.0,207597000.0,0.0,0.0,71086000.0,106717000.0,0.2934244353,82172000.0,0.2259365677,546862000.0,701378000.0,1.9284785328,-698209000.0,854307000.0,2.3489654793,7.14,6.99,118177000,120647000,https://www.sec.gov/Archives/edgar/data/1037540/000119312507110478/0001193125-07-110478-index.htm,https://www.sec.gov/Archives/edgar/data/1037540/000119312507110478/d10q.htm,3.0775446998993035,7.2290462611168,1.059224722238676,-3.220973624309299,17.8401127122875,41.16322126979023,41.16322126979023,35.011965103192665,37.614375047598095,13873979800.0,16302797800.0,4.0600099847010505,38.14729319897167,110.83578161947976,-36.44860644432477,3.3531394097412304,3.3531394097412304,44.82546584363271,152.7666426155158,130.23900587972136,-42.82940219889924,0.06157620324631,-0.027435891178103,1.0743291596668512,0.4009794564909514,22.7594291443725,-504.671630859375,0.0,0.1465234394661403,0.0609414178331151,0.9896910595371452,0.0462145479041504,0.0,0.0,4.040878443152042,1.3907834861628563,7.115620515994711,0.0,75.46403181006633,0.0156583010529815,0.0770635970174296,-34.48051439789468,2071231000.0,4864546000.0,-4154059000.0,10379981000.0,53925500.0,51467000.0,0.0,12.570725470517878,0.0,0.0,7.15949132856946,0.0,0.0,0.206473593807438,4.280198346547975,2007-04-24,0.53,bmo,318618333.0,2025-04-25,2007-03-31,0.1320754716981131,120.10426229508197,1345896.7049180327
2006-12-31,BXP,USD,1037540,2007-03-01,2007-03-01 17:23:27,2006,Q4,378673000.0,124766000.0,253907000.0,0.6705178346,0,16198000.0,0.0,16198000.0,70463000.0,86661000.0,211427000.0,0.0,0.0,70452000.0,237698000.0,0.6277130928,95823000.0,0.2530494648,777812000.0,873635000.0,2.3070960961,801430000.0,72642000.0,0.1918330591,0.61,0.61,116917000,118177000,https://www.sec.gov/Archives/edgar/data/1037540/000119312507044560/0001193125-07-044560-index.htm,https://www.sec.gov/Archives/edgar/data/1037540/000119312507044560/d10k.htm,3.238818991250203,0.6213125550604275,1.239699958089927,-1.0020698444195455,6.207720006500338,32.90140869163595,32.90140869163595,27.568497310057563,35.50328010468965,13080673960.0,16505822960.0,45.0175998733515,34.54345559361243,90.2476436091678,-111.6489041388199,4.058255288335351,4.058255288335351,43.58859216263108,69.44031064628226,113.87881331843082,-140.88395223585042,0.0055533835811622,-0.0089566485915225,1.2878206492501612,0.4281513750046157,14.409666888236334,7.605261623953213,0.0,1.99529197984637,0.0073068100536923,1.3157402053908207,0.0427756930121767,0.0,0.0,1.808316430020284,0.6921565572406799,3.720277635837166,0.0,19.631472278333806,0.0008256459535278,0.0074927112078755,-43.44715481923074,679906000.0,3846734000.0,-5065448000.0,8840309000.0,49590000.0,55454000.0,0.0,13.559667575982443,74.25147876825416,0.0,6.637330856061137,1.212097071910156,0.0,0.0225370482864062,2.2417698025094723,2007-01-30,0.62,bmo,390888258.0,2025-04-25,2006-12-31,-0.032258064516129,109.58698412698412,790465.0793650794
2006-09-30,BXP,USD,1037540,2006-11-09,2006-11-09 17:13:25,2006,Q3,372460000.0,125493000.0,246967000.0,0.6630698599,0,12739000.0,0.0,12739000.0,71756000.0,84495000.0,209988000.0,0.0,0.0,71548000.0,230025000.0,0.6175830962,88901000.0,0.2386860334,-141337000.0,106790000.0,0.286715352,54510000.0,107962000.0,0.2898619986,0.93,0.91,115432000,117728000,https://www.sec.gov/Archives/edgar/data/1037540/000119312506230594/0001193125-06-230594-index.htm,https://www.sec.gov/Archives/edgar/data/1037540/000119312506230594/d10q.htm,3.226661584309377,0.935286575646268,1.0943845727354633,-0.2725067572250329,9.811066255457758,39.529289971585,39.529289971585,33.06300679187747,37.10689410215538,11928742880.0,15163039880.0,27.62254978603583,32.02690995006175,94.42750069264686,-379.2199542217701,3.1255475538113298,3.1255475538113298,40.71051892820706,65.91909522877948,120.03007971375874,-482.03967065106815,0.0090505765013186,-0.0026369920381752,1.122308516455659,0.4380791671989256,14.060632539941311,136.83897667419112,0.0,1.165496498722195,0.0079303411056505,0.8762249680443119,0.0342023304515921,0.0,0.0,1.2490045675113,0.4236240133168662,2.205274780566892,0.0,26.37756990448985,0.0047817060093472,0.0110418717078143,-35.08955055790422,1083180000.0,4562945000.0,-4123410000.0,9018346000.0,38971000.0,3987000.0,0.0,10.17967030016646,5.718725347230523,0.0,8.841150778579568,15.737772761474792,0.0,0.0282880072442787,1.366891329960496,2006-10-24,0.63,bmo,351100000.0,2025-04-25,2006-09-30,0.0,98.48904761904762,700149.2063492064
2006-06-30,BXP,USD,1037540,2006-08-09,2006-08-09 17:05:10,2006,Q2,370349000.0,123002000.0,247347000.0,0.6678754364,0,15796000.0,0.0,15796000.0,99369000.0,115165000.0,238167000.0,0.0,0.0,67912000.0,196247000.0,0.5298974751,53733000.0,0.1450874715,390714000.0,635035000.0,1.7146934378,-493549000.0,625731000.0,1.6895711883,5.33,5.23,113994000,116176000,https://www.sec.gov/Archives/edgar/data/1037540/000119312506167935/0001193125-06-167935-index.htm,https://www.sec.gov/Archives/edgar/data/1037540/000119312506167935/d10q.htm,3.2488464305138867,5.489157324069688,1.5240714423566153,0.1639823148586767,11.093917223713529,38.54861659385582,38.54861659385582,31.312560310191763,38.4529098022703,10305057600.0,13423818600.0,4.117207554044789,27.825261037561862,59.31480473134371,551.2789600385171,2.88702038748892,2.88702038748892,36.24640163737448,68.40266908538729,77.26605807695628,718.120077034184,0.0607207668591779,0.0018139636599411,1.2280346743078194,0.451407628595638,15.892018731496533,-79.78982518169319,0.0,0.2780351658832999,0.0091862659748743,0.1512870546608686,0.0426516610008397,0.0,0.0,0.8924050997208393,0.4186375553869458,2.2829838614677818,0.0,62.1875415147312,0.0116545556373569,0.0644384912192101,-35.30628366405249,411301000.0,4394311000.0,-4909995000.0,8096767000.0,38636000.0,0.0,0.0,8.703304180651223,0.0,0.0,10.340900206623107,0.0,0.0,0.1753020918664083,1.3600891274979383,2006-07-26,0.54,bmo,508736842.0,2025-04-25,2006-06-30,-0.2962962962962963,87.42888888888889,773474.6031746032
2006-03-31,BXP,USD,1037540,2006-05-10,2006-05-10 17:18:40,2006,Q1,356104000.0,124091000.0,232013000.0,0.651531575,0,14642000.0,0.0,14642000.0,67314000.0,81956000.0,206047000.0,0.0,0.0,66847000.0,216168000.0,0.6070361467,75240000.0,0.2112865904,-142726000.0,86122000.0,0.241845079,82320000.0,67737000.0,0.1902169029,0.6,0.59,112509000,115157000,https://www.sec.gov/Archives/edgar/data/1037540/000119312506107823/0001193125-06-107823-index.htm,https://www.sec.gov/Archives/edgar/data/1037540/000119312506107823/d10q.htm,3.165115679634518,0.6020585019865078,0.7374965558310891,0.1411175994809304,0.2863237607658054,32.6537521442729,32.6537521442729,26.119297122896835,70.4144823969638,10491464250.0,18381513250.0,38.72132014261039,29.4617983791252,126.44126845435372,660.7963878566479,3.5701573270229656,3.5701573270229656,51.61838465729113,85.03346124310721,221.53074118710452,1157.7447408200542,0.0064563914422145,0.0015133254636024,2.695879681051474,0.9116107530596114,36.49961603937678,0.0228998142451814,0.0,1.22495829458051,0.0101769397917931,1.576258175000369,0.0411172017163525,0.0,0.0,0.8086532087978306,0.1884224833194797,1.003754843149281,0.0071552130838182,18.810110585052787,0.0004141029398675,0.0077944619586599,-44.02538907998471,-3143472000.0,3673841000.0,-4942888000.0,4696798000.0,47063000.0,1090000.0,0.0,10.47789409835329,0.0,0.0,8.589512277485648,0.0,0.0,0.0230503332135506,0.5963789563501587,2006-04-25,0.5,bmo,321851851.0,2025-04-25,2006-03-31,0.08,83.64032258064516,815988.7258064516
2005-12-31,BXP,USD,1037540,2006-03-16,2006-03-16 17:15:23,2005,Q4,359187000.0,123922000.0,235265000.0,0.6549930816,0,13136000.0,0.0,13136000.0,65727000.0,78863000.0,202785000.0,0.0,0.0,66353000.0,222755000.0,0.6201644269,81598000.0,0.2271741461,161717000.0,438292000.0,1.2202334717,284283000.0,153891000.0,0.4284425661,1.37,1.37,112351000,112509000,https://www.sec.gov/Archives/edgar/data/1037540/000119312506056870/0001193125-06-056870-index.htm,https://www.sec.gov/Archives/edgar/data/1037540/000119312506056870/d10k.htm,3.1970075922777723,1.369734136767808,1.4915399061868608,0.1622593479363779,2.327491522104832,32.54634137657876,32.54634137657876,25.96635543964896,42.95692962234426,8328579629.999999,12893337630.0,13.52999790436088,23.18730808743078,49.7003128729651,456.8611974766867,2.854848081098368,2.854848081098368,35.89589163861721,57.88124904042558,76.94023983147945,707.2593324190894,0.0184774603637907,0.0021888486164356,1.6543303399733869,0.5421314868133962,20.492280756885368,144.11192660550458,0.0,1.0889265779025414,0.0516284911836761,2.794133510081811,0.036571479480048,0.0,0.0,0.8912135389315893,0.4157889901360572,2.250779919521348,0.0,28.288824254385457,0.0032215352740187,0.0172865242146808,-44.01168658934945,311984000.0,3656614000.0,-4931590000.0,8198086000.0,42565500.0,41955000.0,0.0,13.19680277961062,1.5832539823437324,0.0,6.819833675096833,56.84495412844037,0.0,0.0527503422631391,1.329280558250483,2006-01-30,0.48,bmo,250027825.0,2025-04-25,2005-12-31,1.0833333333333337,71.40253968253968,560906.3492063492
2005-09-30,BXP,USD,1037540,2005-11-09,2005-11-09 17:26:25,2005,Q3,361786000.0,124898000.0,236888000.0,0.6547738166,0,13270000.0,0.0,13270000.0,65905000.0,79175000.0,204073000.0,0.0,0.0,65907000.0,222642000.0,0.6153969474,82013000.0,0.2266892583,0.0,0.0,0.0,100162000.0,57551000.0,0.1590747016,0.51,0.5,111776000,114090000,https://www.sec.gov/Archives/edgar/data/1037540/000119312505221763/0001193125-05-221763-index.htm,https://www.sec.gov/Archives/edgar/data/1037540/000119312505221763/d10q.htm,3.236705553965073,0.5148779702261667,0.8919356570283424,0.0792656742055539,4.366563484111079,31.848384268537075,31.848384268537075,25.36150873174921,44.033307686802175,7924918400.000001,12396208400.0,34.425632916891104,21.90498913722477,79.49003881761739,894.4603160270882,2.795575008960043,2.795575008960043,34.26392508278374,55.67776250662499,124.33883065689038,1399.1205869074493,0.0072620306096779,0.0011179925839993,1.736225874909341,0.5359241097016862,20.08286846147627,6.3690199437171175,0.0,1.7285399726060648,0.0118744440321303,1.6351410053691509,0.036679141813116,0.0,0.0,0.9111307261000832,0.2510793673608155,1.3782602758432336,0.0,17.140794850231284,,0.0062665180585825,-45.73055709633553,438810000.0,3559885000.0,-5103463000.0,8382704000.0,30346500.0,40865000.0,0.0,8.075685626309475,58.89365722429503,0.0,11.144564581215535,1.528178147559036,0.0,0.0203015512867185,0.8126699828227885,2005-10-25,0.59,bmo,423738000.0,2025-04-25,2005-09-30,-0.1525423728813559,72.20796875,486270.3125
2005-06-30,BXP,USD,1037540,2005-08-09,2005-08-09 17:16:44,2005,Q2,360604000.0,120555000.0,240049000.0,0.6656859048,0,14252000.0,0.0,14252000.0,80115000.0,94367000.0,214922000.0,0.0,0.0,67219000.0,110828000.0,0.3073399075,67449000.0,0.1870445142,-70254000.0,169522000.0,0.4701057115,-19808000.0,165490000.0,0.4589244712,1.46,1.43,110764000,113103000,https://www.sec.gov/Archives/edgar/data/1037540/000119312505162822/0001193125-05-162822-index.htm,https://www.sec.gov/Archives/edgar/data/1037540/000119312505162822/d10q.htm,3.2556065147520856,1.4940774981040772,1.095382976418331,0.3034650247372792,4.804647719475642,34.825845942725074,34.825845942725074,27.641499043010363,44.22697807952042,7753480000.0,12145055000.0,11.712913166958728,21.501369923794524,63.90458999909337,230.66908636539435,2.532424160175956,2.532424160175956,33.679756741467095,109.5847168585556,100.10018214936248,361.3201737423021,0.0213439642586296,0.0043352146391039,1.6000209688592844,0.5368722042683621,39.62513985635399,-190.0990502035278,0.0,0.7331854824089629,0.0115385607494957,0.5406006405220859,0.0395225787844838,0.0,0.0,0.722959885929992,0.2432474404055418,1.304928666002172,0.0,30.483063970270628,0.0088038292591848,0.0181366377398126,-42.55732458199415,563360000.0,3857450000.0,-4706762000.0,8448712000.0,27836000.0,6875000.0,0.0,7.045678916484565,0.0,0.0,12.773786751682607,0.0,0.0,0.0540519707624858,0.7919179516810516,2005-08-09,,amc,,2025-04-25,2005-06-30,,65.9225,502343.75
2005-03-31,BXP,USD,1037540,2005-05-10,2005-05-10 17:06:51,2005,Q1,356189000.0,120887000.0,235302000.0,0.6606099571,0,14813000.0,0.0,14813000.0,67983000.0,82796000.0,203683000.0,0.0,0.0,68162000.0,220533000.0,0.6191460152,73152000.0,0.2053741132,2551000.0,75568000.0,0.212157029,91264000.0,61242000.0,0.1719368088,0.56,0.55,110187000,112364000,https://www.sec.gov/Archives/edgar/data/1037540/000119312505102963/0001193125-05-102963-index.htm,https://www.sec.gov/Archives/edgar/data/1037540/000119312505102963/d10q.htm,3.2325864212656668,0.5558005935364426,0.7591367402688157,0.1523682467078693,1.899561654278635,33.70637189505114,33.70637189505114,26.604517774329096,45.47737936417182,6636563010.0,11438272010.0,27.09155077397864,18.63213914522908,79.34011990866378,395.2923348621121,2.263901210722804,2.263901210722804,32.11292883834144,51.86648714704829,136.74455760517412,681.2956108166061,0.0092279693431253,0.0025297733140937,1.7093855919483454,0.550782694772945,21.77319947581541,17.218109090909092,0.0,1.3658437020345515,0.0134751979097083,1.4602560334411026,0.0415874718197361,0.0,0.0,0.7992874819180604,0.1877037190929534,0.9808691059534638,0.0064712835039824,18.24015220108556,-0.0017943426996138,0.0067313761906337,-46.77592184195958,222999000.0,3714004000.0,-5147238000.0,8387970000.0,26471000.0,8386500.0,0.0,6.933903068314855,10.23683274462928,0.0,12.979702645579769,8.791781818181818,0.0,0.0208912109684145,0.6067684935609464,2005-07-26,0.54,bmo,141070072.0,2025-04-25,2005-03-31,1.537037037037037,60.15262295081967,431378.68852459016
2004-12-31,BXP,USD,1037540,2005-03-15,2005-03-15 12:28:45,2004,Q4,362615000.0,124035000.0,238580000.0,0.6579429974,0,15541000.0,0.0,15541000.0,74993000.0,90534000.0,214569000.0,0.0,0.0,68735000.0,216781000.0,0.5978268963,74926000.0,0.2066268632,515344000.0,284017000.0,0.7832466942,221708000.0,62347000.0,0.1719371786,0.57,0.57,109356000,110187000,https://www.sec.gov/Archives/edgar/data/1037540/000119312505050590/0001193125-05-050590-index.htm,https://www.sec.gov/Archives/edgar/data/1037540/000119312505050590/d10k.htm,3.3159131643439776,0.570128753794945,1.150755331211822,0.6004883133984418,2.1886682029335383,34.039293683016936,34.039293683016936,26.848760013168,45.83026079959033,7072052520.0,11844522520.0,28.35762955715592,19.5029232657226,56.19787129893041,107.69568459043356,2.408677345556463,2.408677345556463,32.66418245246336,54.63819486025067,94.12217320131592,180.37252379429543,0.0088159695963343,0.0092854231235262,1.7069786752577336,0.5529833300011873,22.01516738090515,87.60965927886205,0.0,2.0184130752081093,0.0125259250761333,1.4208221726787176,0.0428581277663637,0.0,0.0,0.4781789863479601,0.1659473546323235,0.8754637375427365,0.0,18.558370805732327,0.0018142660307865,0.0068791163589837,-46.47534657449066,261821000.0,3722401000.0,-5075983000.0,8409679000.0,19218000.0,1511500.0,0.0,6.329026653613337,2.193493771919216,0.0,14.220196078431371,41.03043334435991,0.0,0.0212348262458051,0.5502670178133802,2005-03-15,,amc,,2025-04-25,2004-12-31,,60.39578125,357581.25
2004-09-30,BXP,USD,1037540,2004-11-09,2004-11-09 17:18:04,2004,Q3,359716000.0,123104000.0,236612000.0,0.6577744665,0,13002000.0,0.0,13002000.0,66523000.0,79525000.0,202629000.0,0.0,0.0,66560000.0,224752000.0,0.6248040121,79389000.0,0.2206991071,0.0,0.0,0.0,88545000.0,68542000.0,0.1905447631,0.63,0.62,108339000,110581000,https://www.sec.gov/Archives/edgar/data/1037540/000119312504191503/0001193125-04-191503-index.htm,https://www.sec.gov/Archives/edgar/data/1037540/000119312504191503/d10q.htm,3.32028170834141,0.6326622915109056,0.8591365990086672,0.3001043022364984,1.974109046603716,34.00004615143208,34.00004615143208,26.7011233258568,46.2997535513527,6000897210.0,10803093210.0,21.88766453415424,16.68231941309255,64.47170341004319,184.5691634115585,2.0744445589059355,2.0744445589059355,30.03228438545964,48.06672781554781,116.0649477857281,332.2699600159936,0.0114219586840748,0.0054180231492417,1.7340002136358434,0.5565732998950115,21.36664412330035,-80.48580553584102,0.0,1.356644172047399,0.0147284642457656,1.2894867380584167,0.036145181198501,0.0,0.0,0.6506908184533402,0.168368935493556,0.9099308894230768,0.0,19.49584217360632,,0.0076052875511488,-47.12345508081116,229627000.0,3683531000.0,-5102074000.0,8372540000.0,12286500.0,220000.0,0.0,3.236553280921616,0.0,0.0,27.807359307359302,0.0,0.0,0.0236942200442274,0.5590322967721688,2004-10-26,0.58,bmo,359100000.0,2025-04-25,2004-09-30,0.0,53.56796875,319921.875
2004-06-30,BXP,USD,1037540,2004-08-09,2004-08-09 17:23:01,2004,Q2,345133000.0,115240000.0,229893000.0,0.6660997355,0,12493000.0,0.0,12493000.0,60737000.0,73230000.0,188470000.0,0.0,0.0,60853000.0,216689000.0,0.6278420203,81874000.0,0.2372244903,2204000.0,83251000.0,0.2412142565,69545000.0,87118000.0,0.2524186328,0.81,0.79,107216000,109016000,https://www.sec.gov/Archives/edgar/data/1037540/000119312504136104/0001193125-04-136104-index.htm,https://www.sec.gov/Archives/edgar/data/1037540/000119312504136104/d10q.htm,3.2190437994329204,0.8125466348306223,1.1446612445903597,0.3500596925831965,2.123731532607074,34.13819765706611,34.13819765706611,26.63771265482764,46.58542568273392,5369377280.0,10136382280.0,15.408346380770908,15.557414909614554,43.75093525414337,143.06131514441012,1.8800413026800875,1.8800413026800875,29.36949604934909,46.7784810488765,82.59360102993661,270.0730651177662,0.016224972740228,0.0069900098359264,1.7488523240110518,0.5560626287328132,21.99929391893451,543.9431818181819,0.0,1.4104329238159816,0.0158506276541625,0.97692784499185,0.036197639750473,0.0,0.0,0.6941805322425566,0.2468439702955092,1.3999967133912872,0.0,22.06804556340386,0.0015872284658223,0.0096988878197452,-47.43396741158036,238895000.0,3660161000.0,-5082771000.0,8408399000.0,13299500.0,10638000.0,0.0,3.0345692819869443,0.3436306837903505,0.0,29.65824525221277,261.90909090909093,0.0,0.0305036188864873,0.7946015520071631,2004-07-20,0.73,bmo,403972580.0,2025-04-25,2004-06-30,-0.1506849315068493,48.14645161290323,541879.0322580645
2004-03-31,BXP,USD,1037540,2004-05-10,2004-05-10 17:04:32,2004,Q1,333654000.0,112710000.0,220944000.0,0.6621949684,0,12600000.0,0.0,12600000.0,62735000.0,75335000.0,188045000.0,0.0,0.0,56793000.0,201657000.0,0.6043895772,71304000.0,0.2137064144,7883000.0,78442000.0,0.235099834,79561000.0,66048000.0,0.1979535687,0.65,0.64,100890000,103490000,https://www.sec.gov/Archives/edgar/data/1037540/000119312504083784/0001193125-04-083784-index.htm,https://www.sec.gov/Archives/edgar/data/1037540/000119312504083784/d10q.htm,3.3071067499256617,0.6546535831103182,0.8708494399841411,0.159678858162355,1.805441570026762,35.67563683219348,35.67563683219348,27.231777183070676,48.67440777083953,5479335900.0,10207945900.0,20.739976607921516,16.422209534427882,62.3643967675848,340.1201675977654,1.9943612065746188,1.9943612065746188,30.59440588154196,50.620339983238864,116.18422376508082,633.6403414028554,0.0120540155240345,0.002940137325766,1.787412090059962,0.5557023368131958,23.44877688352004,9.460213092724132,0.0,1.3302446705426356,0.0147351798600264,1.2224291424418603,0.037763671348163,0.0,0.0,0.8166401092647394,0.215043128510373,1.263359921117039,0.0,20.0278821001018,-0.000122031661242,0.0074740000463956,-49.998488452770346,176277000.0,3599315000.0,-5040607000.0,8251775000.0,16693500.0,14146500.0,0.0,4.035857505080113,16.637742879957415,0.0,22.30009357037829,5.409387598387406,0.0,0.0240400609445827,0.711170581821786,2004-05-10,,amc,,2025-04-25,2004-03-31,,51.063870967741934,427866.12903225806
2003-12-31,BXP,USD,1037540,2004-02-26,2004-02-25 22:01:01,2003,Q4,335409000.0,114436000.0,220973000.0,0.6588165493,0,11749000.0,0.0,11749000.0,54577000.0,66326000.0,180762000.0,0.0,0.0,56329000.0,210976000.0,0.6290111476,78172000.0,0.2330647061,287150000.0,365322000.0,1.0891836534,305251000.0,60255000.0,0.1796463422,0.6,0.6,97959000,100890000,https://www.sec.gov/Archives/edgar/data/1037540/000119312504029645/0001193125-04-029645-index.htm,https://www.sec.gov/Archives/edgar/data/1037540/000119312504029645/d10k.htm,3.423973294949928,0.6151042783205218,1.5235455649812677,-0.3946242815871946,0.2315866842250329,32.97600016333364,32.97600016333364,24.50170989903939,51.08994579364836,4720644210.0,9702678210.0,19.586109907891466,14.07429201363112,31.630166571744446,-122.11615515947952,1.9668015088975208,1.9668015088975208,28.927900593007344,45.98948795123616,65.01174719421086,-250.9940815376258,0.0127641477136443,-0.0081889247061048,2.0851583829931557,0.5852720702599665,23.61422152282724,5.513074963121899,0.0,2.4768898846568748,0.0169091328321055,1.3247365363870218,0.0350288751941659,0.0,0.0,1.259017052497571,0.5602175254689051,3.3357950611585507,0.0066187848268829,18.414665301438877,0.001504517229558,0.0070464618587082,-53.94398932206331,33654000.0,3230296000.0,-5279693000.0,8015479000.0,20119000.0,3728500.0,0.0,4.943963936566997,5.864675451780909,0.0,18.20401628222524,15.34611774171919,0.0,0.0251045449829865,1.9181698465684625,2004-04-27,0.54,bmo,279703125.0,2025-04-25,2003-12-31,0.1851851851851851,46.01828125,262126.5625
2003-09-30,BXP,USD,1037540,2003-11-13,2003-11-13 10:23:12,2003,Q3,331169000.0,120233000.0,210936000.0,0.6369436753,0,11183000.0,0.0,11183000.0,52570000.0,63753000.0,183986000.0,0.0,0.0,53455000.0,199420000.0,0.6021698891,71840000.0,0.2169285169,-139401000.0,73181000.0,0.2209778089,90213000.0,56970000.0,0.1720269711,0.59,0.57,97360000,99183000,https://www.sec.gov/Archives/edgar/data/1037540/000104746903037169/0001047469-03-037169-index.htm,https://www.sec.gov/Archives/edgar/data/1037540/000104746903037169/a2122569z10-q.htm,3.40148931799507,0.5851479046836483,0.9160538208709944,-0.0576109285127362,0.386411257189811,32.98349424815119,32.98349424815119,24.46070254724733,50.53762325390304,4232239200.0,9114961200.0,18.572227488151658,12.779696167213718,47.45354367789027,-754.5443394544482,1.7771362010569836,1.7771362010569836,27.523594297775457,45.7073573362752,102.200558377342,-1625.0599393831342,0.013460959390008,-0.0013253031633939,2.0660740694706767,0.5851522032952952,24.484615384615385,-4.235604332953249,0.0,1.5745736379365136,0.0189490707425043,1.4077058100754782,0.0337682572946139,0.0,0.0,1.0628903315505622,0.2862465991684004,1.7733794780656629,0.0,17.945623392871155,-0.0020942278413837,0.0067751620205609,-52.828689913722265,73466000.0,3211273000.0,-5137948000.0,7895169000.0,21499000.0,0.0,0.0,5.928000507293859,0.0,0.0,15.18218493558887,0.0,0.0,0.0239219582329411,0.9736647493837304,2003-11-13,,amc,,2025-04-25,2003-09-30,,43.34484375,298482.8125
2003-06-30,BXP,USD,1037540,2003-08-14,2003-08-14 17:14:56,2003,Q2,323370000.0,107947000.0,215423000.0,0.6661811547,0,11028000.0,0.0,11028000.0,51733000.0,62761000.0,170708000.0,0.0,0.0,50742000.0,202247000.0,0.6254352599,77215000.0,0.2387822,-135892000.0,80761000.0,0.2497479667,89426000.0,63236000.0,0.1955530816,0.66,0.64,96531000,98213000,https://www.sec.gov/Archives/edgar/data/1037540/000104746903027787/0001047469-03-027787-index.htm,https://www.sec.gov/Archives/edgar/data/1037540/000104746903027787/a2116856z10-q.htm,3.349908319607173,0.6550848950078213,1.4879365178025712,0.6349462866851063,1.6428608426308646,33.05738053060675,33.05738053060675,24.178802664429043,49.92470812485109,4228057799.999999,8888752800.0,16.715390758428743,13.074984692457557,29.43673972373844,68.98221301311753,1.8115040933948696,1.8115040933948696,27.487870860005568,43.94998590832002,61.88560209424084,145.02305031651764,0.014956276141731,0.0144964905635869,2.0648130851532387,0.5823054976016193,23.044569264315417,-5.176125075580893,0.0,2.266203849794888,0.0181925138298724,1.2163799101777468,0.0341033491047407,0.0,0.0,0.5732705803720619,0.2546309181433033,1.6227188522328644,0.0,18.87806370126323,-0.0010432298733642,0.0076406963623079,-50.87144285255514,214503000.0,3191062000.0,-4905375000.0,7847340000.0,22189000.0,0.0,0.0,5.896187030336766,0.0,0.0,15.264101958933209,0.0,0.0,0.0270933554526898,0.8529902311174649,2003-10-21,0.55,bmo,375947916.0,2025-04-25,2003-06-30,-0.1272727272727273,41.35936507936508,358611.1111111111
2003-03-31,BXP,USD,1037540,2003-05-14,2003-05-14 14:37:40,2003,Q1,319680000.0,110273000.0,209407000.0,0.6550519269,0,11399000.0,0.0,11399000.0,52230000.0,63629000.0,173902000.0,0.0,0.0,49951000.0,194504000.0,0.6084334334,72133000.0,0.2256412663,0.0,0.0,0.0,-39267000.0,185045000.0,0.5788444695,1.93,1.91,95733000,96755000,https://www.sec.gov/Archives/edgar/data/1037540/000104746903018408/0001047469-03-018408-index.htm,https://www.sec.gov/Archives/edgar/data/1037540/000104746903018408/a2110858z10-q.htm,3.3392873930619538,1.9329280394430344,1.1094502418183907,0.5115895250331651,4.015522338169701,33.10253517595813,33.10253517595813,24.117315868091463,52.020860100487816,3628280700.0,8223975700.0,4.901889675484341,11.349726914414417,34.16106335501973,74.0828303658935,1.5714849947354128,1.5714849947354128,25.725649712212213,42.28178186566857,77.43054580034084,167.91848456386802,0.0510007398269929,0.013498404354437,2.1569921124313125,0.592253382605794,23.62776600995352,-22.88792183727329,0.0,0.5739738982409684,0.0211871700003806,0.4154286795103893,0.0356575325325325,0.0,0.0,0.538880153656401,0.1790384134134134,1.1458229064483194,0.0018518518518518,32.38646803442163,,0.0220062330281038,-50.535721746942016,425420000.0,3169005000.0,-4832138000.0,7960228000.0,21825500.0,0.0,0.0,6.5295608108108105,0.0,0.0,13.78346915017462,0.0,0.0,0.0801468973585242,0.5978607167852256,2003-05-14,,amc,,2025-04-25,2003-03-31,,36.57754098360656,353526.2295081967
2002-12-31,BXP,USD,1037540,2003-02-27,2003-02-27 10:34:25,2002,Q4,362435000.0,137357000.0,225078000.0,0.6210161822,0,12703000.0,0.0,12703000.0,66675000.0,79378000.0,216735000.0,0.0,0.0,54155000.0,199855000.0,0.5514230138,74452000.0,0.2054216618,369931000.0,444383000.0,1.2261039911,185093000.0,259290000.0,0.7154110392,2.71,2.71,95341000,95733000,https://www.sec.gov/Archives/edgar/data/1037540/000104746903006975/0001047469-03-006975-index.htm,https://www.sec.gov/Archives/edgar/data/1037540/000104746903006975/a2104055z10-k.htm,3.801460022445747,2.719606465214336,1.3193694213402418,0.5617100722669156,0.5797610681658468,31.509749215972143,31.509749215972143,22.651220356404902,52.87900273754209,3514269260.0,8500531260.0,3.388357881136951,9.696274531985043,27.93758852055013,65.62104156552265,1.627285392134618,1.627285392134618,23.45394694221033,42.5334930824848,67.57716241354639,158.72822310191583,0.0737820527730422,0.015239014440231,2.3344880278200955,0.5982455863469766,24.94939831377749,-10.261924119241192,0.0,0.4840981511984114,0.021782906868098,0.2952331366423695,0.0350490432767254,0.0,0.0,0.5742586851101041,0.1993074620276739,1.3338749884590526,0.0032750700125539,37.22974778105743,0.0051504014740046,0.0307682157413319,-56.139682822710064,83113000.0,3004171000.0,-5347299000.0,7930891000.0,34587000.0,0.0,0.0,5.080138507594465,0.0,0.0,17.716052400039104,0.0,0.0,0.120064456679277,0.7576593490733262,2003-02-27,,amc,,2025-04-25,2002-12-31,,36.4965625,365240.625
2002-09-30,BXP,USD,1037540,2002-11-12,2002-11-12 17:09:21,2002,Q3,308053000.0,93741000.0,214312000.0,0.6956984675,0,9956000.0,0.0,9956000.0,153689000.0,163645000.0,163645000.0,0.0,0.0,45534000.0,178726000.0,0.5801793847,145298000.0,0.47166559,-73631000.0,71667000.0,0.2326450319,72741000.0,71667000.0,0.2326450319,0.75,0.74,94904000,96181000,https://www.sec.gov/Archives/edgar/data/1037540/000091205702042065/0000912057-02-042065-index.htm,https://www.sec.gov/Archives/edgar/data/1037540/000091205702042065/a2093356z10-q.htm,3.2459432689876087,0.7551525752339205,1.183532833178791,-11.032569754699486,0.3033907949085391,29.087551631121976,29.087551631121976,20.613419876928265,47.06537132259968,3530428800.0000005,7968327800.0,12.31539202143246,11.460459076847169,31.43132066736704,-3.3718345614043472,1.8046496031275432,1.8046496031275432,25.86674306044739,44.5840437317458,70.94182617830879,-7.610373865248057,0.0202998004095139,-0.2965744557714915,2.28323934619301,0.5266508790205292,24.830740910667725,0.0703348457350272,0.0,1.5713546257047328,0.021354629783215,1.0519625490114,0.0323191139187087,0.0,0.0,10.321726821103614,3.763498488896391,25.461347564457327,0.0,18.71473309587691,-0.0003107461504748,0.0084499868239771,-59.59137654893366,-1024491000.0,2760525000.0,-5643281000.0,6905291000.0,24358000.0,26327500.0,0.0,14.232745663895498,0.0,0.0,6.323446095738566,0.0,0.0,0.0366340267525977,12.216102587878275,2002-11-12,,amc,,2025-04-25,2002-09-30,,37.63859375,387792.1875
2002-06-30,BXP,USD,1037540,2002-08-14,2002-08-14 18:03:05,2002,Q2,290015000.0,86866000.0,203149000.0,0.7004775615,0,13564000.0,0.0,13564000.0,43796000.0,57360000.0,144226000.0,0.0,0.0,43796000.0,178055000.0,0.6139510025,78462000.0,0.270544627,-69707000.0,56418000.0,0.1945347654,-43796000.0,56418000.0,0.1945347654,0.6,0.59,91357000,93016000,https://www.sec.gov/Archives/edgar/data/1037540/000091205702032278/0000912057-02-032278-index.htm,https://www.sec.gov/Archives/edgar/data/1037540/000091205702032278/a2087056z10-q.htm,3.174524119662423,0.6175553050122049,1.0088553695940103,0.0874481429994417,0.8936370502534015,28.593758551616187,28.593758551616187,19.55526122792999,48.3348183499896,3642403590.0,7976487590.0,16.140254838881205,12.559362757098771,39.52003547946097,455.9273488546752,2.038837504408036,2.038837504408036,27.50370701515439,44.7978859902839,86.54479515222533,998.4337952184252,0.015489222598751,0.0021933319036729,2.47170404867591,0.6000708551856714,24.341265339361435,0.077310606060606,0.0,1.628259486962052,0.0200024511836152,1.291378638023326,0.0467699946554488,0.0,0.0,0.91331944534861,0.2902505042842611,1.9220248424513653,0.0,16.483938986925185,0.0234702084216285,0.0076668735427905,-51.06112284772924,-974360000.0,2612240000.0,-4664791000.0,5837373000.0,0.0,54390000.0,0.0,0.0,54.55471645983469,0.0,0.0,1.6497198746557782,0.0,0.0315800079484581,0.9214072265945684,2002-08-14,,amc,,2025-04-25,2002-06-30,,40.06625,270237.5
2002-03-31,BXP,USD,1037540,2002-05-15,2002-05-15 16:47:34,2002,Q1,274320000.0,85089000.0,189231000.0,0.6898184602,0,11069000.0,0.0,11069000.0,47241000.0,58310000.0,143399000.0,0.0,0.0,42944000.0,167486000.0,0.610549723,67134000.0,0.2447287839,56438000.0,57008000.0,0.2078156897,130351000.0,57008000.0,0.2078156897,0.61,0.6,90932000,92783000,https://www.sec.gov/Archives/edgar/data/1037540/000091205702020829/0000912057-02-020829-index.htm,https://www.sec.gov/Archives/edgar/data/1037540/000091205702020829/a2080047z10-q.htm,3.016759776536313,0.6269300136365635,1.1778251880526107,-0.1037038666256103,0.7808802181850174,28.646867989266703,28.646867989266703,19.522610302203844,47.961476707869615,3601816520.0,7892042520.0,15.795224003648611,13.12998148148148,33.62977834214114,-381.95297136797456,2.0289295020926867,2.0289295020926867,28.76947550306212,47.12061020025554,73.68716289144928,-836.9080084835631,0.0158275691400293,-0.0026181233684829,2.45671434124029,0.5973152790591164,25.615430543448408,0.0666732394366197,0.0,1.8787187763120965,0.0201376165602127,1.2723126578725792,0.0403506853310002,0.0,0.0,1.0880469085544622,0.4248031496062992,2.713580476900149,0.0008858267716535,16.594712492751853,-0.0146673319930473,0.0078078262336825,-50.867329432982885,-993993000.0,2604917000.0,-4625468000.0,5790559000.0,21773000.0,28836000.0,0.0,0.0,59.36431266086098,0.0,0.0,1.5160623608017818,0.0,0.0321130219746173,1.281529054678221,2002-07-23,0.62,bmo,297705084.0,2025-04-25,2002-03-31,-0.0483870967741935,38.04483333333334,339806.6666666667
2001-12-31,BXP,USD,1037540,2002-03-01,2002-03-01 00:00:00,2001,Q4,266094000.0,83611000.0,182483000.0,0.6857839711,0,8663000.0,0.0,8663000.0,38150000.0,46813000.0,130424000.0,0.0,0.0,40230000.0,175900000.0,0.6610445933,73860000.0,0.2775710839,134172000.0,208032000.0,0.7817989132,151104000.0,56928000.0,0.2139394349,0.63,0.63,90455286,90932000,https://www.sec.gov/Archives/edgar/data/1037540/000091205702008389/0000912057-02-008389-index.htm,https://www.sec.gov/Archives/edgar/data/1037540/000091205702008389/a2072119z10-k.htm,2.9417186299095888,0.6293496214251094,1.0932804966201757,-0.7205438496982918,1.131653046788222,28.73036076631276,28.73036076631276,19.391603051257835,47.70248584477418,3437300868.0,7654175868.0,15.09494830311973,12.91761884146204,34.75777727442792,-52.73794234162358,1.9596110697787377,1.9596110697787377,28.76493219689283,43.514359681637295,77.39856074747455,-117.4367624775611,0.016561832142766,-0.0189616802552182,2.45995577151008,0.5948764115579905,23.97313814667425,0.1306392988929889,0.0,1.7371592186621698,0.0210246361244627,1.2694631815626756,0.0325561643629694,0.0,0.0,1.659065859059792,0.6165866197659474,4.078299776286354,0.0021721647237442,16.570823934872404,0.0032760793544048,0.0078483382527907,-49.965830631501184,-942387000.0,2598813000.0,-4513084000.0,5795665000.0,21773000.0,773500.0,0.0,14.728404248122844,1.6652115152312494,0.0,6.110641620355486,54.04718810601164,0.0,0.0324547496027816,1.8138243463184671,2002-03-01,,amc,,2025-04-25,2001-12-31,,36.93078125,304570.3125
2001-09-30,BXP,USD,1037540,2001-11-14,2001-11-14 00:00:00,2001,Q3,277159000.0,81475000.0,195684000.0,0.7060351639,0,9819000.0,0.0,9819000.0,103373000.0,113192000.0,113192000.0,0.0,0.0,38518000.0,224383000.0,0.8095822254,147347000.0,0.5316334667,-93398000.0,53168000.0,0.1918321252,110799000.0,53168000.0,0.1918321252,0.57,0.56,90519000,92828000,https://www.sec.gov/Archives/edgar/data/1037540/000091205701539563/0000912057-01-539563-index.htm,https://www.sec.gov/Archives/edgar/data/1037540/000091205701539563/a2063700z10-q.htm,3.061887559517891,0.5873683977949381,1.311315856339553,-0.1083971320938145,1.8262243285939967,28.68550249118969,28.68550249118969,19.325787956119708,46.90101525646549,3437911619.9999995,7522333620.0,16.165323220734276,12.404113234641486,28.963273658581787,-350.3782735426008,1.965249752622544,1.965249752622544,27.1408600117622,33.52452556566228,63.37318444131795,-766.6463126783531,0.0154652026802248,-0.0028540582436496,2.426861733294233,0.5901745473461466,18.202903071979605,0.1465068243858052,0.0,2.2325270839602767,0.0209438193760199,1.3542544387601565,0.0354273178933392,0.0,0.0,1.0826628699483567,0.4636724768093405,3.336388182148606,0.0,15.981412169392032,-0.0276941468494696,0.0073910954037668,-48.95800881582872,-937989000.0,2596583000.0,-4435927000.0,5676962000.0,0.0,30624000.0,0.0,0.0,0.0,0.0,0.0,0.0,0.0,0.0303929857415693,1.4197129884333677,2002-01-23,0.61,bmo,,2025-04-25,2001-09-30,-0.0655737704918033,39.314745762711865,319716.9491525424
2001-06-30,BXP,USD,1037540,2001-08-13,2001-08-13 00:00:00,2001,Q2,256269000.0,76865000.0,179404000.0,0.7000612638,0,9880000.0,0.0,9880000.0,43175000.0,53055000.0,129920000.0,0.0,0.0,36675000.0,162065000.0,0.6324018902,70479000.0,0.2750196083,-69721000.0,50686000.0,0.1977843594,-43175000.0,50686000.0,0.1977843594,0.54,0.53,89990000,92274000,https://www.sec.gov/Archives/edgar/data/1037540/000091205701528111/0000912057-01-528111-index.htm,https://www.sec.gov/Archives/edgar/data/1037540/000091205701528111/a2056199z10-q.htm,2.8477497499722197,0.5632403600400044,1.0289032114679408,-8.844549394377154,1.8897766418490944,28.79942215801756,28.79942215801756,19.33317035226136,46.423713745971774,3680591000.0,7692497000.0,18.15388371542437,14.362217045370295,39.75106651834412,-4.624316986233558,2.115535075457296,2.115535075457296,30.01727481669652,47.46550458149508,83.08039658282122,-9.664900159689216,0.0137711579471883,-0.2162481514517641,2.4012468157113034,0.5889603366333507,24.75491932249406,0.1540557620817844,0.0,1.826756895395178,0.017974830672574,1.3052519433374108,0.0385532389793537,0.0,0.0,9.596094652828029,3.46710682915218,24.22663940013633,0.0,15.652715137421197,0.0228890904640088,0.0071456203152948,-48.13395932881431,-910236000.0,2591660000.0,-4335872000.0,5607860000.0,12221500.0,59895000.0,0.0,0.0,71.71430429974632,0.0,0.0,1.254979754440961,0.0,0.0291333676669394,9.873452605845094,2001-08-13,,amc,,2025-04-25,2001-06-30,,39.32888888888888,272450.79365079367
2001-03-31,BXP,USD,1037540,2001-05-15,2001-05-15 00:00:00,2001,Q1,233456000.0,70343000.0,163113000.0,0.6986884038,0,9950000.0,0.0,9950000.0,34740000.0,44690000.0,115033000.0,0.0,0.0,34740000.0,152425000.0,0.6529067576,70570000.0,0.3022839422,0.0,0.0,0.0,71173000.0,47250000.0,0.2023935988,0.51,0.5,88688000,91171000,https://www.sec.gov/Archives/edgar/data/1037540/000092701601501078/0000927016-01-501078-index.htm,https://www.sec.gov/Archives/edgar/data/1037540/000092701601501078/d10q.txt,2.6323290636839256,0.5327665524084431,1.231508208551326,-0.3636568645138012,2.794955349088941,28.689664892657404,28.689664892657404,19.42601028324012,38.904327530218296,3410053600.0000005,6618581600.0,18.042611640211643,14.606836406003705,31.22187877678081,-105.73153912935634,1.9793050368748604,1.9793050368748604,28.350445480090467,43.42189010989011,60.59862296282732,-205.21460994667,0.0138560871887761,-0.0094579158521144,2.002692625144092,0.5467993348419251,21.049880268984747,0.2626055930568949,0.0,2.311534391534392,0.0193864987928635,1.3991322751322752,0.0426204509629223,0.0,0.0,1.2952939022157115,0.6059899938318142,4.07230857800806,0.0,15.25989488257334,,0.007488020356005,-39.45786070268807,-764678000.0,2544429000.0,-3493328000.0,4903357000.0,25647500.0,57940000.0,0.0,9.423060448221507,74.90126949376626,0.0,9.551037106738123,1.201581770352909,0.0,0.0274254231641218,1.5951650730651272,2001-05-15,,amc,,2025-04-25,2001-03-31,,40.46064516129032,336901.6129032258
2000-12-31,BXP,USD,1037540,2001-03-30,2001-03-30 00:00:00,2000,Q4,228527000.0,67335000.0,161192000.0,0.7053521028,0,9791000.0,0.0,9791000.0,35754000.0,45545000.0,112880000.0,0.0,0.0,36088000.0,151735000.0,0.6639696841,64459000.0,0.282062951,-261000.0,64198000.0,0.280920854,70832000.0,44815000.0,0.1961037427,0.51,0.51,88688000,88688000,https://www.sec.gov/Archives/edgar/data/1037540/000092701601500108/0000927016-01-500108-index.htm,https://www.sec.gov/Archives/edgar/data/1037540/000092701601500108/d10k405.txt,2.576752209994588,0.5053107523001984,1.0766958325816345,-2.211742287569908,3.2469894461482958,28.47557730470864,28.47557730470864,18.578917102651992,38.50454401948404,3857928000.0,6991862000.0,21.52141024210644,16.881716383622067,40.40138234370091,-19.6677525426321,2.3413635875360423,2.3413635875360423,30.595343219838355,46.07942795004448,73.22088176772436,-35.64457699268436,0.0116163391333378,-0.0508446502889634,2.0724859154459447,0.5484473546006003,20.65399545259828,0.2958843984962406,0.0,2.1103695190947667,0.0147229289919355,1.2674327792033917,0.0428439527933242,0.0,0.0,3.054194156456173,1.2761949353905666,8.081495233872756,0.0,14.53385179525518,-0.0013686686398265,0.0071974971372222,-38.25681039148476,-749179000.0,2525442000.0,-3386207000.0,4776881000.0,33445500.0,27831500.0,0.0,10.575030521557627,76.63800400980175,0.0,8.510613734544913,1.1743520876207751,0.0,0.0271980734672673,3.2884381201515427,2001-03-30,,amc,,2025-04-25,2000-12-31,,41.52301587301588,341536.5396825397
2000-09-30,BXP,USD,1037540,2000-11-14,2000-11-14 00:00:00,2000,Q3,223313000.0,0.0,223313000.0,1.0,0,9871000.0,0.0,9871000.0,100590000.0,110461000.0,110461000.0,0.0,0.0,32436000.0,145288000.0,0.6506025175,112852000.0,0.5053534725,-604000.0,112248000.0,0.5026487486,74679000.0,38173000.0,0.1709394437,0.53,0.52,68752000,70661000,https://www.sec.gov/Archives/edgar/data/1037540/000091205700050127/0000912057-00-050127-index.htm,https://www.sec.gov/Archives/edgar/data/1037540/000091205700050127/a2030627z10-q.txt,3.248094600884338,0.555227484291366,1.271381196183384,-0.3578514079590412,0.385370607400512,27.205623109145915,27.205623109145915,15.942459855713288,50.225957063067256,2952210880.0,6392915880.0,19.334417520236816,13.22005830381572,33.77429218624871,-119.99393895053448,2.6934362945635155,2.6934362945635155,28.627602871306195,44.00167859699356,73.13712252602677,-259.8429411047433,0.0129303093686857,-0.0083337542608067,3.1504521584269702,0.6154095521444304,23.681962722317053,0.0555839598997493,0.0,2.238985655737705,0.0190856962088019,1.4760432766615146,0.0442025318723047,0.0,0.0,1.281466651412882,0.5015964140018718,3.45335429769392,0.0,14.112514562608434,0.0090550648596783,0.0068031017710021,-53.58610294973237,-1130466000.0,1870441000.0,-3674142000.0,4098156000.0,36189500.0,-3782500.0,0.0,16.136588555077402,0.0,0.0,5.577387047628562,0.0,0.0,0.0348269645535528,1.629232604142425,2000-11-14,,amc,,2025-04-25,2000-09-30,,40.93222222222222,189061.9047619048
2000-06-30,BXP,USD,1037540,2000-08-14,2000-08-14 00:00:00,2000,Q2,217259000.0,0.0,217259000.0,1.0,0,8589000.0,0.0,8589000.0,96430000.0,105019000.0,105019000.0,0.0,0.0,32395000.0,144635000.0,0.6657261609,112240000.0,0.516618414,297000.0,112537000.0,0.5179854459,75717000.0,36523000.0,0.1681081106,0.51,0.5,67991000,69582000,https://www.sec.gov/Archives/edgar/data/1037540/000091205700037157/0000912057-00-037157-index.htm,https://www.sec.gov/Archives/edgar/data/1037540/000091205700037157/a10-q.txt,3.195408215793267,0.5371740377402892,1.183362503860805,-0.2854348369637158,0.5089202982747717,27.527584533247047,27.527584533247047,15.79881160741863,49.93407951052345,2626492330.0,6015241330.0,17.978344673219617,12.089222218642266,32.644265703845484,-135.3373695058484,2.445120617924234,2.445120617924234,27.68696040210072,41.5891128011892,74.7625013050287,-309.95214767867265,0.0139056183727747,-0.0073889421942458,3.160622504484829,0.6129328221028356,23.42966087046704,0.0554155629139072,0.0,2.202940612764559,0.0185102387106533,1.3311338060947897,0.0395334600637948,0.0,0.0,1.2412065922593154,0.459658748314224,3.082728816175336,0.0,13.818502343225994,0.0089460278769771,0.0065937252101171,-53.07421570501978,-1141058000.0,1871628000.0,-3600484000.0,4035445000.0,33439500.0,1500.0,0.0,13.39691336147179,0.0,0.0,6.717965367965368,0.0,0.0,0.0340009141882576,1.468797340824521,2000-08-14,,amc,,2025-04-25,2000-06-30,,35.75079365079365,199449.2063492064
2000-03-31,BXP,USD,1037540,2000-05-15,2000-05-15 00:00:00,2000,Q1,210254000.0,65177000.0,145077000.0,0.6900082757,0,7408000.0,0.0,7408000.0,32231000.0,39639000.0,104816000.0,0.0,0.0,32231000.0,137669000.0,0.6547747011,50223000.0,0.2388682261,0.0,0.0,0.0,72818000.0,32620000.0,0.1551456809,0.46,0.45,67943000,68380000,https://www.sec.gov/Archives/edgar/data/1037540/000091205700024459/0000912057-00-024459-index.html,https://www.sec.gov/Archives/edgar/data/1037540/000091205700024459/,3.0945645614706443,0.4801083260968753,1.1230884712185214,-0.3581678760137173,1.3446271139043022,28.213473058298867,28.213473058298867,16.308994304048984,51.9611880546929,2161266830.0,5673330830.0,16.56397018700184,10.279313734815984,28.32368136188504,-88.81310170536264,1.950457484193408,1.950457484193408,26.983224243058395,41.20993709549717,74.34973435902812,-233.1346139305527,0.0150929998772988,-0.0112596000004312,3.186044895594369,0.6176002835392089,25.510928386201687,0.095232223903177,0.0,2.3392397302268546,0.0221911516589555,1.4702942979767013,0.0352335746287823,0.0,0.0,1.318913322674495,0.4786639017569226,3.1224907697558253,0.0,13.273164242256245,,0.0057064714920463,-54.19464477576793,-1196103000.0,1916908000.0,-3673512000.0,4150484000.0,31399000.0,15522500.0,0.0,14.78454631065283,8.137379750525492,0.0,6.087437389617534,11.06007127099949,0.0,0.0294382545696076,1.4812563472322389,2000-05-15,,amc,,2025-04-25,2000-03-31,,30.688571428571425,159069.84126984127
1999-12-31,BXP,USD,1037540,2000-03-24,2000-03-24 00:00:00,1999,Q4,204464000.0,0.0,204464000.0,1.0,0,8155000.0,0.0,8155000.0,413959000.0,422114000.0,671382000.0,0.0,0.0,31759000.0,-435159000.0,-2.128291533,-466918000.0,-2.2836196103,466918000.0,0.0,0.0,-502894000.0,35976000.0,0.175952735,0.53,0.53,67924000,67943000,https://www.sec.gov/Archives/edgar/data/1037540/000092701600000992/0000927016-00-000992-index.html,https://www.sec.gov/Archives/edgar/data/1037540/000092701600000992/,3.010187857016666,0.5296507861727814,1.1242859666686296,-0.4869412873211236,0.177183322536953,27.08212119427596,27.08212119427596,15.569813320770272,48.90147812260762,2114474120.0,5424023120.0,14.693643818100954,10.341547265044213,27.688685016892336,-63.92967860922147,1.9993817111777632,1.9993817111777632,26.528010407700133,-12.464462690648704,71.02667574575072,-163.99162872260015,0.0170141595301246,-0.0156421871930974,3.140787697009354,0.6111726490090109,-7.605378723638946,0.0305806207418622,0.0,2.1226929063820323,0.0241161618000791,1.4174171670002225,0.0398847718913843,0.0,0.0,1.4331115941649426,0.5352580405352532,3.445983815611323,0.0,13.621589003598732,,0.0066195969214531,-52.44121002885578,-1280603000.0,1839526000.0,-3554849000.0,3861064000.0,14129500.0,12576000.0,0.0,12.43891345175679,0.0,0.0,7.235358646802789,0.0,0.0,0.0340177993955921,1.6112272539897532,2000-03-24,,amc,,2025-04-25,1999-12-31,,29.39859375,198426.5625
1999-09-30,BXP,USD,1037540,1999-11-05,1999-11-05 00:00:00,1999,Q3,202400000.0,0.0,202400000.0,1.0,0,7400000.0,0.0,7400000.0,-105200000.0,-97800000.0,-97800000.0,0.0,0.0,31100000.0,331300000.0,1.6368577075,300200000.0,1.483201581,0.0,0.0,0.0,271100000.0,29100000.0,0.1437747036,0.4,0.4,67901000,68484000,https://www.sec.gov/Archives/edgar/data/1037540/000092701699003598/0000927016-99-003598-index.html,https://www.sec.gov/Archives/edgar/data/1037540/000092701699003598/,2.9808102973446635,0.4285651168613127,1.4918778810326798,-4.048541258597076,0.736366180174077,28.49589844037643,28.49589844037643,16.995331438417697,48.27322130749179,2083881690.0,5311681690.0,17.902763659793816,10.295858152173912,20.57138884501481,-7.580508148417606,1.8057900259965336,1.8057900259965336,26.243486610671937,16.032845427105343,52.43515982230997,-19.322232411786104,0.0139643244334086,-0.1319172778949845,2.840381282495667,0.6121237020990513,9.742831270751584,0.0397772474144789,0.0,3.4810996563573884,0.0224101014103156,1.604810996563574,0.0365612648221343,0.0,0.0,3.713721618953603,1.858695652173913,12.096463022508038,0.0,12.801606914370163,,0.0054343766340479,-49.62960781137244,-1207000000.0,1934900000.0,-3369900000.0,3857100000.0,0.0,0.0,0.0,0.0,0.0,0.0,0.0,0.0,0.0,0.0252166377816291,5.540419139629755,1999-11-05,,amc,,2025-04-25,1999-09-30,,33.374375,112778.125
1999-06-30,BXP,USD,1037540,1999-08-05,1999-08-05 00:00:00,1999,Q2,191800000.0,0.0,191800000.0,1.0,0,7400000.0,0.0,7400000.0,-97100000.0,-89700000.0,-89700000.0,0.0,0.0,29400000.0,310900000.0,1.6209593326,281500000.0,1.4676746611,-94539000.0,0.0,0.0,252600000.0,28900000.0,0.1506777894,0.42,0.41,65534000,66337000,https://www.sec.gov/Archives/edgar/data/1037540/000104746999029936/0001047469-99-029936-index.html,https://www.sec.gov/Archives/edgar/data/1037540/000104746999029936/,2.9267250587481306,0.4409924619281594,0.9552293465987122,-0.2746665852839747,0.4882961516159551,29.58922086245308,29.58922086245308,17.656483657338175,44.88509781182288,2351359920.0,5260859920.0,20.340483737024226,12.259436496350364,37.56166006389776,-130.63110666666665,2.0321147005444646,2.0321147005444646,27.428883837330552,16.92138925699582,84.03929584664537,-292.2699955555556,0.0122907598084771,-0.0076551445173906,2.5421311900440755,0.5860962779947397,9.35831457060148,0.0301318267419962,0.0,2.166089965397924,0.017521775228694,1.42560553633218,0.0385818561001042,0.0,0.0,1.2875399361022364,0.4202294056308654,2.741496598639456,0.0,13.236066803755834,,0.0057583486092292,-46.50563066499832,-1030000000.0,1939100000.0,-3047700000.0,3685800000.0,0.0,0.0,0.0,0.0,0.0,0.0,0.0,0.0,0.0,0.0249762336876674,1.2298959318826868,1999-08-05,,amc,,2025-04-25,1999-06-30,,35.24142857142857,202466.66666666663
1999-03-31,BXP,USD,1037540,1999-05-14,1999-05-14 00:00:00,1999,Q1,187800000.0,0.0,187800000.0,1.0,0,6600000.0,0.0,6600000.0,-91800000.0,-85200000.0,-85200000.0,0.0,0.0,27800000.0,123680000.0,0.6585729499,273000000.0,1.4536741214,-45427000.0,0.0,0.0,247200000.0,25800000.0,0.1373801917,0.39,0.39,63534000,64078000,https://www.sec.gov/Archives/edgar/data/1037540/000092701699002014/0000927016-99-002014-index.html,https://www.sec.gov/Archives/edgar/data/1037540/,2.955897629615639,0.4060817829823401,0.9931690118676614,-0.5430163377089432,0.5351465357131615,28.260458966852397,28.260458966852397,16.170869140932414,47.388799697799605,2009580420.0,4986380420.0,19.472678488372093,10.700641214057509,31.847550237717908,-58.24870782608696,1.9559863928362853,1.9559863928362853,26.551546432374867,40.31678864812419,79.02346148969889,-144.53276579710146,0.0128385008846772,-0.0171677628109055,2.9305041853221723,0.6100046599266568,24.068564036222508,0.0295909486510008,0.0,2.445736434108527,0.0211984549491181,1.6511627906976745,0.0351437699680511,0.0,0.0,1.5467511885895404,0.5197018104366348,3.5107913669064748,0.0,12.155272349696183,,0.005227222075896,-48.890357918594766,-1115000000.0,1795500000.0,-3106200000.0,3520200000.0,20415000.0,4855000.0,0.0,0.0,0.0,0.0,0.0,0.0,0.0,0.0251119330348452,1.536185349576605,1999-05-14,,amc,,2025-04-25,1999-03-31,,32.38180327868852,201327.868852459
1998-12-31,BXP,USD,1037540,1999-03-31,1999-03-31 00:00:00,1998,Q4,179447000.0,100090000.0,79357000.0,0.4422308537,0,0.0,0.0,5704000.0,70918000.0,76622000.0,176712000.0,0.0,0.0,126618000.0,129353000.0,0.7208423657,2735000.0,0.015241269,-2735000.0,0.0,0.0,-15477000.0,18212000.0,0.1014895763,0.28,0.28,63344000,64102564,https://www.sec.gov/Archives/edgar/data/1037540/000092701699001232/0000927016-99-001232-index.html,https://www.sec.gov/Archives/edgar/data/1037540/,2.832896564789088,0.2875094720889113,1.070140818388482,-7.283436473857035,0.192062389492296,32.01116127810053,32.01116127810053,14.973493937863095,48.761113917655976,1931992000.0,5008550000.0,26.520865363496597,10.76636555640384,28.500922005694303,-4.187583719508758,2.036932737714303,2.036932737714303,27.91102665410957,38.7200142246411,73.88658592355466,-10.856008947420897,0.0094265400684888,-0.238801195864165,3.25649538578,0.5900043303960374,23.784202917597582,0.0324531537048377,0.0,3.1077847056666057,0.0200347620487041,2.1253569075334946,0.0,0.0,0.0,7.806054258191098,2.94877596170457,4.17909775861252,0.0,9.841899211612285,,0.0034788342581508,-49.95869379893912,-1580004000.0,2027715000.0,-3154376000.0,2979805000.0,37015000.0,25605000.0,0.0,20.47791269845693,8.731141972224998,0.0,4.394979181974039,10.307929969104016,0.0,0.0192012280688806,8.353577292245516,1999-03-31,,amc,,2025-04-25,1998-12-31,,30.04828125,166867.1875
1998-09-30,BXP,USD,1037540,1998-11-16,1998-11-16 00:00:00,1998,Q3,139100000.0,23700000.0,115400000.0,0.8296189792,0,0.0,0.0,6100000.0,1900000.0,8000000.0,31700000.0,0.0,0.0,-21500000.0,127800000.0,0.9187634795,107400000.0,0.7721063983,1100000.0,108500000.0,0.7800143781,125100000.0,25300000.0,0.181883537,0.4,0.4,63250000,63250000,https://www.sec.gov/Archives/edgar/data/1037540/000092701698004078/0000927016-98-004078-index.html,https://www.sec.gov/Archives/edgar/data/1037540/,2.199209486166008,0.4,0.4853754940711462,-9.394466403162056,0.2450592885375494,22.75415019762846,22.75415019762846,15.449802371541502,30.788932806324112,1802625000.0,3734525000.0,17.8125,12.959202012940333,58.717426710097726,-3.033700774150118,1.844683790421613,1.844683790421613,26.84777138749101,29.22163536776213,121.6457654723127,-6.284962975429148,0.0140350877192982,-0.3296304001109493,1.992836676217765,0.562946260804209,15.11658841940532,0.8688340807174888,0.0,1.2134387351778655,0.0187504333957423,1.3359683794466404,0.0,0.0,0.0,20.355048859934858,4.492451473759885,-29.06511627906977,0.0,11.791870985720356,-0.0048518336637802,0.0073136183620963,-31.299604743083005,-35100000.0,1439200000.0,-1787600000.0,3191700000.0,29000000.0,51800000.0,0.0,21.480948957584477,157.59493670886076,0.0,4.1897590361445785,0.5710843373493976,0.0,0.0258902988129349,9.879841897233202,1998-11-16,,amc,,2025-04-25,1998-09-30,,30.9028125,209573.4375
1998-06-30,BXP,USD,1037540,1998-08-14,1998-08-14 00:00:00,1998,Q2,103600000.0,13800000.0,89800000.0,0.8667953668,0,0.0,0.0,5800000.0,3000000.0,8800000.0,22600000.0,0.0,0.0,-16600000.0,93100000.0,0.8986486486,81000000.0,0.7818532819,4500000.0,85500000.0,0.8252895753,84200000.0,30000000.0,0.2895752896,0.48,0.48,62500000,62500000,https://www.sec.gov/Archives/edgar/data/1037540/000092701698003132/0000927016-98-003132-index.html,https://www.sec.gov/Archives/edgar/data/1037540/0000927016-98-003132.txt,1.6576,0.48,0.9296,-2.7872,1.744,19.64,19.64,13.9952,21.2416,2125000000.0,3343600000.0,17.708333333333336,20.51158301158301,36.57487091222031,-12.19862227324914,2.4294043672116152,2.4294043672116152,32.27413127413127,35.9140708915145,57.54905335628227,-19.19402985074627,0.0141176470588235,-0.0819764705882352,1.5177775237224191,0.5032791235452443,13.089151450053706,3.4057971014492754,0.0,2.200757575757576,0.0152,1.0766666666666669,0.0,0.0,0.0,3.9982788296041294,2.2422779922779923,-13.99397590361446,0.0,12.29423279428204,0.0004820081199829,0.0113726828158762,-20.5248,199200000.0,1227500000.0,-1128400000.0,2555200000.0,21850000.0,49950000.0,0.0,21.544401544401545,405.0,0.0,4.17741935483871,0.2222222222222222,0.0,0.0342974734194581,3.7168,1998-08-14,,amc,,2025-04-25,1998-06-30,,33.85428571428572,227790.47619047615
1998-03-31,BXP,USD,1037540,1998-05-15,1998-05-15 00:00:00,1998,Q1,91700000.0,13000000.0,78700000.0,0.8582333697,0,4800000.0,0.0,4800000.0,-400000.0,4400000.0,17400000.0,0.0,0.0,-13100000.0,83500000.0,0.9105779716,74300000.0,0.8102508179,3900000.0,78200000.0,0.852780807,80900000.0,19600000.0,0.213740458,0.36,0.36,54444444,54444444,https://www.sec.gov/Archives/edgar/data/1037540/000092701698002116/0000927016-98-002116-index.html,https://www.sec.gov/Archives/edgar/data/1037540/,1.6842857280349854,0.3600000029387755,1.0781632741074554,-4.635918405191171,7.188979650522283,20.52367363692795,20.52367363692795,15.803265435128695,24.549796118773845,1915899984.36,2861099984.36,24.437499800510203,20.893129600436204,32.63884130085179,-7.590728939619651,2.226754979497908,2.226754979497908,31.20065413696837,34.264670471377244,48.74105595161839,-11.335578384944531,0.0102301791116446,-0.1317396534581179,1.5534635053463506,0.5312611789021822,11.319760479041916,8.836569579288026,0.0,2.9948979591836733,0.0117438280618369,1.1479591836734695,0.0523446019629225,0.0,0.0,5.2998296422487225,3.392584514721919,-23.748091603053435,0.0,11.313993595079197,-0.0010453303730663,0.0077904527206963,-18.237398108060397,484300000.0,1117400000.0,-852400000.0,2454100000.0,21679000.0,22832000.0,17201500.0,18.549618320610687,261.6923076923077,0.0,4.851851851851852,0.3439153439153439,0.0,0.0227801022780102,5.7140816792986255,1998-05-15,,amc,,2025-04-25,1998-03-31,,34.439672131147546,389427.868852459
1997-12-31,BXP,USD,1037540,1998-03-31,1998-03-31 00:00:00,1997,Q4,208961000.0,80777000.0,128184000.0,0.6134350429,0,0.0,0.0,8605000.0,37773000.0,46378000.0,127155000.0,0.0,0.0,48873000.0,130679000.0,0.62537507,81806000.0,0.391489321,-81806000.0,0.0,0.0,64850000.0,16956000.0,0.0811443284,0.31,0.31,54444444,54444444,https://www.sec.gov/Archives/edgar/data/1037540/000092701698001298/0000927016-98-001298-index.html,https://www.sec.gov/Archives/edgar/data/1037540/,3.838059215004565,0.3114367372362183,0.6092265355855228,-2.8532204314548606,0.3225306148778009,5.063583714804765,5.063583714804765,3.21516737318504,24.46995326097921,1799933318.64,3114626318.6400003,26.538294978768576,8.613728488282502,54.2655286152733,-11.586907073682584,10.282512902975183,10.282512902975183,14.90529964270845,23.834176253567907,93.90172506376436,-20.05012371824748,0.0094203489787119,-0.0863043082714718,7.61078675563274,0.7965538250341849,10.060476434622242,2.6387596899224808,0.0,1.3344464113292565,0.0255595886267392,2.71323161004954,0.0,0.0,0.0,5.683348910126925,0.9021348481295552,3.857160395310294,0.0,4.746549043083254,,0.010137989298789,-24.680792038210548,105700000.0,275684000.0,-1226637000.0,1607982000.0,18829000.0,11982000.0,17201500.0,10.534118806858697,8.761900045805117,38.331084343315545,8.543666693924278,10.27174465920651,2.347963840362759,0.0968648599241351,3.4624469670403832,1998-03-31,,amc,,2025-04-25,1997-12-31,,33.13796875,131768.75
1997-09-30,BXP,USD,1037540,1997-11-14,1997-11-14 00:00:00,1997,Q3,61400000.0,8100000.0,53300000.0,0.8680781759,0,0.0,0.0,2900000.0,800000.0,3700000.0,11800000.0,0.0,0.0,-9300000.0,57300000.0,0.9332247557,49600000.0,0.8078175896,1600000.0,51200000.0,0.8338762215,54500000.0,13700000.0,0.2231270358,0.36,0.36,38055556,38055556,https://www.sec.gov/Archives/edgar/data/1037540/000092701697003157/0000927016-97-003157-index.html,https://www.sec.gov/Archives/edgar/data/1037540/,1.613430638091321,0.3599999957956205,0.5702189714426982,-8.395620339905165,0.6832116708530024,7.270948820193299,7.270948820193299,5.13722621737546,25.89897779971997,1248602792.36,2208202792.36,22.78472248832117,20.335550364169386,57.53929918709677,-3.907989960438185,6.386715050434783,6.386715050434783,35.96421485928339,38.53757054729494,101.7604973437788,-6.911432839937403,0.0109722644253465,-0.2558860207224981,5.0414322250639385,0.7607286199444273,16.74694589877836,4.431137724550898,0.0,1.572463768115942,0.0,0.0,0.0,0.0,0.0,15.723502304147466,5.55700325732899,-36.68817204301075,0.0,6.450700107334639,-0.0025327800665504,0.0105742513121333,-25.830656632634668,114600000.0,276700000.0,-870900000.0,1262500000.0,13200000.0,23050000.0,0.0,19.3485342019544,178.88888888888889,0.0,4.651515151515151,0.5031055900621118,0.0,0.070076726342711,8.965839311347862,1997-11-14,,amc,,2025-04-25,1997-09-30,,28.91421875,254117.1875
1997-06-30,BXP,USD,1037540,1997-08-14,1997-08-14 00:00:00,1997,Q2,5100000.0,800000.0,4300000.0,0.8431372549,0,0.0,0.0,200000.0,200000.0,400000.0,1200000.0,0.0,0.0,800000.0,4700000.0,0.9215686275,3900000.0,0.7647058824,-2400000.0,1500000.0,0.2941176471,400000.0,9100000.0,1.7843137255,0.23,0.23,39565217,39565217,https://www.sec.gov/Archives/edgar/data/1037540/000092701697002352/0000927016-97-002352-index.html,https://www.sec.gov/Archives/edgar/data/1037540/,0.1289011001759449,0.2300000022747253,,,3.4550549792258183,6.561318746210845,6.561318746210845,4.635384661229079,20.404285916086344,1078152163.25,1748752163.25,29.619564924450547,211.4023849509804,0.0,0.0,5.8786922750817885,5.8786922750817885,342.89258102941176,372.0749283510638,0.0,0.0,0.0084403670559532,,4.4018538713195206,0.7272972972972973,142.68085106382978,6.8584686774942,0.0,0.0,,,0.0,0.0,0.0,0.0,,0.0,,4.897766415327051,0.0026806636048364,0.0081981981981981,-17.788351824280404,252500000.0,259600000.0,-554800000.0,1066900000.0,,,,232.94117647058823,3375.0,0.0,0.3863636363636363,0.0266666666666666,0.0,0.049618320610687,,1997-08-14,,amc,,2025-04-25,1997-06-30,,26.61333333333333,1540777.888888889
