date,symbol,reportedCurrency,cik,fillingDate,acceptedDate,calendarYear,period,revenue,costOfRevenue,grossProfit,grossProfitRatio,researchAndDevelopmentExpenses,generalAndAdministrativeExpenses,sellingAndMarketingExpenses,sellingGeneralAndAdministrativeExpenses,otherExpenses,operatingExpenses,costAndExpenses,interestIncome,interestExpense,depreciationAndAmortization,ebitda,ebitdaratio,operatingIncome,operatingIncomeRatio,totalOtherIncomeExpensesNet,incomeBeforeTax,incomeBeforeTaxRatio,incomeTaxExpense,netIncome,netIncomeRatio,eps,epsdiluted,weightedAverageShsOut,weightedAverageShsOutDil,link,finalLink,revenuePerShare,netIncomePerShare,operatingCashFlowPerShare,freeCashFlowPerShare,cashPerShare,bookValuePerShare,tangibleBookValuePerShare,shareholdersEquityPerShare,interestDebtPerShare,marketCap,enterpriseValue,peRatio,priceToSalesRatio,pocfratio,pfcfRatio,pbRatio,ptbRatio,evToSales,enterpriseValueOverEBITDA,evToOperatingCashFlow,evToFreeCashFlow,earningsYield,freeCashFlowYield,debtToEquity,debtToAssets,netDebtToEBITDA,currentRatio,interestCoverage,incomeQuality,dividendYield,payoutRatio,salesGeneralAndAdministrativeToRevenue,researchAndDdevelopementToRevenue,intangiblesToTotalAssets,capexToOperatingCashFlow,capexToRevenue,capexToDepreciation,stockBasedCompensationToRevenue,grahamNumber,roic,returnOnTangibleAssets,grahamNetNet,workingCapital,tangibleAssetValue,netCurrentAssetValue,investedCapital,averageReceivables,averagePayables,averageInventory,daysSalesOutstanding,daysPayablesOutstanding,daysOfInventoryOnHand,receivablesTurnover,payablesTurnover,inventoryTurnover,roe,capexPerShare,report_date,epsEstimated,time,revenueEstimated,updatedFromDate,fiscalDateEnding,surprise(%),QuarterAvgPrice,QuarterAvgVolume
2025-03-31,CARR,USD,1783180,2025-05-01,2025-05-01 13:39:15,2025,Q1,5218000000.0,3773000000.0,1445000000.0,0.2769260253,153000000,0.0,0.0,729000000.0,0.0,816000000.0,4589000000.0,0.0,0.0,163000000.0,629000000.0,0.1205442698,629000000.0,0.1205442698,-81000000.0,548000000.0,0.1050210809,111000000.0,412000000.0,0.078957455,0.47,0.47,866900000,878300000,https://www.sec.gov/Archives/edgar/data/1783180/000178318025000030/0001783180-25-000030-index.htm,https://www.sec.gov/Archives/edgar/data/1783180/000178318025000030/carr-20250331.htm,6.01914869073711,0.4752566616680124,0.5571576883146845,0.4844849463605952,1.958703426000692,16.377898258161263,-8.352751182373977,15.986849694313069,13.40523705156304,54961460000.0,64884460000.0,33.35040048543689,10.533050977385972,113.79184265010352,130.86061904761905,3.965759434302619,3.965759434302619,12.434737447297817,103.15494435612082,134.33635610766046,154.4868095238095,0.0074961618559623,0.0076417183968548,0.8385164874810592,0.3188465442971986,15.7758346581876,1.204393096562545,0.0,1.105263157894737,0.0036025243870886,0.4805825242718446,0.0,0.0293215791490992,0.5882239964880511,0.1304347826086956,0.0120735914143349,0.2079207920792079,0.004407819087773,13.074852900393148,0.0170401231720828,0.0274520255863539,-19.601741838735727,1433000000.0,-7241000000.0,-13805000000.0,26475000000.0,2815000000.0,2736500000.0,2473500000.0,51.38175546186278,71.9188974291015,63.16459051152928,1.7515944947969118,1.2514096185737975,1.4248489425981874,0.029727974601342,0.0726727419540892,2025-05-01,0.584,bmo,5186349130.0,2025-05-11,2025-03-31,0.113013698630137,66.42966666666668,5650397.2
2024-12-31,CARR,USD,1783180,2025-02-11,2025-02-11 11:14:53,2024,Q4,5148000000.0,3804000000.0,1344000000.0,0.2610722611,162000000,0.0,0.0,803000000.0,-395000000.0,570000000.0,4374000000.0,37000000.0,118000000.0,318000000.0,1129000000.0,0.2193084693,774000000.0,0.1503496503,-81000000.0,693000000.0,0.1346153846,723000000.0,2551000000.0,0.4955322455,2.87,2.82,890100000,903400000,https://www.sec.gov/Archives/edgar/data/1783180/000178318025000008/0001783180-25-000008-index.htm,https://www.sec.gov/Archives/edgar/data/1783180/000178318025000008/carr-20241231.htm,5.783619817997978,2.865970115717335,0.1482979440512302,-0.0954948882148073,4.4590495449949445,16.172340186495898,-7.457589034939894,15.81957083473767,14.411863835524098,60758226000.00001,69499226000.0,5.954353782830263,11.802297202797204,460.2895909090909,-714.8026588235296,4.3149084582060935,4.3149084582060935,13.50023815073815,61.558216120460585,526.5092878787879,-817.6379529411764,0.0419860843205,-0.0013989875214592,0.9026347560542576,0.3398123145202256,7.742249778565101,1.253294475418145,6.559322033898305,-4.4,0.0025675535687957,0.0611524892199137,0.0,0.0314685314685314,0.5623345720931476,1.643939393939394,0.0421522921522921,0.6823899371069182,0.004079254079254,31.939229612753863,-0.0011353899734503,0.1558338423946243,-17.86456577912594,1999000000.0,-6638000000.0,-13117000000.0,26585000000.0,2688500000.0,2643500000.0,2472500000.0,46.34615384615385,58.15457413249212,54.39274447949527,1.941908713692946,1.54759967453214,1.6546324488908222,0.18116611036148,0.2437928322660375,2025-02-11,0.503,bmo,5305844063.0,2025-05-11,2024-12-31,0.073558648111332,75.426875,4338817.375
2024-09-30,CARR,USD,1783180,2024-10-25,2024-10-25 08:59:42,2024,Q3,5984000000.0,4307000000.0,1677000000.0,0.2802473262,172000000,0.0,0.0,799000000.0,-57000000.0,914000000.0,5227000000.0,139000000.0,131000000.0,289000000.0,1190000000.0,0.1988636364,763000000.0,0.1275066845,7000000.0,770000000.0,0.1286764706,172000000.0,447000000.0,0.0746991979,0.5,0.49,901200000,915000000,https://www.sec.gov/Archives/edgar/data/1783180/000178318024000088/0001783180-24-000088-index.htm,https://www.sec.gov/Archives/edgar/data/1783180/000178318024000088/carr-20240930.htm,6.640035508211274,0.4960053262316911,-0.298490901020861,-0.39502885042166,2.468930315135375,16.691078561917443,-8.177984909010208,16.303817132711938,14.434087882822904,72537588000.0,83189588000.0,40.56912080536912,12.121923128342246,-269.65646096654274,-203.75726966292137,4.936880691485742,4.936880691485742,13.902003342245989,69.90721680672269,-309.2549739776952,-233.6786179775281,0.006162322353481,-0.0049078003531079,0.8764037296671885,0.3203154150394269,8.95126050420168,1.0786278666409712,5.824427480916031,-0.5046904315196998,0.0025366159128423,0.4116331096196868,0.0,0.0287433155080213,0.5574985696873213,-0.3234200743494423,0.0145387700534759,0.301038062283737,0.002840909090909,13.488978947792305,0.0185651869278662,0.0251278880206869,-21.711606746560143,816000000.0,-7370000000.0,-13965000000.0,26811000000.0,3123000000.0,3005000000.0,2845500000.0,40.99933155080214,59.11539354539123,55.29138611562573,2.195157740278797,1.5224460940261575,1.627739984882842,0.0304226502416116,0.0965379494007989,2024-10-24,0.807,bmo,6590175945.0,2025-04-24,2024-09-30,0.0285006195786863,69.63046875,3465683.53125
2024-06-30,CARR,USD,1783180,2024-07-25,2024-07-25 09:49:09,2024,Q2,6689000000.0,4798000000.0,1891000000.0,0.2827029451,187000000,976000000.0,-20000000.0,956000000.0,-15000000.0,1158000000.0,5956000000.0,19000000.0,185000000.0,311000000.0,1050000000.0,0.1569741366,733000000.0,0.1095828973,-167000000.0,3524000000.0,0.5268351024,1155000000.0,2337000000.0,0.3493795784,2.59,2.55,902400000,915300000,https://www.sec.gov/Archives/edgar/data/1783180/000178318024000077/0001783180-24-000077-index.htm,https://www.sec.gov/Archives/edgar/data/1783180/000178318024000077/carr-20240630.htm,7.412455673758865,2.5897606382978724,0.7313829787234043,0.6083776595744681,3.238031914893617,15.601728723404255,-9.102393617021276,15.25709219858156,15.52304964539007,55858560000.0,66759560000.0,5.975455712451861,8.350808790551651,84.63418181818182,101.74601092896177,4.057129575828007,4.057129575828007,9.9804993272537,63.580533333333335,101.15084848484848,121.60211293260474,0.0418378132196748,0.0098283951465988,1.0039947704822778,0.3419503265386899,10.381904761904762,1.0841217798594849,3.962162162162162,0.2824133504492939,0.0030613034063176,0.073170731707317,0.1459111974884138,0.0279563462400956,0.5514793192163071,0.1681818181818181,0.0165944087307519,0.3569131832797427,0.0038869786216175,29.816520231111504,0.0154950277657799,0.1288952622580111,-21.34363918439716,898000000.0,-8214000000.0,-14772000000.0,26943000000.0,3498000000.0,3127500000.0,3117000000.0,47.36133951263268,59.66861192163401,57.11754897874114,1.900284090909091,1.5083307136120716,1.5756978653530378,0.1697414294015107,0.1230053191489361,2024-07-25,0.846,bmo,7054161239.0,2025-04-24,2024-06-30,0.0283687943262411,61.40253968253968,4326136.158730159
2024-03-31,CARR,USD,1783180,2024-04-25,2024-04-25 10:13:14,2024,Q1,6182000000.0,4477000000.0,1705000000.0,0.2758007117,224000000,0.0,0.0,985000000.0,-27000000.0,1236000000.0,5713000000.0,15000000.0,180000000.0,314000000.0,783000000.0,0.1266580395,469000000.0,0.0758654157,-165000000.0,335000000.0,0.0541895827,46000000.0,269000000.0,0.0435134261,0.3,0.29,899200000,913000000,https://www.sec.gov/Archives/edgar/data/1783180/000178318024000044/0001783180-24-000044-index.htm,https://www.sec.gov/Archives/edgar/data/1783180/000178318024000044/carr-20240331.htm,6.875,0.2991548042704626,0.0444839857651245,-0.0711743772241993,1.4601868327402134,13.240658362989324,-12.02290925266904,12.856983985765124,19.550711743772244,51614080000.0,67701080000.0,47.96847583643122,8.34909090909091,1290.352,-806.47,4.464499610760315,4.464499610760315,10.951323196376578,86.4637037037037,1692.527,-1057.829375,0.0052117561719592,-0.0012399717286445,1.5050601159069286,0.4263660867434452,20.545338441890166,1.3563737408822507,2.605555555555556,0.1486988847583643,0.0030805547633513,0.5910780669144982,0.0,0.0362342284050469,0.5566527811810831,2.6,0.0168230346166289,0.3312101910828025,0.0035587188612099,9.30269540911804,0.0121061607971036,0.0148676283645608,-26.01145462633452,3078000000.0,-10811000000.0,-17189000000.0,29607000000.0,3131500000.0,2908000000.0,2703000000.0,50.60498220640569,61.79584543220906,64.10766138038865,1.7784810126582278,1.4564085881587507,1.4038883662590154,0.0232678834010898,0.1156583629893238,2024-04-25,0.503,bmo,6336413550.0,2025-04-24,2024-03-31,0.2326043737574552,56.18377049180328,4872315.180327869
2023-12-31,CARR,USD,1783180,2024-02-06,2024-02-06 13:07:18,2023,Q4,5102000000.0,3668000000.0,1434000000.0,0.2810662485,170000000,962000000.0,0.0,962000000.0,665000000.0,1132000000.0,4800000000.0,64000000.0,111000000.0,135000000.0,805000000.0,0.1577812623,607000000.0,0.1189729518,-48000000.0,559000000.0,0.1095648765,120000000.0,420000000.0,0.0823206586,0.5,0.49,839600000,854200000,https://www.sec.gov/Archives/edgar/data/1783180/000178318024000009/0001783180-24-000009-index.htm,https://www.sec.gov/Archives/edgar/data/1783180/000178318024000009/carr-20231231.htm,6.076703191996189,0.5002382086707956,1.264888041924726,0.9873749404478324,11.928299190090518,10.725345402572652,-0.014292520247737,10.334683182467842,17.621486422105765,48235020000.0,52904020000.0,28.71132142857143,9.454139553116423,45.41903954802259,58.18458383594693,5.558951250432178,5.558951250432178,10.369270874166991,65.7192795031056,49.81546139359698,63.81667068757539,0.0087073665564977,0.0171866830365157,1.6922899619684222,0.447382852964475,5.8,2.7252938615585545,5.468468468468468,2.419134396355353,0.0032134328958503,0.369047619047619,0.1885535084280674,0.0333202665621324,0.2747242703065017,0.2193973634651601,0.0456683653469227,1.725925925925926,0.0035280282242257,10.785201739119346,0.0183471590143114,0.017643352236925,-12.628930443068128,11889000000.0,-12000000.0,-5037000000.0,23690000000.0,3211000000.0,2814500000.0,2389500000.0,49.16307330458644,67.27917121046893,54.397491821155946,1.8306422676713312,1.337709700948213,1.654488046910239,0.0484038262072144,0.2775131014768938,2024-02-06,0.51,bmo,5230000000.0,2025-04-24,2023-12-31,0.0392156862745098,52.913809523809526,4431855.650793651
2023-09-30,CARR,USD,1783180,2023-10-26,2023-10-26 09:39:34,2023,Q3,5731000000.0,3915000000.0,1816000000.0,0.316873146,157000000,831000000.0,0.0,831000000.0,-258000000.0,988000000.0,4903000000.0,35000000.0,86000000.0,134000000.0,989000000.0,0.1725702321,645000000.0,0.1125458035,-51000000.0,594000000.0,0.103646833,213000000.0,357000000.0,0.0622927936,0.43,0.42,838700000,854700000,https://www.sec.gov/Archives/edgar/data/1783180/000178318023000065/0001783180-23-000065-index.htm,https://www.sec.gov/Archives/edgar/data/1783180/000178318023000065/carr-20230930.htm,6.833194229164183,0.4256587576010492,1.2412066293072612,1.131513055919876,4.652438297364969,10.137116966734231,-2.888994873017765,9.757958745677836,11.131513055919877,46296240000.0,51644240000.0,32.420336134453784,8.078213226313034,44.4728530259366,48.78423603793467,5.65692082111437,5.65692082111437,9.011383702669692,52.21864509605663,49.610220941402495,54.41964172813488,0.0077112093768306,0.0204984249260847,1.130254154447703,0.3484779987944545,5.407482305358949,1.6555363049299103,7.5,2.732283464566929,0.0033696040974385,0.4369747899159664,0.1450008724480893,0.0273948700052346,0.411580771549126,0.0883765609990393,0.0160530448438317,0.6865671641791045,0.0041877508288256,9.667218494436195,0.0203508348276905,0.0228567770023689,-12.081495171098128,4162000000.0,-2423000000.0,-7531000000.0,17874000000.0,3712500000.0,2921500000.0,2630500000.0,57.08427848543012,66.36781609195403,58.89655172413793,1.5766162310866576,1.3560789747142363,1.5281030444964872,0.0436217008797654,0.1096935733873852,2023-10-26,0.78,bmo,5890060000.0,2025-04-24,2023-09-30,0.141025641025641,55.03142857142857,4857224.714285715
2023-06-30,CARR,USD,1783180,2023-07-27,2023-07-27 09:32:14,2023,Q2,5992000000.0,4237000000.0,1755000000.0,0.2928905207,151000000,784000000.0,0.0,784000000.0,-383000000.0,935000000.0,5172000000.0,27000000.0,94000000.0,137000000.0,995000000.0,0.1660547397,489000000.0,0.0816088117,-67000000.0,422000000.0,0.0704272363,189000000.0,199000000.0,0.0332109479,0.24,0.23,836000000,850900000,https://www.sec.gov/Archives/edgar/data/1783180/000178318023000056/0001783180-23-000056-index.htm,https://www.sec.gov/Archives/edgar/data/1783180/000178318023000056/carr-20230630.htm,7.167464114832536,0.2380382775119617,0.4593301435406698,0.3708133971291866,3.838516746411483,9.913875598086124,-3.373205741626794,9.532296650717702,11.20574162679426,41557560000.0,47622560000.0,52.20798994974874,6.935507343124166,108.2228125,134.05664516129033,5.214902748149078,5.214902748149078,7.947690253671562,47.86186934673367,124.01708333333332,153.6211612903226,0.0047885390768851,0.0074595332353487,1.163759568327268,0.3528382285801248,6.0954773869346734,1.6267244145011228,5.202127659574468,1.648068669527897,0.0037297666176743,0.7788944723618091,0.1308411214953271,0.0252002670226969,0.4226145183381525,0.1927083333333333,0.0123497997329773,0.5401459854014599,0.0031708945260347,7.145184266208421,0.0133765800136375,0.0131128096995255,-12.673444976076556,3907000000.0,-2820000000.0,-7855000000.0,17877000000.0,3695000000.0,2941000000.0,2751000000.0,56.92590120160214,62.78970970025962,57.33065848477697,1.5810026385224274,1.4333558863328824,1.5698406817339756,0.0249717655916677,0.0885167464114832,2023-07-27,0.76,bmo,5826350000.0,2025-04-24,2023-06-30,0.0394736842105263,44.001612903225805,6012935.951612903
2023-03-31,CARR,USD,1783180,2023-04-26,2023-04-26 09:52:22,2023,Q1,5273000000.0,3895000000.0,1378000000.0,0.2613313104,139000000,721000000.0,0.0,721000000.0,-7000000.0,860000000.0,4755000000.0,25000000.0,46000000.0,136000000.0,676000000.0,0.1282002655,555000000.0,0.1052531766,-46000000.0,509000000.0,0.0965294899,122000000.0,373000000.0,0.0707377205,0.45,0.44,835000000,852200000,https://www.sec.gov/Archives/edgar/data/1783180/000178318023000038/0001783180-23-000038-index.htm,https://www.sec.gov/Archives/edgar/data/1783180/000178318023000038/carr-20230331.htm,6.314970059880239,0.4467065868263473,0.1437125748502994,0.059880239520958,4.008383233532935,10.141317365269462,-3.360479041916168,9.74131736526946,11.25988023952096,38201250000.0,44210250000.0,25.604054959785525,7.244689929831216,318.34375,764.025,4.696490041799852,4.696490041799852,8.384268917124976,65.39977810650888,368.41875,884.205,0.0097640784005758,0.0013088576944471,1.150233587410868,0.3542463367536254,8.88905325443787,1.704934541792548,12.065217391304348,0.3100775193798449,0.0040312816988972,0.4128686327077748,0.1367343068461976,0.0263607054807509,0.4268675930483511,0.5833333333333334,0.0132751754219609,0.5147058823529411,0.00436184335293,9.89489712969338,0.0204891701735834,0.0246416066591794,-12.568263473053891,4200000000.0,-2806000000.0,-7785000000.0,18376000000.0,3485000000.0,2879500000.0,2721500000.0,61.44509766736204,67.60975609756098,64.76765083440309,1.4647222222222225,1.3311688311688312,1.3895825900820549,0.0458568969756577,0.0838323353293413,2023-04-25,0.48,bmo,5765150000.0,2025-04-24,2023-03-31,0.0833333333333334,44.75838709677419,4438776.822580645
2022-12-31,CARR,USD,1783180,2023-02-07,2023-02-07 10:57:13,2022,Q4,5105000000.0,3858000000.0,1247000000.0,0.2442703232,149000000,675000000.0,-2000000.0,673000000.0,-34000000.0,822000000.0,4680000000.0,22000000.0,76000000.0,123000000.0,548000000.0,0.1073457395,302000000.0,0.0591576885,-56000000.0,377000000.0,0.0738491675,99000000.0,270000000.0,0.0528893242,0.32,0.32,835600000,852200000,https://www.sec.gov/Archives/edgar/data/1783180/000178318023000012/0001783180-23-000012-index.htm,https://www.sec.gov/Archives/edgar/data/1783180/000178318023000012/carr-20221231.htm,6.109382479655338,0.3231211105792245,1.3439444710387745,1.1764001914791766,4.21254188606989,9.664911440880804,-3.8810435615126857,9.284346577309718,11.305648635710869,34468500000.0,40319500000.0,31.91527777777777,6.751909892262487,30.693232413178983,35.0645981688708,4.442962103634957,4.442962103634957,7.898041136141038,73.5757299270073,35.903383793410505,41.01678535096643,0.0078332390443448,0.0285187925207073,1.2079144109306523,0.359234838610749,10.677007299270072,1.63776525198939,3.973684210526316,4.039568345323741,0.003626499557567,0.4629629629629629,0.1322233104799216,0.0291870714985308,0.4339109100667024,0.1246660730186999,0.0274240940254652,1.1382113821138211,0.0039177277179236,8.215795060973198,0.0110277785585917,0.0182840116475926,-12.736357108664432,3847000000.0,-3243000000.0,-8131000000.0,18049000000.0,3519500000.0,2825000000.0,2652000000.0,59.41234084231146,66.0886469673406,61.58631415241058,1.5148367952522257,1.3618072714436993,1.4613636363636364,0.0348027842227378,0.1675442795595979,2023-02-07,0.4,bmo,5111033981.0,2025-04-24,2022-12-31,0.0,40.577619047619045,4176068.476190476
2022-09-30,CARR,USD,1783180,2022-10-27,2022-10-27 10:11:20,2022,Q3,5451000000.0,3974000000.0,1477000000.0,0.270959457,143000000,0.0,0.0,624000000.0,753000000.0,767000000.0,4741000000.0,15000000.0,71000000.0,102000000.0,1643000000.0,0.3014125848,1526000000.0,0.2799486333,-56000000.0,1470000000.0,0.2696752889,138000000.0,1312000000.0,0.2406897817,1.56,1.53,839600000,856500000,https://www.sec.gov/Archives/edgar/data/1783180/000178318022000056/0001783180-22-000056-index.htm,https://www.sec.gov/Archives/edgar/data/1783180/000178318022000056/carr-20220930.htm,6.492377322534541,1.562648880419247,0.940924249642687,0.8325393044306812,3.555264411624583,8.888756550738448,-4.1293473082420205,8.518342067651263,11.283944735588376,29856176000.000004,36274176000.0,5.6890579268292685,5.477192441753807,37.79262784810127,42.71269814020029,4.174521252796421,4.174521252796421,6.654591084204733,22.078013390139983,45.91667848101266,51.89438626609442,0.0439440067609462,0.023412241406937,1.3147371364653244,0.3709270216962524,3.90626902008521,1.6198237152835524,21.492957746478872,0.5930930930930931,0.0042537262642074,0.0967987804878048,0.0,0.0262337185837461,0.431163708086785,0.1151898734177215,0.0166941845532929,0.8921568627450981,0.0033021463951568,17.306111583440025,0.0707068345849282,0.0909847434119278,-12.885004764173416,3727000000.0,-3467000000.0,-8147000000.0,17337000000.0,3602000000.0,2610000000.0,2507000000.0,60.57787561915245,63.79718168092602,60.33215903371918,1.4856909239574816,1.4107206247781328,1.4917417417417418,0.1834451901565995,0.1083849452120057,2022-10-27,0.65,bmo,5444702778.0,2025-04-24,2022-09-30,0.0769230769230768,39.3803125,4139450.21875
2022-06-30,CARR,USD,1783180,2022-07-28,2022-07-28 09:55:42,2022,Q2,5211000000.0,3764000000.0,1447000000.0,0.2776818269,122000000,0.0,0.0,614000000.0,6000000.0,736000000.0,4500000000.0,7000000.0,68000000.0,76000000.0,901000000.0,0.1729034734,819000000.0,0.1571675302,-62000000.0,757000000.0,0.145269622,170000000.0,573000000.0,0.1099597006,0.68,0.66,845700000,862700000,https://www.sec.gov/Archives/edgar/data/1783180/000178318022000048/0001783180-22-000048-index.htm,https://www.sec.gov/Archives/edgar/data/1783180/000178318022000048/carr-20220630.htm,6.16175948918056,0.6775452288045406,0.0378384770013007,-0.0402033818138819,3.567458909778882,8.267707224784202,-2.995151945134208,7.917701312522171,10.789878207402152,30157662000.0,36197662000.0,13.157793193717277,5.7873080023028205,942.4269375,-886.9900588235294,4.503832437275985,4.503832437275985,6.946394549990405,40.17498557158712,1131.1769375,-1064.6371176470589,0.0190001466294038,-0.0011274083514829,1.3525985663082438,0.3827656157552193,6.703662597114318,1.6725567976920304,12.044117647058824,0.0545144804088586,0.0042443608526416,0.2233856893542757,0.0,0.0234120130493187,0.4025441636379004,2.0625,0.0126655152561888,0.868421052631579,0.0038380349261178,10.986515226243217,0.0345431938117952,0.0405319374690528,-11.619664183516614,3730000000.0,-2533000000.0,-7394000000.0,15655000000.0,3394500000.0,2461000000.0,2354000000.0,61.05354058721935,57.45749202975558,56.19022316684378,1.4741159830268742,1.566375364128173,1.6017021276595744,0.0855734767025089,0.0780418588151826,2022-07-28,0.62,bmo,5166666629.0,2025-04-24,2022-06-30,0.1129032258064515,39.255483870967744,5208811.403225807
2022-03-31,CARR,USD,1783180,2022-04-28,2022-04-28 10:16:57,2022,Q1,4654000000.0,3361000000.0,1293000000.0,0.2778255264,125000000,0.0,0.0,601000000.0,1111000000.0,726000000.0,4087000000.0,39000000.0,87000000.0,79000000.0,1854000000.0,0.3983669961,1737000000.0,0.3732273313,-49000000.0,1688000000.0,0.3626987538,301000000.0,1379000000.0,0.2963042544,1.62,1.58,853300000,874100000,https://www.sec.gov/Archives/edgar/data/1783180/000178318022000034/0001783180-22-000034-index.htm,https://www.sec.gov/Archives/edgar/data/1783180/000178318022000034/carr-20220331.htm,5.454119301535216,1.616078753076292,-0.2367279971873901,-0.3023555607640923,4.22360248447205,8.707371381694598,-2.7493261455525606,8.321809445681472,10.71018399156217,39140871000.0,44588871000.0,7.095879441624365,8.410157069187795,-193.76668811881189,-151.7088023255814,5.512022391212505,5.512022391212505,9.580762999570265,24.05009223300971,-220.7369851485149,-172.82508139534883,0.0352317146953628,-0.0065915753382187,1.274750035206309,0.3741578142437895,2.9385113268608416,1.7360332670403182,19.96551724137931,-0.1456380677721701,0.0032957876691093,0.0935460478607686,0.0,0.0268586162440911,0.4040838259000537,-0.2772277227722772,0.0120326600773528,0.7088607594936709,0.0045122475290073,17.395279164965906,0.0754446791816415,0.0956509676076853,-11.179538263213407,4071000000.0,-2346000000.0,-7161000000.0,16268000000.0,3080000000.0,2426500000.0,2164000000.0,62.92651482595617,67.45313894674203,63.14192204700981,1.430239704978488,1.334259626836046,1.4253604749787956,0.1941980002816504,0.0656275635767022,2022-04-28,0.47,bmo,4540404887.0,2025-04-24,2022-03-31,0.1489361702127661,47.09145161290323,5048704.758064516
2021-12-31,CARR,USD,1783180,2022-02-08,2022-02-08 11:58:01,2021,Q4,5133000000.0,3767000000.0,1366000000.0,0.2661211767,134000000,0.0,0.0,816000000.0,9000000.0,950000000.0,4717000000.0,4000000.0,72000000.0,87000000.0,524000000.0,0.1020845509,463000000.0,0.0902006624,-58000000.0,405000000.0,0.0789012274,73000000.0,324000000.0,0.0631209819,0.37,0.36,865200000,888500000,https://www.sec.gov/Archives/edgar/data/1783180/000178318022000010/0001783180-22-000010-index.htm,https://www.sec.gov/Archives/edgar/data/1783180/000178318022000010/carr-20211231.htm,5.932732316227462,0.3744798890429958,1.0552473416551087,0.8957466481738326,3.452380952380953,8.199260286638927,-3.194637078132224,7.821312991215904,11.898982894128526,46928448000.0,54164448000.0,36.21022222222222,9.142499123319697,51.40027163198248,60.55283612903226,6.934897000147776,6.934897000147776,10.552201052016365,103.36726717557252,59.32579189485214,69.88961032258065,0.0069041277478428,0.01651450310055,1.5107137579429584,0.3906082836619288,13.80916030534351,1.7212916855288969,6.430555555555555,2.75,0.0022161397709125,0.3209876543209876,0.0,0.0261055912721605,0.3766620816139385,0.1511500547645126,0.026884862653419,1.5862068965517242,0.0062341710500681,8.117930738508685,0.0192389334454757,0.0198602427363001,-14.94047619047619,4780000000.0,-2764000000.0,-7671000000.0,17104000000.0,3038500000.0,2246000000.0,1948000000.0,50.952659263588544,55.76320679585878,47.066631271568895,1.7663454920853408,1.613967437874893,1.9121827411167511,0.0478794148071523,0.159500693481276,2022-02-08,0.39,bmo,4822799899.0,2025-04-24,2021-12-31,0.1282051282051281,53.96921875,3421344.71875
2021-09-30,CARR,USD,1783180,2021-10-28,2021-10-28 09:56:06,2021,Q3,5341000000.0,3740000000.0,1601000000.0,0.2997565999,123000000,0.0,0.0,748000000.0,36000000.0,871000000.0,4611000000.0,2000000.0,76000000.0,83000000.0,927000000.0,0.1735630032,828000000.0,0.1550271485,-60000000.0,768000000.0,0.1437932971,288000000.0,469000000.0,0.0878112713,0.54,0.53,867600000,892000000,https://www.sec.gov/Archives/edgar/data/1783180/000178318021000065/0001783180-21-000065-index.htm,https://www.sec.gov/Archives/edgar/data/1783180/000178318021000065/carr-20210930.htm,6.156062701705856,0.5405716920239741,0.6673582295988935,0.5820654679575842,3.07860765329645,8.324112494236976,-2.876901798063624,7.952973720608576,11.847625633932688,44906976000.0,52438976000.0,23.93762046908316,8.407971540909942,77.55954404145078,88.92470495049506,6.508257391304348,6.508257391304348,9.81819434562816,56.56847464940669,90.56817962003454,103.83955643564356,0.0104438116697058,0.0112454688554401,1.478695652173913,0.3956491391344811,8.125134843581446,1.8622280817402768,10.894736842105264,1.20625,0.0023158985365659,0.2217484008528784,0.0,0.0230293952443362,0.3768419419885218,0.1278065630397236,0.0138550833177307,0.891566265060241,0.0037446171129002,9.835188374777603,0.0260705289672544,0.0291848164281269,-14.469513600737669,5232000000.0,-2496000000.0,-7266000000.0,17340000000.0,3497000000.0,2260000000.0,1905500000.0,53.433813892529486,51.93048128342247,46.3475935828877,1.684326710816777,1.733086190917516,1.9418483904465216,0.0679710144927536,0.0852927616413093,2021-10-28,0.66,bmo,5397340000.0,2025-04-24,2021-09-30,0.0757575757575756,53.81515625,4365149.140625
2021-06-30,CARR,USD,1783180,2021-07-29,2021-07-29 10:17:37,2021,Q2,5440000000.0,3821000000.0,1619000000.0,0.2976102941,125000000,0.0,0.0,813000000.0,34000000.0,938000000.0,4759000000.0,4000000.0,75000000.0,85000000.0,891000000.0,0.1637867647,783000000.0,0.1439338235,-52000000.0,731000000.0,0.134375,234000000.0,487000000.0,0.0895220588,0.56,0.55,868700000,890900000,https://www.sec.gov/Archives/edgar/data/1783180/000178318021000050/0001783180-21-000050-index.htm,https://www.sec.gov/Archives/edgar/data/1783180/000178318021000050/carr-20210630.htm,6.262230919765166,0.5606078047657419,0.6457925636007827,0.5548520778174283,3.0275123748129387,8.196155174398527,-4.869344998273282,7.777138252561299,12.012202141130423,42218820000.0,49948820000.0,21.672905544147845,7.7608125,75.25636363636364,87.59091286307054,6.249085257548845,6.249085257548845,9.18176838235294,56.05928170594837,89.03532976827094,103.6282572614108,0.011535140015756,0.0114167094201116,1.5334517465956188,0.4025176781412697,8.67564534231201,1.5620985010706638,10.44,1.1287726358148893,0.0024870425085305,0.2156057494866529,0.0,0.0229779411764705,0.440982205299557,0.1408199643493761,0.0145220588235294,0.9294117647058824,0.003860294117647,9.904458545038263,0.0262774228325942,0.0338476508201278,-14.018936341659952,3150000000.0,-4230000000.0,-9864000000.0,17123000000.0,3674000000.0,2268500000.0,1869500000.0,63.24816176470588,55.63465061502225,44.39937189217483,1.4229662568663353,1.617696867061812,2.027055702917772,0.0720840734162226,0.0909404857833544,2021-07-29,0.55,bmo,4935830000.0,2025-04-24,2021-06-30,0.1636363636363635,44.68761904761905,5890671.349206349
2021-03-31,CARR,USD,1783180,2021-04-29,2021-04-29 11:19:50,2021,Q1,4699000000.0,3305000000.0,1394000000.0,0.2966588636,121000000,0.0,0.0,743000000.0,21000000.0,864000000.0,4169000000.0,3000000.0,96000000.0,83000000.0,675000000.0,0.1436475846,571000000.0,0.121515216,-75000000.0,496000000.0,0.1055543733,104000000.0,384000000.0,0.0817195148,0.44,0.43,869300000,889800000,https://www.sec.gov/Archives/edgar/data/1783180/000178318021000032/0001783180-21-000032-index.htm,https://www.sec.gov/Archives/edgar/data/1783180/000178318021000032/carr-20210331.htm,5.4054986770965145,0.4417347290923731,0.2116645576900954,0.1506959622684918,2.9897618773725987,7.843092143103647,-4.901645001725527,7.4646267111469,12.017715403197975,36701846000.0,44453846000.0,23.89443098958333,7.810565226643967,199.46655434782608,280.1667633587786,5.656009554630914,5.656009554630914,9.46027793147478,65.85754962962963,241.5969891304348,339.3423358778626,0.0104626889884503,0.0035693027538723,1.5951610417629836,0.4162377352420782,11.484444444444444,1.6208641494745035,5.947916666666667,0.4693877551020408,0.0028336449343719,0.2708333333333333,0.0,0.0257501596084273,0.4455123049702428,0.2880434782608695,0.011278995530964,0.6385542168674698,0.0040434134922323,8.613429009723351,0.0226964841094596,0.0278482848647472,-13.666455769009549,3190000000.0,-4261000000.0,-9722000000.0,16816000000.0,3481000000.0,2055500000.0,1741500000.0,67.51436475845925,59.22844175491679,50.48714069591528,1.3330496453900709,1.5195402298850575,1.7826321467098163,0.0591770688858067,0.0609685954216035,2021-04-29,0.37,bmo,3302000000.0,2025-04-24,2021-03-31,0.2972972972972972,38.87950819672131,5900846.508196721
2020-12-31,CARR,USD,1783180,2021-02-09,2021-02-09 10:20:48,2020,Q4,4594000000.0,3309000000.0,1285000000.0,0.2797126687,127000000,692000000.0,118000000.0,810000000.0,-200000000.0,937000000.0,4246000000.0,3000000.0,85000000.0,95000000.0,1356000000.0,0.2951676099,1245000000.0,0.2710056596,-69000000.0,1176000000.0,0.2559860688,289000000.0,884000000.0,0.192424902,1.02,1.02,866400000,866400000,https://www.sec.gov/Archives/edgar/data/1783180/000178318021000011/0001783180-21-000011-index.htm,https://www.sec.gov/Archives/edgar/data/1783180/000178318021000011/carr-20201231.htm,5.302400738688827,1.020313942751616,0.2296860572483841,0.043859649122807,3.59533702677747,7.592336103416436,-5.307017543859649,7.21606648199446,12.828947368421051,32680608000.0,40595608000.0,9.242253393665155,7.113758815846757,164.2241608040201,860.016,5.227224568138196,5.227224568138196,8.836658249891162,29.93776401179941,203.99803015075372,1068.3054736842105,0.0270496803486642,0.0011627690647615,1.7642354446577095,0.4395648188737895,5.837020648967552,1.6681017612524462,14.647058823529411,0.2243517474633596,0.0020807446422049,0.0769230769230769,0.150631258162821,0.0276447540269917,0.4453831745905232,0.8090452261306532,0.0350457117979973,1.694736842105263,0.0045711797997387,12.870885671799549,0.0461786755518534,0.0635194366601997,-13.85936057248384,3414000000.0,-4598000000.0,-9991000000.0,17188000000.0,3531000000.0,1977500000.0,1605000000.0,67.33347845015237,52.65639165911152,44.3064369900272,1.3366307826592958,1.709194214876033,2.0313075506445677,0.1413947536788228,0.1858264081255771,2021-02-09,0.37,bmo,5232055555.0,2025-04-24,2020-12-31,-0.1621621621621621,36.19921875,5087704.953125
2020-09-30,CARR,USD,1783180,2020-10-29,2020-10-29 10:07:08,2020,Q3,5002000000.0,3441000000.0,1561000000.0,0.3120751699,100000000,0.0,0.0,681000000.0,255000000.0,781000000.0,4222000000.0,2000000.0,90000000.0,82000000.0,1181000000.0,0.2361055578,1081000000.0,0.2161135546,-72000000.0,1009000000.0,0.2017193123,261000000.0,741000000.0,0.1481407437,0.86,0.84,866400000,881500000,https://www.sec.gov/Archives/edgar/data/1783180/000178318020000067/0001783180-20-000067-index.htm,https://www.sec.gov/Archives/edgar/data/1783180/000178318020000067/carr-20200930.htm,5.77331486611265,0.8552631578947368,1.0814866112650046,1.0156971375807942,4.441366574330563,6.27539242843952,-6.340027700831025,5.881809787626962,14.704524469067405,26459856000.0,35261856000.0,8.927076923076923,5.289855257896841,28.23890715048025,30.068018181818186,5.192279434850863,5.192279434850863,7.0495513794482205,29.857625740897543,37.63271718249733,40.07029090909091,0.0280046875538551,0.0332579285389912,2.482339089481947,0.4916822139303483,7.453005927180356,1.8012350443844076,12.011111111111113,1.252673796791444,0.0026455170428743,0.0944669365721997,0.0,0.0199920031987205,0.4248289800995025,0.0608324439701173,0.0113954418232706,0.6951219512195121,0.0041983206717313,10.63889760712054,0.038585180770628,0.0500743343695093,-14.928150969529083,4152000000.0,-5493000000.0,-10957000000.0,17581000000.0,3525500000.0,1892000000.0,1610000000.0,65.22391043582567,52.80732345248474,41.35135135135135,1.3798620689655172,1.7043090638930165,2.176470588235294,0.1454081632653061,0.0657894736842105,2020-10-29,0.46,bmo,3508865671.0,2025-04-24,2020-09-30,0.4565217391304348,28.29125,5182790.828125
2020-06-30,CARR,USD,1783180,2020-07-31,2020-07-31 11:53:20,2020,Q2,3972000000.0,2831000000.0,1141000000.0,0.2872608258,94000000,0.0,0.0,637000000.0,-11000000.0,731000000.0,3562000000.0,4000000.0,81000000.0,78000000.0,456000000.0,0.1148036254,442000000.0,0.1112789527,-67000000.0,375000000.0,0.0944108761,106000000.0,261000000.0,0.0657099698,0.3,0.3,866200000,870900000,https://www.sec.gov/Archives/edgar/data/1783180/000178318020000052/0001783180-20-000052-index.htm,https://www.sec.gov/Archives/edgar/data/1783180/000178318020000052/carr-20200630.htm,4.585546063264835,0.3013160932809974,0.5876241052874625,0.5345185869314246,3.121680905102747,5.040406372662202,-7.380512583698915,4.65019625952436,14.774878780882013,19246964000.0,29259964000.0,18.43578927203065,4.845660624370594,37.81328880157171,41.570116630669546,4.778292949354518,4.778292949354518,7.366556898288016,64.16658771929825,57.48519449901768,63.196466522678186,0.0135605802556704,0.0240557419861127,3.157149950347567,0.5260175380542687,21.95833333333333,1.6815619127166423,5.45679012345679,1.892193308550186,0.0036003600360036,0.2655019157088122,0.0,0.0236656596173212,0.4450281270681668,0.0903732809430255,0.0115810674723061,0.5897435897435898,0.0055387713997985,5.6148487800625775,0.0161042936475687,0.0194529328463889,-15.835834680212422,3264000000.0,-6393000000.0,-11757000000.0,16517000000.0,3375500000.0,1770500000.0,1597500000.0,77.62839879154077,56.11091487107029,52.10526315789473,1.159369527145359,1.6039660056657223,1.7272727272727273,0.0647964250248262,0.0531055183560378,2020-07-30,0.25,bmo,3009090909.0,2025-04-24,2020-06-30,0.32,18.44206349206349,13762816.555555556
2020-03-31,CARR,USD,1783180,2020-05-11,2020-05-11 07:31:44,2020,Q1,3888000000.0,2766000000.0,1122000000.0,0.2885802469,98000000,692000000.0,0.0,692000000.0,-29000000.0,790000000.0,3556000000.0,1000000.0,38000000.0,81000000.0,414000000.0,0.1064814815,315000000.0,0.0810185185,-20000000.0,295000000.0,0.0758744856,193000000.0,96000000.0,0.024691358,0.11,0.11,866200000,866200000,https://www.sec.gov/Archives/edgar/data/1783180/000178318020000019/0001783180-20-000019-index.htm,https://www.sec.gov/Archives/edgar/data/1783180/000178318020000019/carr-20200331.htm,4.488570768875548,0.1108289078734703,0.0542599861463865,-0.0011544677903486,0.8866312629877626,3.493419533595013,-8.815516047102285,3.1135996305703078,13.845532209651353,14941950000.0,26128950000.0,38.911328125,3.843094135802469,317.913829787234,-14941.95,5.540211345939933,5.540211345939933,6.720408950617284,63.11340579710145,555.9351063829787,-26128.95,0.006424864224549,-6.69256690057188e-05,4.432703003337041,0.5433843916185628,27.02173913043478,1.3408222871264883,8.289473684210526,0.4607843137254901,0.0,0.0,0.1779835390946502,0.0252057613168724,0.484614335712013,1.0212765957446808,0.0123456790123456,0.5925925925925926,0.0033436213991769,2.786436622059674,0.0061298544708064,0.0084663550577652,-17.242265065804663,1517000000.0,-7636000000.0,-13007000000.0,14682000000.0,3336500000.0,1738500000.0,1444000000.0,76.9675925925926,57.78741865509762,50.62906724511931,1.1693233082706769,1.5574324324324325,1.7776349614395888,0.0355951056729699,0.0554144539367351,2020-05-08,0.19,bmo,3665828571.0,2025-04-24,2020-03-31,0.8421052631578946,13.843333333333334,152323.77777777778
2019-12-31,CARR,USD,1783180,2019-12-31,2019-12-30 19:00:00,2019,Q4,4501000000.0,3228000000.0,1273000000.0,0.2828260387,99000000,0.0,0.0,695000000.0,178000000.0,794000000.0,4022000000.0,24000000.0,20000000.0,84000000.0,736000000.0,0.163519218,557000000.0,0.1237502777,34000000.0,591000000.0,0.1313041546,137000000.0,440000000.0,0.0977560542,0.51,0.51,866200000,866200000,,,5.19625952435927,0.5079658277534057,1.1694758716231817,1.0494112214269222,1.0990533364119142,16.664742553682753,4.003694296929115,16.280304779496653,0.8104363888247518,10394400000.0,10124400000.0,5.90590909090909,2.30935347700511,10.26100691016782,11.434983498349837,0.7370869380229754,0.7370869380229754,2.2493668073761386,13.755978260869565,9.99447186574531,11.137953795379538,0.0423304856461171,0.0874509351189101,0.0483619344773791,0.0304382754619298,-0.3668478260869565,1.3334079212351757,27.85,2.2312775330396475,0.0,0.0,0.0,0.0219951121972894,0.489467107024904,0.102665350444225,0.0231059764496778,1.238095238095238,0.002666074205732,13.640797854281905,0.0233343271354958,0.03846490077804,-4.435465250519511,1490000000.0,3468000000.0,-2012000000.0,14952000000.0,,,,66.94512330593201,47.42565055762082,37.13754646840149,1.3443847072879331,1.8977072310405645,2.4234234234234235,0.0312012480499219,0.1200646501962595,2019-12-30,,bmo,,2025-04-24,2019-12-31,,,
2019-09-30,CARR,USD,1783180,2019-09-30,2019-09-29 20:00:00,2019,Q3,4822000000.0,3376000000.0,1446000000.0,0.2998755703,102000000,0.0,0.0,702000000.0,-44000000.0,804000000.0,4180000000.0,23000000.0,20000000.0,84000000.0,783000000.0,0.1623807549,629000000.0,0.1304437993,50000000.0,679000000.0,0.1408129407,175000000.0,492000000.0,0.1020323517,0.57,0.56,866200000,872800000,,,5.566843685061187,0.5679981528515354,0.7134610944354652,0.6557377049180327,,,,,,10394400000.0,,5.281707317073171,2.1556200746578185,16.819417475728155,18.3,0.0,0.0,,,,,0.0473331794042946,0.0546448087431694,0.0,0.0,,0.0,31.45,1.2261904761904765,0.0,0.0,0.0,0.0211530485275819,0.0,0.0809061488673139,0.0103691414350891,0.5952380952380952,0.0037328909166321,,0.0,0.0,,,,,,,,,,,,0.0,0.0,0.0,0.0,0.0577233895174324,2020-02-07,,bmo,,2025-04-24,2019-09-30,,,
2019-06-30,CARR,USD,1783180,2019-06-30,2019-06-29 20:00:00,2019,Q2,4962000000.0,3488000000.0,1474000000.0,0.297057638,103000000,0.0,0.0,680000000.0,72000000.0,783000000.0,4271000000.0,25000000.0,9000000.0,82000000.0,950000000.0,0.1914550584,805000000.0,0.1622329706,54000000.0,859000000.0,0.1731156792,65000000.0,784000000.0,0.1580008061,0.91,0.9,866200000,872800000,,,5.728469175709997,0.905102747633341,0.6395751558531517,0.5841607019164166,,,,,,10394400000.0,,3.314540816326531,2.0948004836759373,18.76245487364621,20.542292490118577,0.0,0.0,,,,,0.075425228969445,0.0486800584930347,0.0,0.0,,0.0,89.44444444444444,0.6977329974811083,0.0,0.0,0.0,0.020757758968158,0.0,0.0866425992779783,0.0096735187424425,0.5853658536585366,0.0028214429665457,,0.0,0.0,,,,,,,,,,,,0.0,0.0,0.0,0.0,0.0554144539367351,2019-06-29,,bmo,,2025-04-24,2019-06-30,,,
2019-03-31,CARR,USD,1783180,2019-03-31,2019-03-30 20:00:00,2019,Q1,4323000000.0,3097000000.0,1226000000.0,0.2835993523,97000000,0.0,0.0,684000000.0,54000000.0,781000000.0,3878000000.0,30000000.0,26000000.0,85000000.0,654000000.0,0.1512838307,500000000.0,0.115660421,43000000.0,543000000.0,0.1256072172,140000000.0,400000000.0,0.0925283368,0.46,0.46,866200000,872800000,,,4.990764257677211,0.4617871161394597,-0.2112676056338028,-0.2586007850380974,1.3033941353036251,0.0,0.0,16.473100900484877,0.0300161625490648,10394400000.0,11523400000.0,6.4965,2.404441360166551,-56.8,-46.40357142857143,0.7284602985493027,0.7284602985493027,2.6656025907934304,17.61987767584098,-62.96939890710382,-51.44375,0.0384822596782883,-0.0215500654198414,0.0,0.0,1.7262996941896025,0.0,19.23076923076923,-0.4540942928039702,0.0,0.0,0.0,0.0224381216747628,0.0,-0.2240437158469945,0.0094841545223224,0.4823529411764706,0.0018505667360629,13.082774154244126,0.0,0.0,1.3033941353036251,1129000000.0,0.0,1129000000.0,1129000000.0,,,,0.0,0.0,0.0,0.0,0.0,0.0,0.0280327983740976,0.0473331794042946,2019-03-30,,bmo,,2025-04-24,2019-03-31,,,
