date,symbol,reportedCurrency,cik,fillingDate,acceptedDate,calendarYear,period,revenue,costOfRevenue,grossProfit,grossProfitRatio,researchAndDevelopmentExpenses,generalAndAdministrativeExpenses,sellingAndMarketingExpenses,sellingGeneralAndAdministrativeExpenses,otherExpenses,operatingExpenses,costAndExpenses,interestIncome,interestExpense,depreciationAndAmortization,ebitda,ebitdaratio,operatingIncome,operatingIncomeRatio,totalOtherIncomeExpensesNet,incomeBeforeTax,incomeBeforeTaxRatio,incomeTaxExpense,netIncome,netIncomeRatio,eps,epsdiluted,weightedAverageShsOut,weightedAverageShsOutDil,link,finalLink,revenuePerShare,netIncomePerShare,operatingCashFlowPerShare,freeCashFlowPerShare,cashPerShare,bookValuePerShare,tangibleBookValuePerShare,shareholdersEquityPerShare,interestDebtPerShare,marketCap,enterpriseValue,peRatio,priceToSalesRatio,pocfratio,pfcfRatio,pbRatio,ptbRatio,evToSales,enterpriseValueOverEBITDA,evToOperatingCashFlow,evToFreeCashFlow,earningsYield,freeCashFlowYield,debtToEquity,debtToAssets,netDebtToEBITDA,currentRatio,interestCoverage,incomeQuality,dividendYield,payoutRatio,salesGeneralAndAdministrativeToRevenue,researchAndDdevelopementToRevenue,intangiblesToTotalAssets,capexToOperatingCashFlow,capexToRevenue,capexToDepreciation,stockBasedCompensationToRevenue,grahamNumber,roic,returnOnTangibleAssets,grahamNetNet,workingCapital,tangibleAssetValue,netCurrentAssetValue,investedCapital,averageReceivables,averagePayables,averageInventory,daysSalesOutstanding,daysPayablesOutstanding,daysOfInventoryOnHand,receivablesTurnover,payablesTurnover,inventoryTurnover,roe,capexPerShare,report_date,epsEstimated,time,revenueEstimated,updatedFromDate,fiscalDateEnding,surprise(%),QuarterAvgPrice,QuarterAvgVolume
2025-03-31,CAT,USD,18230,2025-04-30,2025-04-30 06:31:43,2025,Q1,14249000000.0,9291000000.0,4958000000.0,0.3479542424,480000000,0.0,0.0,1593000000.0,0.0,2073000000.0,11670000000.0,0.0,116000000.0,1679000000.0,2579000000.0,0.1809951576,2579000000.0,0.1809951576,-9000000.0,2570000000.0,0.1803635343,574000000.0,0.0,0.0,0.0,0.0,474900000,477100000,https://www.sec.gov/Archives/edgar/data/18230/000001823025000013/0000018230-25-000013-index.htm,https://www.sec.gov/Archives/edgar/data/18230/000001823025000013/ex991toformcat1q2025earnin.htm,30.00421141292904,0.0,2.7142556327647926,2.2762686881448726,7.50052642661613,38.05011581385555,26.192882712149927,38.04379869446199,81.49926300273742,156622020000.0,191648020000.0,0.0,10.99179030107376,121.5066097750194,144.88623496762258,8.668955554325567,8.668955554325567,13.44992771422556,74.31098100038774,148.67961210240497,177.2877150786309,0.0,0.00690196691372,2.135827752255494,0.4541153764680961,13.581233036060487,1.3198036508666973,22.23275862068965,0.6435346979530704,0.0043033540239105,0.0,0.0,0.0336865744964558,0.066267328829995,0.1613653995345229,0.0145975156151308,0.3851851851851852,0.0,0.0,0.0307452244622779,0.0,-84.92893240682248,10424000000.0,12439000000.0,-23885000000.0,29487000000.0,18809000000.0,7733500000.0,17344500000.0,118.56200435118257,75.4794962867291,173.02550855666777,0.7590964786106228,1.192376796714579,0.5201545179711119,0.0,0.43798694461992,2025-03-31,,,,,,,356.20933333333335,2501126.3
2024-12-31,CAT,USD,18230,2025-02-14,2025-02-14 09:36:30,2024,Q4,16215000000.0,10659000000.0,5556000000.0,0.3426456984,519000000,0.0,0.0,1769000000.0,344000000.0,2632000000.0,13291000000.0,120000000.0,107000000.0,555000000.0,3905000000.0,0.2408263953,2924000000.0,0.1803268578,319000000.0,3243000000.0,0.2,463000000.0,2791000000.0,0.172124576,5.76,5.73,484200000,486700000,https://www.sec.gov/Archives/edgar/data/18230/000001823025000008/0000018230-25-000008-index.htm,https://www.sec.gov/Archives/edgar/data/18230/000001823025000008/cat-20241231.htm,33.48822800495663,5.764147046674927,7.007434944237918,4.86575795125981,14.22759190417183,40.260223048327134,28.612143742255267,40.254027261462205,79.54564229657167,175648392000.0,207168392000.0,15.733463991400932,10.832463274745606,51.76787267904509,74.55364685908319,9.011769124211174,9.011769124211174,12.77634239901326,53.05208501920615,61.05758679634542,87.93225466893038,0.015889698551866,0.0134131600817615,1.970601816222872,0.4376395788706075,8.071702944942382,1.4155304908279622,27.32710280373832,1.217438105489774,0.0038713704820024,0.2436402723038337,0.0,0.0320074005550416,0.0642632514470625,0.3056292366637194,0.0639531298180696,1.8684684684684685,0.0,72.25425923783601,0.0376640619696865,0.0339851931225951,-80.1987814952499,13410000000.0,13854000000.0,-22588000000.0,32411000000.0,18874500000.0,7690000000.0,17069500000.0,104.60869565217392,64.80439065578385,142.07993245144948,0.8603491271820449,1.3887947882736156,0.6334462471028703,0.1431942948027294,2.141676992978108,2025-01-30,5.06,bmo,16609885210.0,2025-04-30,2024-12-31,0.0158102766798419,387.81828125,2064523.234375
2024-09-30,CAT,USD,18230,2024-11-06,2024-11-06 10:40:15,2024,Q3,16106000000.0,10402000000.0,5704000000.0,0.3541537315,533000000,0.0,0.0,1669000000.0,355000000.0,2557000000.0,12889000000.0,108000000.0,125000000.0,543000000.0,3734000000.0,0.2318390662,3147000000.0,0.1953930212,-49000000.0,3098000000.0,0.1923506768,642000000.0,2464000000.0,0.1529864647,5.09,5.06,484200000,486700000,https://www.sec.gov/Archives/edgar/data/18230/000001823024000053/0000018230-24-000053-index.htm,https://www.sec.gov/Archives/edgar/data/18230/000001823024000053/cat-20240930.htm,33.26311441553077,5.088806278397357,7.370921106980586,5.877736472532011,11.64394878149525,40.07228418009087,28.16604708798017,40.05989260636101,78.53366377529946,189380304000.0,221643304000.0,19.214722402597403,11.758369800074506,53.06256766601289,66.54262262825017,9.76338114141362,9.76338114141362,13.761536321867627,59.35814247455812,62.102354721210425,77.87888404778637,0.0130108567150678,0.0150279619363162,1.9539619528793115,0.439314733462381,8.640332083556508,1.3950586628592712,25.176,1.448457792207792,0.0036064996495094,0.2771915584415584,0.0,0.0330932571712405,0.0668227603073962,0.2025777528719529,0.0448901030671799,1.3314917127071824,0.0,67.72579451480367,0.0377024376912845,0.0306056540964873,-79.30503923998347,12728000000.0,13638000000.0,-21924000000.0,31330000000.0,18919500000.0,7640000000.0,17197000000.0,105.62399105923258,66.66506441069025,149.78657950394154,0.8520791450640144,1.3500324464633355,0.600854898336414,0.1270299530855287,1.493184634448575,2024-10-30,5.34,bmo,16366389205.0,2025-04-25,2024-09-30,-0.0318352059925093,345.34296875,2618560.875
2024-06-30,CAT,USD,18230,2024-08-07,2024-08-07 10:40:25,2024,Q2,16689000000.0,10454000000.0,6235000000.0,0.3735993768,535000000,0.0,0.0,1652000000.0,-308000000.0,2495000000.0,12949000000.0,118000000.0,137000000.0,531000000.0,4590000000.0,0.2750314578,3740000000.0,0.2240997064,18000000.0,3500000000.0,0.2097189766,836000000.0,2681000000.0,0.1606447361,5.5,5.48,487200000,489500000,https://www.sec.gov/Archives/edgar/data/18230/000001823024000045/0000018230-24-000045-index.htm,https://www.sec.gov/Archives/edgar/data/18230/000001823024000045/cat-20240630.htm,34.254926108374384,5.502873563218391,6.2007389162561575,4.72495894909688,8.910098522167488,35.172413793103445,23.366174055829227,35.16009852216749,76.86371100164203,160327776000.0,193297776000.0,14.950370757180156,9.606793456767932,53.07109433962264,69.64716594265856,9.359473204903678,9.359473204903678,11.582346216070466,42.11280522875817,63.98469910625621,83.96949435273675,0.0167219933244754,0.0143580860249692,2.178108581436077,0.4477176730344629,7.183006535947713,1.2839947562864975,27.2992700729927,1.1268183513614325,0.0039606362405975,0.2368519209250279,0.0,0.0320570435616274,0.0690217913026783,0.2380006620324395,0.0430822697585235,1.3540489642184557,0.004493978069387,65.97981111181105,0.0450088428813111,0.0345560940400082,-80.28581691297208,9532000000.0,11384000000.0,-23104000000.0,27866000000.0,18839500000.0,7676500000.0,17017500000.0,102.12295523997842,65.21427204897647,147.0614118997513,0.8812905951312245,1.38006600660066,0.6119892284275846,0.1565090484530064,1.4757799671592775,2024-08-06,5.54,bmo,16907905124.0,2025-04-25,2024-06-30,0.0812274368231047,346.7404761904762,2963452.301587302
2024-03-31,CAT,USD,18230,2024-05-01,2024-05-01 10:05:24,2024,Q1,15799000000.0,9922000000.0,5877000000.0,0.3719855687,520000000,0.0,0.0,1577000000.0,-267000000.0,2364000000.0,12286000000.0,136000000.0,143000000.0,524000000.0,4025000000.0,0.2547629597,3513000000.0,0.2223558453,13000000.0,3532000000.0,0.2235584531,688000000.0,2856000000.0,0.1807709349,5.78,5.75,493900000,496900000,https://www.sec.gov/Archives/edgar/data/18230/000001823024000020/0000018230-24-000020-index.htm,https://www.sec.gov/Archives/edgar/data/18230/000001823024000020/cat-20240331.htm,31.98825673213201,5.78254707430654,4.154687183640413,2.66450698521968,10.040494027131,35.725855436323144,23.99676047782952,35.71370722818384,76.93055274347034,179651186000.0,212545186000.0,15.725769082633054,11.371047914424963,87.54931091617934,136.51305927051672,10.184884970803331,10.184884970803331,13.45307842268498,52.80625739130435,103.5795253411306,161.5085,0.0158974736743457,0.0073253064970024,2.1459833323884574,0.452024695191125,8.172422360248447,1.348861635414414,24.566433566433567,0.7184873949579832,0.0036069898252717,0.226890756302521,0.0,0.0329134755364263,0.0691775832626789,0.3586744639376218,0.0465852269130957,1.4045801526717556,0.0027849863915437,68.16607915973995,0.0439293859369572,0.0366398111561553,-78.16157116825268,11293000000.0,11852000000.0,-22432000000.0,29624000000.0,18781000000.0,7842000000.0,16759000000.0,106.76498512564086,70.55230800241887,153.7764563596049,0.8429730018141074,1.2756492671637951,0.5852651448121277,0.1619139406995861,1.490180198420733,2024-04-25,5.14,bmo,16053889047.0,2025-04-25,2024-03-31,0.0894941634241245,319.61,2469285.475409836
2023-12-31,CAT,USD,18230,2024-02-16,2024-02-16 10:05:13,2023,Q4,17070000000.0,11304000000.0,5766000000.0,0.3377855888,554000000,0.0,0.0,1756000000.0,-322000000.0,2632000000.0,13936000000.0,170000000.0,126000000.0,545000000.0,3920000000.0,0.2296426479,3134000000.0,0.1835969537,115000000.0,3249000000.0,0.1903339192,587000000.0,2676000000.0,0.1567662566,5.31,5.28,504400000,507000000,https://www.sec.gov/Archives/edgar/data/18230/000001823024000009/0000018230-24-000009-index.htm,https://www.sec.gov/Archives/edgar/data/18230/000001823024000009/cat-20231231.htm,33.84218873909595,5.305313243457573,7.936161776367962,6.243061062648692,13.834258524980177,38.66574147501983,27.024187153053138,38.64789849325932,75.34496431403647,149135948000.0,180035948000.0,13.93273056801196,8.7367280609256,37.2560449662753,47.359780247697685,7.650351287575664,7.650351287575664,10.546921382542472,45.92753775510205,44.97525555833125,57.17241918069228,0.0179433599738139,0.0211149628391405,1.943059402893198,0.4330101970826284,7.88265306122449,1.351906242801198,24.873015873015877,1.4958893871449923,0.0044389029531632,0.2473841554559043,0.0,0.0324545987111892,0.0671269834011614,0.2133399950037472,0.0500292911540714,1.5669724770642202,0.0017574692442882,67.92188287608114,0.0388151459050662,0.03279251017107,-76.5216098334655,12221000000.0,13631000000.0,-21024000000.0,30773000000.0,18781000000.0,7866500000.0,17072500000.0,99.2267135325132,62.94585987261146,131.88694267515925,0.9070138150903294,1.4298001517834555,0.6824026562028374,0.1372730070791012,1.6931007137192704,2024-02-05,4.75,bmo,17104900000.0,2025-04-25,2023-12-31,0.1010526315789474,259.41063492063495,3166448.4444444445
2023-09-30,CAT,USD,18230,2023-11-01,2023-11-01 10:03:02,2023,Q3,16810000000.0,10863000000.0,5947000000.0,0.3537775134,554000000,0.0,0.0,1624000000.0,195000000.0,2498000000.0,13361000000.0,135000000.0,129000000.0,525000000.0,3962000000.0,0.2356930399,3449000000.0,0.2051754908,66000000.0,3515000000.0,0.2091017252,734000000.0,2794000000.0,0.1662105889,5.48,5.45,509800000,512600000,https://www.sec.gov/Archives/edgar/data/18230/000001823023000056/0000018230-23-000056-index.htm,https://www.sec.gov/Archives/edgar/data/18230/000001823023000056/cat-20230930.htm,32.97371518242448,5.4805806198509215,7.963907414672421,6.431934091800706,12.838367987446055,40.22557865829737,28.70733621027854,40.19027069438996,73.10317771675167,139175400000.0,169769400000.0,12.45306012884753,8.279321832242713,34.27965517241379,42.44446477584629,6.792688759822344,6.792688759822344,10.09930993456276,42.84941948510853,41.81512315270936,51.774748398902105,0.0200753868859008,0.0235601981384641,1.8126311679437748,0.4279130324572824,7.7218576476527,1.449251298152397,26.73643410852713,1.4536340852130325,0.0047637729081432,0.2372942018611309,0.0,0.0329565734681737,0.0676567846896567,0.1923645320197044,0.0464604402141582,1.4876190476190476,0.0035693039857227,70.39876007551774,0.0410053357298399,0.0345283555160098,-72.366614358572,14881000000.0,14635000000.0,-18279000000.0,33040000000.0,18723000000.0,8135000000.0,17663000000.0,100.34384295062462,64.84672742336372,145.65037282518642,0.8969160175008003,1.3878880797240325,0.6179180887372013,0.1363658548489433,1.5319733228717145,2023-10-31,4.79,bmo,16534700000.0,2025-04-25,2023-09-30,0.1524008350730687,271.28301587301587,2534050.4444444445
2023-06-30,CAT,USD,18230,2023-08-02,2023-08-02 10:16:35,2023,Q2,17318000000.0,11310000000.0,6008000000.0,0.3469222774,528000000,0.0,0.0,1528000000.0,127000000.0,2356000000.0,13666000000.0,96000000.0,127000000.0,542000000.0,4421000000.0,0.25528352,3652000000.0,0.2108788544,0.0,3652000000.0,0.2108788544,752000000.0,2922000000.0,0.1687261809,5.7,5.67,512900000,515000000,https://www.sec.gov/Archives/edgar/data/18230/000001823023000047/0000018230-23-000047-index.htm,https://www.sec.gov/Archives/edgar/data/18230/000001823023000047/cat-20230630.htm,33.76486644570092,5.697016962370832,6.334568141938,4.956131799571066,14.402417625268084,35.59368297913824,24.04562292844609,35.55273932540456,73.74926886332618,126199045000.0,156511045000.0,10.797317334017796,7.287160468876314,38.8424269005848,49.64557238394965,6.920704414587333,6.920704414587333,9.037478057512416,35.401729246776746,48.17206678978147,61.57004130605822,0.0231538994609666,0.0201427831724083,2.067397861255827,0.4413007597129713,6.856367337706401,1.330916916803534,28.755905511811022,1.1111491108071136,0.0048970259640237,0.2114989733059548,0.0,0.0304885090657119,0.0693340512952579,0.2176054170514004,0.0408245755860953,1.3044280442804428,0.0042730107402702,67.50742609076806,0.0447344470668085,0.0367528677802374,-71.91070384090466,11686000000.0,12333000000.0,-20171000000.0,29733000000.0,18526500000.0,8697000000.0,17689500000.0,97.20291026677448,67.18567639257294,141.21485411140583,0.9258982035928144,1.3395712424493664,0.6373267215147076,0.1602412942144228,1.378436342366933,2023-08-01,4.58,bmo,16485100000.0,2025-04-25,2023-06-30,0.2117903930131003,222.95870967741936,3206955.64516129
2023-03-31,CAT,USD,18230,2023-05-03,2023-05-03 10:19:47,2023,Q1,15862000000.0,10320000000.0,5542000000.0,0.3493884756,472000000,0.0,0.0,1463000000.0,876000000.0,2811000000.0,13131000000.0,93000000.0,129000000.0,532000000.0,3829000000.0,0.2413945278,2731000000.0,0.1721724877,-97000000.0,2634000000.0,0.1660572437,708000000.0,1943000000.0,0.1224940108,3.76,3.74,516200000,519400000,https://www.sec.gov/Archives/edgar/data/18230/000001823023000022/0000018230-23-000022-index.htm,https://www.sec.gov/Archives/edgar/data/18230/000001823023000022/cat-20230331.htm,30.72839984502131,3.764044943820225,3.04726850058117,1.5943432777993023,13.151879116621464,35.19953506392871,23.570321580782643,35.15885315769082,72.00116234017823,118127208000.0,148376208000.0,15.199074626865672,7.447182448619341,75.09676287349015,143.53245200486026,6.508744724227229,6.508744724227229,9.354192913882237,38.75064194306607,94.32689637635092,180.2870085054678,0.0164483697947047,0.0069670655383643,2.0407735963413964,0.4427787540795467,7.899973883520501,1.4339551535707555,21.170542635658915,0.809989701338826,0.0052485791419026,0.319094184251158,0.0,0.0297566511158744,0.0717641573718753,0.4767959313413858,0.0472828142731055,1.4097744360902256,0.0027739251040221,54.567745306373865,0.031215642891601,0.0250238260824768,-69.95689655172414,13818000000.0,12167000000.0,-19819000000.0,31794000000.0,18109000000.0,8820000000.0,16951500000.0,104.11108309166562,78.06104651162791,153.77616279069767,0.8644612785437898,1.1529438051614345,0.5852662621221573,0.1070582401234227,1.4529252227818674,2023-04-27,3.79,bmo,16032000000.0,2025-04-25,2023-03-31,0.2955145118733509,241.75596774193548,3354091.4516129037
2022-12-31,CAT,USD,18230,2023-02-15,2023-02-15 10:27:56,2022,Q4,16597000000.0,11802000000.0,4795000000.0,0.2889076339,401000000,0.0,0.0,1479000000.0,1235000000.0,3115000000.0,14917000000.0,69000000.0,117000000.0,558000000.0,3850000000.0,0.2319696331,1680000000.0,0.1012231126,419000000.0,2099000000.0,0.1264686389,644000000.0,1454000000.0,0.0876061939,2.81,2.79,517400000,520900000,https://www.sec.gov/Archives/edgar/data/18230/000001823023000011/0000018230-23-000011-index.htm,https://www.sec.gov/Archives/edgar/data/18230/000001823023000011/cat-20221231.htm,32.07769617317356,2.8102048705063782,5.29377657518361,3.9253962118283727,13.536915345960573,30.71318129107074,19.0278314650174,30.670660997294164,71.7240046385775,123948344000.0,153937344000.0,21.31161348005502,7.468117370609146,45.25313764147499,61.02823436730674,7.810721784611507,7.810721784611507,9.275010182563111,39.98372571428571,56.20202409638554,75.7938670605613,0.0117306932313674,0.0163858582894822,2.3311487806415023,0.4514479577267125,7.7893506493506495,1.3886334083917415,14.35897435897436,1.8837689133425035,0.0050020837712845,0.4264099037138927,0.0,0.0241609929505332,0.0737829954968697,0.2584884994523548,0.0426583117430861,1.2688172043010753,0.0,44.03741500832601,0.0188772195261158,0.0191575424588587,-72.49951681484345,12254000000.0,9845000000.0,-22267000000.0,30328000000.0,17472500000.0,8474500000.0,16565000000.0,96.89763210218716,66.26080325368582,124.07219115404168,0.9288152666629358,1.3582690758430198,0.7253841425937307,0.0916251811708362,1.3683803633552378,2023-01-31,3.95,bmo,15822870897.0,2025-04-25,2022-12-31,-0.0227848101265823,217.69603174603176,3170423.634920635
2022-09-30,CAT,USD,18230,2022-11-02,2022-11-02 10:37:08,2022,Q3,14994000000.0,10353000000.0,4641000000.0,0.3095238095,476000000,0.0,0.0,1401000000.0,242000000.0,2216000000.0,12569000000.0,52000000.0,109000000.0,551000000.0,3218000000.0,0.214619181,2425000000.0,0.1617313592,133000000.0,2558000000.0,0.170601574,527000000.0,2041000000.0,0.1361211151,3.89,3.87,525000000,527600000,https://www.sec.gov/Archives/edgar/data/18230/000001823022000223/0000018230-22-000223-index.htm,https://www.sec.gov/Archives/edgar/data/18230/000001823022000223/cat-20220930.htm,28.56,3.887619047619048,4.725714285714286,3.5504761904761906,12.087619047619048,29.75619047619048,16.617142857142856,29.697142857142858,69.77904761904762,86142000000.0,116321000000.0,10.551445369916708,5.745098039215686,34.72067714631197,46.21351931330472,5.525110640754281,5.525110640754281,7.757836467920502,36.14698570540708,46.88472390165256,62.40396995708154,0.0236934364189361,0.021638689605535,2.342697710217433,0.4514442508064815,9.378185208203853,1.409741076749884,22.24770642201835,1.2161764705882352,0.0073483318241972,0.3101420872121509,0.0,0.0317460317460317,0.0852583830818099,0.2486900443369609,0.0411497932506335,1.1197822141560798,0.0036681339202347,50.96716109618115,0.0311952285879157,0.0275777270331986,-71.81333333333333,12375000000.0,8724000000.0,-22708000000.0,30916000000.0,17195500000.0,8176000000.0,16370500000.0,102.4969987995198,71.80527383367141,146.56621269197333,0.8780744905130007,1.2533898305084743,0.6140569395017793,0.1309088576742992,1.1752380952380952,2022-10-27,3.16,bmo,14364693800.0,2025-04-25,2022-09-30,0.25,182.67421875,2710836.359375
2022-06-30,CAT,USD,18230,2022-08-03,2022-08-03 10:25:33,2022,Q2,14247000000.0,10095000000.0,4152000000.0,0.2914297747,480000000,0.0,0.0,1425000000.0,303000000.0,2208000000.0,12303000000.0,25000000.0,108000000.0,553000000.0,2757000000.0,0.1935144241,1944000000.0,0.1364497789,152000000.0,2096000000.0,0.1471186917,427000000.0,1673000000.0,0.1174282305,3.15,3.13,531000000,534100000,https://www.sec.gov/Archives/edgar/data/18230/000001823022000183/0000018230-22-000183-index.htm,https://www.sec.gov/Archives/edgar/data/18230/000001823022000183/cat-20220630.htm,26.83050847457627,3.150659133709981,4.2052730696798495,3.0847457627118646,11.325800376647834,29.67796610169492,16.337099811676083,29.617702448210924,69.81167608286252,94921560000.0,125869560000.0,14.184333532576211,6.662564750473784,42.5085356023287,57.94967032967033,6.035579576524448,6.035579576524448,8.834811539271426,45.65453754080522,56.367917599641736,76.84344322344322,0.0176250790652829,0.0172563535618251,2.350225726457684,0.4557189884966772,11.225244831338411,1.449504540275524,18.0,1.334728033472803,0.0062367285156291,0.3538553496712492,0.0,0.0336913034323015,0.0873414131949153,0.2664576802507837,0.0417631782129571,1.0759493670886076,0.0047027444374254,45.8213258931265,0.0246150340905904,0.0226010834470367,-72.33003766478343,13019000000.0,8675000000.0,-23366000000.0,31847000000.0,17726500000.0,8226500000.0,15459500000.0,109.38092229943146,72.14264487369985,141.58395245170877,0.8228125902396766,1.2475284231339594,0.6356652603740318,0.1063775672410504,1.1205273069679849,2022-08-02,3.01,bmo,14275366839.0,2025-04-25,2022-06-30,0.0564784053156147,210.7358064516129,3224084.9516129037
2022-03-31,CAT,USD,18230,2022-05-04,2022-05-04 10:47:23,2022,Q1,13589000000.0,9665000000.0,3924000000.0,0.28876297,457000000,0.0,0.0,1346000000.0,266000000.0,2069000000.0,11734000000.0,21000000.0,109000000.0,557000000.0,2665000000.0,0.1961145044,1855000000.0,0.1365074693,144000000.0,1999000000.0,0.1471042755,469000000.0,1537000000.0,0.1131061888,2.88,2.86,534500000,538300000,https://www.sec.gov/Archives/edgar/data/18230/000001823022000112/0000018230-22-000112-index.htm,https://www.sec.gov/Archives/edgar/data/18230/000001823022000112/cat-20220331.htm,25.42376052385407,2.875584658559401,0.5855940130963517,-0.6847521047708138,12.209541627689427,31.98690364826941,18.404115996258184,31.92703461178672,70.5201122544434,119097290000.0,150155290000.0,19.371712752114508,8.764242401942747,380.5025239616613,-325.40243169398906,6.979038382654556,6.979038382654556,11.04976745897417,56.34344840525328,479.7293610223642,-410.2603551912569,0.0129054153961017,-0.003073117784628,2.2024025783767947,0.4568039282415285,11.654033771106942,1.4414872003250712,17.01834862385321,0.2036434612882238,0.0049959155241903,0.3871177618737801,0.0,0.0336301420266391,0.0882395838397588,2.169329073482428,0.0499668849804989,1.2190305206463197,0.0029435572889837,45.449973000721904,0.0218257197037128,0.0204889623546976,-70.21608980355472,13038000000.0,9837000000.0,-22609000000.0,32230000000.0,17756500000.0,8257500000.0,14538000000.0,120.12804474207078,77.8572167615106,140.03310915675115,0.7492005733818503,1.1559622054778136,0.6427051469610321,0.0900673893934954,1.2703461178671656,2022-04-28,2.6,bmo,13252762773.0,2025-04-25,2022-03-31,0.1076923076923076,209.72516129032255,4044222.8870967743
2021-12-31,CAT,USD,18230,2022-02-16,2022-02-16 10:50:47,2021,Q4,13798000000.0,10106000000.0,3692000000.0,0.2675750109,439000000,0.0,0.0,1422000000.0,1063000000.0,2081000000.0,12187000000.0,16000000.0,112000000.0,586000000.0,3112000000.0,0.2255399333,1611000000.0,0.1167560516,951000000.0,2562000000.0,0.1856790839,429000000.0,2120000000.0,0.1536454559,3.94,3.91,538700000,542600000,https://www.sec.gov/Archives/edgar/data/18230/000001823022000050/0000018230-22-000050-index.htm,https://www.sec.gov/Archives/edgar/data/18230/000001823022000050/cat-20211231.htm,25.61351401522183,3.9354000371264153,2.621124930387971,1.1639131241878595,17.17839242621125,30.65899387414145,16.98533506589939,30.59959160943011,70.35641358826805,111370838000.0,139905838000.0,13.13335353773585,8.07152036527033,78.87453116147309,177.62494098883573,6.756299320553264,6.756299320553264,10.139573706334252,44.95688881748072,99.08345467422096,223.135307814992,0.0190355037105853,0.0056298400125174,2.2924654210143167,0.456427475752781,9.169344473007712,1.455925218614936,14.383928571428571,0.6660377358490566,0.0053784276993587,0.2825471698113208,0.0,0.0318162052471372,0.0889688741801843,0.5559490084985835,0.0568923032323525,1.3395904436860069,-0.0603710682707638,52.05273061046461,0.0207295352347498,0.0281066461611889,-68.63328383144608,13608000000.0,9150000000.0,-22822000000.0,33064000000.0,16970500000.0,7686000000.0,13852000000.0,113.33164226699522,72.61626756382347,125.0168216900851,0.7941294964028777,1.239391709590385,0.7199031201025787,0.1286095607862169,1.4572118062001114,2022-01-28,2.23,bmo,13200886006.0,2025-04-25,2021-12-31,0.2062780269058295,201.3575,3138234.65625
2021-09-30,CAT,USD,18230,2021-11-03,2021-11-03 15:55:20,2021,Q3,12397000000.0,8728000000.0,3669000000.0,0.2959586997,427000000,0.0,0.0,1340000000.0,225000000.0,2005000000.0,10733000000.0,20000000.0,114000000.0,593000000.0,2482000000.0,0.2002097282,1664000000.0,0.1342260224,111000000.0,1775000000.0,0.1431798016,368000000.0,1426000000.0,0.1150278293,2.62,2.6,544000000,547600000,https://www.sec.gov/Archives/edgar/data/18230/000001823021000260/0000018230-21-000260-index.htm,https://www.sec.gov/Archives/edgar/data/18230/000001823021000260/cat-20210930.htm,22.78860294117647,2.6213235294117645,3.198529411764706,2.119485294117647,17.363970588235293,30.68933823529412,16.950367647058822,30.634191176470587,67.82720588235294,104431680000.0,131769680000.0,18.30849929873773,8.423947729289344,60.01820689655172,90.5738768430182,6.266527452745275,6.266527452745275,10.629158667419537,53.09012087026591,75.72970114942528,114.284197745013,0.0136548602876062,0.0110407110179593,2.207260726072607,0.4553376906318083,11.01450443190975,1.61275793039729,14.596491228070176,1.218487394957983,0.0058124124786654,0.4256661991584852,0.0,0.0344438170525127,0.0925183204594969,0.3373563218390805,0.0473501653625877,0.9898819561551432,-0.0046785512624021,42.50644466485128,0.0204694893967298,0.0194516437048151,-65.046875,15917000000.0,9221000000.0,-22196000000.0,35295000000.0,16964500000.0,7069500000.0,13169000000.0,120.2661934338953,74.429422548121,140.91888175985335,0.748339973439575,1.2091992241618177,0.6386653007463778,0.0855685568556855,1.0790441176470589,2021-10-28,2.2,bmo,12557400000.0,2025-04-25,2021-09-30,0.209090909090909,208.25765625,3414442.296875
2021-06-30,CAT,USD,18230,2021-08-04,2021-08-04 11:06:39,2021,Q2,12889000000.0,8997000000.0,3892000000.0,0.3019629141,446000000,0.0,0.0,1364000000.0,201000000.0,2103000000.0,11100000000.0,17000000.0,120000000.0,587000000.0,2525000000.0,0.1959034836,1789000000.0,0.1388005276,81000000.0,1870000000.0,0.1450849562,470000000.0,1413000000.0,0.1096283653,2.58,2.56,547100000,547900000,https://www.sec.gov/Archives/edgar/data/18230/000001823021000221/0000018230-21-000221-index.htm,https://www.sec.gov/Archives/edgar/data/18230/000001823021000221/cat-20210630.htm,23.558764394077865,2.5827088283677573,3.8713215134344727,2.781941144214952,0.0,30.853591665143483,17.05721074757814,30.767684152805703,68.91793090842624,119065373000.0,156650373000.0,21.06606033262561,9.23775102800838,56.21594570349386,78.22954862023653,7.073330541198835,7.073330541198835,12.153803475832104,62.03975168316832,73.96146033994334,102.92402956636003,0.0118674301721626,0.0127828936461652,2.2328164914156714,0.4600536127397578,14.885148514851483,1.5612185546022974,14.908333333333331,1.497878359264498,0.0047368935719035,0.3991507430997877,0.0,0.034603149972845,0.0923901734457813,0.2813975448536355,0.046240980681201,1.0153321976149914,-0.0053534021258437,42.28403142466841,0.0204263884210775,0.0190562246287879,-83.09038566989581,15438000000.0,9332000000.0,-21871000000.0,35000000000.0,17325500000.0,6807500000.0,12410500000.0,121.24059275351075,69.23307769256418,126.76225408469487,0.7423256349709152,1.2999566536627656,0.7099905303030303,0.0839422562823026,1.0893803692195212,2021-07-30,2.4,bmo,12580000000.0,2025-04-25,2021-06-30,0.0833333333333334,230.95603174603173,3456386.3174603176
2021-03-31,CAT,USD,18230,2021-05-05,2021-05-05 10:42:43,2021,Q1,11887000000.0,8137000000.0,3750000000.0,0.3154706823,374000000,0.0,0.0,1239000000.0,325000000.0,1936000000.0,10073000000.0,6000000.0,142000000.0,586000000.0,2586000000.0,0.2175485825,1814000000.0,0.1526036847,183000000.0,1997000000.0,0.167998654,475000000.0,1530000000.0,0.1287120384,2.8,2.77,546400000,551400000,https://www.sec.gov/Archives/edgar/data/18230/000001823021000151/0000018230-21-000151-index.htm,https://www.sec.gov/Archives/edgar/data/18230/000001823021000151/cat-20210331.htm,21.755124450951683,2.8001464128843336,3.5285505124450958,2.6061493411420207,0.0,30.41178623718887,16.52269399707174,30.33125915080527,70.13543191800879,126693768000.0,164873768000.0,20.701596078431376,10.6581785143434,65.71253526970955,88.97034269662922,7.644588668315936,7.644588668315936,13.87009068730546,63.75629079659706,85.5154398340249,115.7821404494382,0.012076363535103,0.0112397004405141,2.303747058468593,0.4729403312316516,14.764114462490332,1.6021145308149598,12.774647887323944,1.2593076420640104,0.0044358930109332,0.3673202614379085,0.0,0.0314629427105241,0.0940058714959927,0.2614107883817427,0.0423992596954656,0.8600682593856656,0.0035332716412888,43.714634236847175,0.0209553284075412,0.0209187858900738,-82.48810395314787,16003000000.0,9028000000.0,-21531000000.0,35724000000.0,17034000000.0,6411000000.0,11775500000.0,130.89257171700177,74.03957232395233,134.375076809635,0.6875867653863952,1.2155661786674634,0.669767059017203,0.0923188318349122,0.9224011713030746,2021-04-29,1.94,bmo,10989300000.0,2025-04-25,2021-03-31,0.4793814432989691,207.01983606557377,3438844.0
2020-12-31,CAT,USD,18230,2021-02-17,2021-02-17 10:41:38,2020,Q4,11235000000.0,7912000000.0,3323000000.0,0.2957721406,374000000,0.0,0.0,1216000000.0,-309000000.0,1943000000.0,9855000000.0,21000000.0,130000000.0,617000000.0,1786000000.0,0.1589675122,1380000000.0,0.1228304406,-439000000.0,941000000.0,0.0837561193,167000000.0,780000000.0,0.0694259012,1.43,1.42,544500000,549500000,https://www.sec.gov/Archives/edgar/data/18230/000001823021000063/0000018230-21-000063-index.htm,https://www.sec.gov/Archives/edgar/data/18230/000001823021000063/cat-20201231.htm,20.633608815427,1.4325068870523416,3.805325987144169,2.659320477502296,17.175390266299356,28.24242424242424,14.097337006427916,28.156106519742885,68.49035812672176,99109890000.0,126920890000.0,31.765990384615385,8.821530040053405,47.8329584942085,68.44605662983426,6.464672232731068,6.464672232731068,11.296919448153092,71.0643281075028,61.25525579150579,87.65254834254144,0.0078700521209336,0.0146100454757845,2.4240427891200835,0.4744778101220571,15.571668533034714,1.534549130925069,10.615384615384617,2.6564102564102563,0.0056502938304138,0.717948717948718,0.0,0.0332888295505117,0.0983351207803483,0.3011583011583011,0.0555407209612817,1.0113452188006482,0.0390743213173119,30.12492110027009,0.0177994751444507,0.0110447169437285,-64.84481175390266,13747000000.0,7676000000.0,-23482000000.0,33850000000.0,16357500000.0,5660500000.0,11427500000.0,134.4192256341789,69.70677451971689,129.69919110212336,0.6695470798569726,1.2911227154046998,0.6939133485353447,0.0508773074163459,1.1460055096418733,2021-01-29,1.46,bmo,10699640938.0,2025-04-25,2020-12-31,0.452054794520548,169.5815625,3139549.75
2020-09-30,CAT,USD,18230,2020-11-04,2020-11-04 10:29:05,2020,Q3,9881000000.0,7056000000.0,2825000000.0,0.2859022366,344000000,0.0,0.0,1126000000.0,14000000.0,1840000000.0,8896000000.0,21000000.0,136000000.0,593000000.0,1768000000.0,0.1789292582,985000000.0,0.0996862666,-122000000.0,863000000.0,0.0873393381,187000000.0,668000000.0,0.0676044935,1.23,1.22,542300000,546400000,https://www.sec.gov/Archives/edgar/data/18230/000001823020000297/0000018230-20-000297-index.htm,https://www.sec.gov/Archives/edgar/data/18230/000001823020000297/cat-20200930.htm,18.22054213534944,1.2317905218513738,3.197492163009404,2.2884012539184955,0.0,27.64890282131661,13.510971786833856,27.565922920892493,70.55504333394799,80884045000.0,119010045000.0,30.2709749251497,8.185815706912257,46.64593137254902,65.17650684931507,5.410665930831494,5.410665930831494,12.0443320514118,67.31337386877829,68.63324394463667,95.89850523771152,0.0082587363181453,0.015342951752722,2.5504047093451065,0.4968139586401011,21.56447963800905,1.542717591480503,7.242647058823529,2.584202682563338,0.0068987647687501,0.8353293413173652,0.0,0.0348142900516142,0.0999074810075448,0.284313725490196,0.0498937354518773,0.8313659359190556,-0.0055662382349964,27.64050393988721,0.0120968974090591,0.0096707878507108,-81.26359948368062,13556000000.0,7327000000.0,-23213000000.0,33455000000.0,15925000000.0,5138000000.0,11412000000.0,145.14219208582125,66.23724489795919,146.0841836734694,0.6200815814245372,1.3587521663778164,0.6160831223260281,0.0446852632283095,0.9090909090909092,2020-10-27,1.18,bmo,8701179104.0,2025-04-25,2020-09-30,0.1355932203389832,140.4746875,3112871.484375
2020-06-30,CAT,USD,18230,2020-08-05,2020-08-05 10:50:24,2020,Q2,9997000000.0,7262000000.0,2735000000.0,0.2735820746,341000000,0.0,0.0,1179000000.0,29000000.0,1951000000.0,9213000000.0,27000000.0,135000000.0,608000000.0,1642000000.0,0.1642492748,784000000.0,0.0784235271,-106000000.0,678000000.0,0.0678203461,227000000.0,458000000.0,0.0458137441,0.84,0.84,541500000,544500000,https://www.sec.gov/Archives/edgar/data/18230/000001823020000214/0000018230-20-000214-index.htm,https://www.sec.gov/Archives/edgar/data/18230/000001823020000214/cat10q6302020.htm,18.46168051708218,0.8457987072945522,2.5687903970452446,1.7377654662973223,0.0,25.442289935364727,11.385041551246536,25.36288088642659,71.57340720221606,68499750000.0,107121750000.0,37.39069323144105,6.852030609182755,49.24496764917326,72.79463336875664,4.98760375709917,4.98760375709917,10.715389616885066,65.23858099878197,77.0106038820992,113.83820403825716,0.0066861557888897,0.0137372764134175,2.8121450415028395,0.5044275526996317,23.521315468940315,1.5006143236494789,5.807407407407408,3.030501089324619,0.008146015131442,1.218340611353712,0.0,0.0341102330699209,0.0994174960165086,0.3235082674335011,0.0450135040512153,0.7401315789473685,-0.0132039611883565,21.969696561573617,0.0082713770734936,0.0066421092322417,-83.41135734072022,12631000000.0,6165000000.0,-24927000000.0,32600000000.0,16434500000.0,5426000000.0,11559500000.0,143.2779833950185,62.99504268796474,140.9239878821261,0.6281495444549168,1.4286838481211883,0.6386421598803975,0.0333478957332168,0.8310249307479224,2020-07-31,0.64,bmo,6211728155.0,2025-04-25,2020-06-30,0.609375,118.5577777777778,4531779.984126984
2020-03-31,CAT,USD,18230,2020-05-06,2020-05-06 13:09:58,2020,Q1,10635000000.0,7441000000.0,3194000000.0,0.300329102,356000000,0.0,0.0,1121000000.0,222000000.0,1790000000.0,9231000000.0,43000000.0,113000000.0,614000000.0,2071000000.0,0.1947343677,1404000000.0,0.1320169252,109000000.0,1513000000.0,0.1422661025,425000000.0,1092000000.0,0.1026798307,2.0,1.98,546800000,551100000,https://www.sec.gov/Archives/edgar/data/18230/000001823020000155/0000018230-20-000155-index.htm,https://www.sec.gov/Archives/edgar/data/18230/000001823020000155/cat10q3312020.htm,19.44952450621799,1.9970738844184344,2.0665691294806146,1.0643745427944404,0.0,26.04059985369422,12.10863204096562,25.963789319678128,68.04316020482808,63450672000.0,100543672000.0,14.526252747252748,5.96621269393512,56.15103716814159,109.02177319587628,4.469301401704586,4.469301401704586,9.454035919134933,48.548368903911154,88.97670088495575,172.7554501718213,0.0172102196175321,0.0091724796862671,2.6127350848770865,0.4887474635676074,17.91067117334621,1.4174837833760747,12.424778761061948,1.0338517840805124,0.0089360755706417,0.5192307692307693,0.0,0.0334743770568876,0.1003768413840356,0.4849557522123894,0.0515279736718382,0.8925081433224755,0.0044193700047014,34.156421443040664,0.0162574148582668,0.0159939070830159,-78.7591441111924,11070000000.0,6621000000.0,-24069000000.0,31176000000.0,17429000000.0,5863000000.0,11507000000.0,143.47531734837798,69.77691170541594,142.09380459615645,0.6272855963194527,1.2898249263303865,0.633384405856316,0.0769176586602803,1.002194586686174,2020-04-28,1.69,bmo,11233218750.0,2025-04-25,2020-03-31,-0.0532544378698224,127.7333870967742,4767818.645161291
2019-12-31,CAT,USD,18230,2020-02-19,2020-02-19 14:12:34,2019,Q4,13144000000.0,9300000000.0,3844000000.0,0.2924528302,386000000,0.0,0.0,1283000000.0,-373000000.0,1994000000.0,11294000000.0,46000000.0,112000000.0,644000000.0,2103000000.0,0.1599969568,1850000000.0,0.1407486306,-485000000.0,1365000000.0,0.1038496652,276000000.0,1098000000.0,0.0835362142,2.0,1.97,550300000,556100000,https://www.sec.gov/Archives/edgar/data/18230/000001823020000056/0000018230-20-000056-index.htm,https://www.sec.gov/Archives/edgar/data/18230/000001823020000056/cat10-k12312019.htm,23.88515355260767,1.995275304379429,4.423041977103398,2.9456660003634383,0.0,26.5836816282028,12.480465200799564,26.509176812647645,68.63347265128112,81268304000.0,118925304000.0,18.50371220400729,6.1829202678028,33.388785538208715,50.13467242442936,5.570901014532493,5.570901014532493,9.04787766281193,56.55031098430813,48.86002629416598,73.36539420111042,0.0135108024402724,0.0199462757337719,2.5813682478749658,0.479994391546531,17.90632429862102,1.472258743097555,16.517857142857142,2.218778486782133,0.006989194704986,0.517304189435337,0.0,0.0293670115642118,0.0989254713012886,0.3340180772391126,0.0618533171028606,1.2624223602484472,0.0026628119293974,34.49775182904434,0.0233504313684037,0.0155321677134612,-81.34290387061603,12572000000.0,6868000000.0,-24631000000.0,33237000000.0,17685500000.0,6049000000.0,11723000000.0,122.5928180158247,57.648387096774194,109.02580645161292,0.7341376228775692,1.561188517710257,0.8254926327001598,0.0752673430216616,1.47737597673996,2020-01-31,2.37,bmo,11894570342.0,2025-04-25,2019-12-31,0.1097046413502108,139.55359375,3429098.15625
2019-09-30,CAT,USD,18230,2019-10-31,2019-10-31 10:52:48,2019,Q3,12758000000.0,8758000000.0,4000000000.0,0.3135287663,431000000,0.0,0.0,1251000000.0,88000000.0,1980000000.0,10738000000.0,50000000.0,103000000.0,645000000.0,2708000000.0,0.2122589748,2020000000.0,0.158332027,-15000000.0,2005000000.0,0.1571562941,518000000.0,1494000000.0,0.1171029942,2.69,2.66,556300000,561200000,https://www.sec.gov/Archives/edgar/data/18230/000001823019000281/0000018230-19-000281-index.htm,https://www.sec.gov/Archives/edgar/data/18230/000001823019000281/cat10q9302019.htm,22.933668883695848,2.685601294265684,1.3823476541434478,0.2480675894301635,0.0,26.951285277727845,12.980406255617472,26.87758403738989,68.32464497573253,70266253000.0,108172253000.0,11.758074464524766,5.507622903276376,91.37354096228869,509.1757463768116,4.69945512306046,4.69945512306046,8.478778256780059,39.9454405465288,140.66612873862158,783.8569057971015,0.0212619847539045,0.0019639584310835,2.53517924023542,0.4860179759722026,13.99778434268833,1.4396529539355172,19.611650485436893,0.5147255689424364,0.0082258548780166,0.3868808567603748,0.0,0.0337827245649788,0.0996499685869244,0.8205461638491548,0.049459162878194,0.9782945736434108,0.0044677849192663,40.30019448768024,0.0237383091155015,0.0212756867603708,-78.75202229013122,11959000000.0,7221000000.0,-23840000000.0,32573000000.0,18001000000.0,6581500000.0,12093500000.0,123.21915660761876,63.10687371546016,125.1655629139073,0.730405908284193,1.4261520924930793,0.719047619047619,0.0999197431781701,1.1342800647132842,2019-10-23,2.88,bmo,13813172932.0,2025-04-25,2019-09-30,-0.0763888888888888,127.04796875,4059898.078125
2019-06-30,CAT,USD,18230,2019-08-01,2019-08-01 11:04:05,2019,Q2,14432000000.0,10133000000.0,4299000000.0,0.2978797118,441000000,0.0,0.0,1309000000.0,68000000.0,2086000000.0,12219000000.0,54000000.0,103000000.0,647000000.0,2928000000.0,0.2028824834,2213000000.0,0.1533398004,-35000000.0,2178000000.0,0.1509146341,565000000.0,1620000000.0,0.1122505543,2.85,2.83,567800000,573100000,https://www.sec.gov/Archives/edgar/data/18230/000001823019000224/0000018230-19-000224-index.htm,https://www.sec.gov/Archives/edgar/data/18230/000001823019000224/cat10q6302019.htm,25.417400493131385,2.8531172948221206,4.557942937654103,3.3638605142655864,0.0,26.202888340965128,12.212046495244804,26.130679816836917,64.07361747094048,77561480000.0,113839480000.0,11.969364197530863,5.374271064301552,29.9696599690881,40.608104712041886,5.227571611511761,5.227571611511761,7.887990576496674,38.87960382513661,43.9874343122102,59.6018219895288,0.0208866566238808,0.0246256260195138,2.4451034575722854,0.4581307537853435,12.390027322404372,1.4346133044889129,21.48543689320388,1.5985176034589252,0.0063433549746601,0.3037037037037037,0.0,0.0305570953436807,0.1003194968871153,0.2619783616692426,0.0469789356984478,1.0479134466769706,0.0047117516629711,40.95683858032412,0.0260286594246047,0.0227390761197591,-78.2040331102501,12054000000.0,6934000000.0,-24520000000.0,33170000000.0,18214000000.0,7110000000.0,12173500000.0,115.58689024390245,62.3684989637817,106.64462646797593,0.7786350148367952,1.4430361720307603,0.8439243774464895,0.1091864932263934,1.194082423388517,2019-07-24,3.12,bmo,15910897526.0,2025-04-25,2019-06-30,-0.0929487179487179,132.13746031746032,4315283.079365079
2019-03-31,CAT,USD,18230,2019-05-06,2019-05-06 12:20:29,2019,Q1,13466000000.0,9193000000.0,4273000000.0,0.317317689,435000000,0.0,0.0,1319000000.0,160000000.0,2066000000.0,11259000000.0,0.0,103000000.0,641000000.0,2937000000.0,0.2181048567,2207000000.0,0.1638942522,57000000.0,2264000000.0,0.168127135,387000000.0,1881000000.0,0.1396851329,3.29,3.25,572400000,578800000,https://www.sec.gov/Archives/edgar/data/18230/000001823019000153/0000018230-19-000153-index.htm,https://www.sec.gov/Archives/edgar/data/18230/000001823019000153/cat_10qx3312019.htm,23.525506638714187,3.2861635220125787,1.9584206848357792,1.002795248078267,0.0,27.04053109713487,13.067784765897974,26.96890286512928,62.692173305380855,80279100000.0,116061100000.0,10.669736842105262,5.961614436358236,71.61382694023193,139.85905923344947,5.200434022154564,5.200434022154564,8.61882518936581,39.51688798093292,103.5335414808207,202.19703832752617,0.0234307559501788,0.0071500552447648,2.317937423074432,0.4545131214592384,12.183180115764385,1.428581860668906,21.42718446601942,0.5950106157112527,0.0061535318657035,0.2626262626262626,0.0,0.032303579385118,0.1015928663973782,0.487957181088314,0.0406208228130105,0.8533541341653667,0.0033417495915639,44.65473164785551,0.0290989722417033,0.0265948422124194,-76.27227463312369,11738000000.0,7480000000.0,-24122000000.0,32995000000.0,17672500000.0,7124500000.0,11934500000.0,119.58785088370712,70.46883498313935,120.80931143261176,0.7525848097021182,1.2771603223117534,0.7449756888168557,0.1218501004081103,0.9556254367575122,2019-04-24,2.85,bmo,13053775510.0,2025-04-25,2019-03-31,0.031578947368421,132.82704918032786,4579650.1147540985
2018-12-31,CAT,USD,18230,2019-02-14,2019-02-14 13:25:13,2018,Q4,14342000000.0,10176000000.0,4166000000.0,0.2904755264,466000000,0.0,0.0,1463000000.0,-417000000.0,2283000000.0,12459000000.0,0.0,99000000.0,701000000.0,2176000000.0,0.1517222145,1883000000.0,0.1312927067,-516000000.0,1367000000.0,0.095314461,321000000.0,1048000000.0,0.0730720959,1.8,1.78,581400000,587600000,https://www.sec.gov/Archives/edgar/data/18230/000001823019000034/0000018230-19-000034-index.htm,https://www.sec.gov/Archives/edgar/data/18230/000001823019000034/cat_10-kx12312018.htm,24.66804265565876,1.8025455796353629,3.5827313381492947,2.2291021671826625,0.0,24.217406260749915,10.261437908496733,24.1468868249054,63.04093567251462,73878498000.0,110431498000.0,17.6236875,5.1511991354064985,35.467353816610654,57.00501388888889,5.262376095163472,5.262376095163472,7.699867382512899,50.749769301470586,53.01560153624579,85.20948919753087,0.014185453526681,0.0175423165749796,2.6036754754612152,0.4655899323644423,16.798253676470587,1.3680275001771918,19.02020202020202,1.9857006673021929,0.0068626192156749,0.4837786259541984,0.0,0.0324919815925254,0.1033512081417417,0.3778204512722035,0.0548737972388788,1.122681883024251,0.0023009343187839,31.29427970786744,0.0232978539532202,0.0148874209816038,-78.38923288613691,10385000000.0,5966000000.0,-25826000000.0,32073000000.0,17125000000.0,6919500000.0,11671500000.0,109.51610654023148,62.36143867924528,101.96639150943396,0.8217969287187715,1.4431995461636646,0.8826437678896696,0.0746491915378588,1.3536291709666324,2019-01-28,2.98,bmo,16816698039.0,2025-04-25,2018-12-31,-0.1442953020134228,130.10444444444445,6647546.111111111
2018-09-30,CAT,USD,18230,2018-10-31,2018-10-31 12:14:01,2018,Q3,13510000000.0,9207000000.0,4303000000.0,0.3185048113,479000000,0.0,0.0,1299000000.0,102000000.0,2168000000.0,11375000000.0,59000000.0,102000000.0,698000000.0,2935000000.0,0.2172464841,2135000000.0,0.1580310881,0.0,2135000000.0,0.1580310881,415000000.0,1727000000.0,0.1278312361,2.92,2.88,592100000,599400000,https://www.sec.gov/Archives/edgar/data/18230/000001823018000293/0000018230-18-000293-index.htm,https://www.sec.gov/Archives/edgar/data/18230/000001823018000293/cat_10qx9302018.htm,22.817091707481843,2.916737037662557,2.350954230704273,1.3359229859820976,0.0,26.83668299273771,12.9724708664077,26.769126836682997,60.58942746157744,90164988000.0,125937988000.0,13.052256514186451,6.673944337527757,64.77369827586207,113.98860682680152,5.688642776025237,5.688642776025237,9.321834789045152,42.90902487223169,90.47269252873564,159.2136384323641,0.019153776186384,0.0087728065798666,2.256971608832808,0.4574026007237018,12.188415672913118,1.477125187262321,20.931372549019606,0.8060220034742328,0.0056673883215067,0.2958888245512449,0.0,0.0354552183567727,0.1049623444872073,0.4317528735632184,0.0444855662472242,0.8610315186246418,0.0038490007401924,41.91379645754963,0.0275164778908299,0.0246714285714285,-73.99679108258741,12421000000.0,7681000000.0,-23865000000.0,34237000000.0,16847500000.0,6809500000.0,11534500000.0,111.9037749814952,66.35386119257088,115.48387096774194,0.8042624121919276,1.356364172068356,0.7793296089385475,0.1089589905362776,1.0150312447221752,2018-10-23,2.85,bmo,13462762237.0,2025-04-25,2018-09-30,0.0035087719298244,141.44761904761907,4370642.174603174
2018-06-30,CAT,USD,18230,2018-08-07,2018-08-07 12:17:48,2018,Q2,14011000000.0,9604000000.0,4407000000.0,0.3145385768,462000000,0.0,0.0,1440000000.0,121000000.0,2240000000.0,11844000000.0,45000000.0,102000000.0,686000000.0,3021000000.0,0.2156163015,2167000000.0,0.1546641924,19000000.0,2186000000.0,0.1560202698,490000000.0,1707000000.0,0.1218328456,2.86,2.82,596200000,604200000,https://www.sec.gov/Archives/edgar/data/18230/000001823018000229/0000018230-18-000229-index.htm,https://www.sec.gov/Archives/edgar/data/18230/000001823018000229/cat_10qx6302018.htm,23.50050318685005,2.863133176786313,3.602817846360282,2.309627641730963,0.0,25.062059711506205,11.160684334116068,24.95639047299564,60.83696746058369,80886454000.0,117055454000.0,11.84628793204452,5.773067875240883,37.65663594040968,58.74107044299201,5.4362829491229245,5.4362829491229245,8.354539576047392,38.747253889440586,54.49509031657356,85.00759186637617,0.0211036572328909,0.0170238640947222,2.430875730895893,0.4579107954473521,11.972525653757032,1.3654063604240283,21.245098039215687,1.259824046920821,0.0057611624314746,0.2729935559461042,0.0,0.032974091785026,0.1049286591464418,0.3589385474860335,0.0550281921347512,1.1239067055393586,0.0044250945685532,40.09617269218501,0.0266203100274326,0.0241446130779784,-76.72718886279772,10341000000.0,6654000000.0,-25404000000.0,32381000000.0,16781500000.0,6884500000.0,11101000000.0,108.5382913425166,64.01395251978343,105.4716784673053,0.8292004497839853,1.4059434929000147,0.8533096401599289,0.1147254519792996,1.293190204629319,2018-07-30,2.73,bmo,12878797979.0,2025-04-25,2018-06-30,0.0879120879120879,149.41953125,4695830.015625
2018-03-31,CAT,USD,18230,2018-05-02,2018-05-02 11:32:39,2018,Q1,12859000000.0,8732000000.0,4127000000.0,0.3209425305,443000000,0.0,0.0,1276000000.0,127000000.0,2019000000.0,10751000000.0,36000000.0,101000000.0,681000000.0,2916000000.0,0.2267672447,2108000000.0,0.1639318765,26000000.0,2134000000.0,0.1659538067,472000000.0,1665000000.0,0.1294812971,2.78,2.74,598000000,608000000,https://www.sec.gov/Archives/edgar/data/18230/000001823018000136/0000018230-18-000136-index.htm,https://www.sec.gov/Archives/edgar/data/18230/000001823018000136/cat_10qx3312018.htm,21.50334448160535,2.784280936454849,1.5635451505016722,0.2976588628762542,0.0,25.53846153846154,11.259197324414716,25.42809364548495,59.22408026755853,88133240000.0,123448240000.0,13.23321921921922,6.853817559685823,94.26014973262032,495.1305617977528,5.7959515980534,5.7959515980534,9.600143090442492,42.33478737997257,132.03020320855617,693.5294382022472,0.0188918505662562,0.0020196693097859,2.3224385111140338,0.4526751608685621,12.11076817558299,1.3632946500255456,20.871287128712872,0.5608878224355129,0.0052987953239889,0.2804804804804804,0.0,0.034450579360759,0.1094547132565949,0.8096256684491978,0.0588692744381367,1.1116005873715125,0.0038883272416206,39.91210992567331,0.0261583554205624,0.0239654551997121,-74.86454849498328,9955000000.0,6733000000.0,-25385000000.0,32406000000.0,16429500000.0,6712500000.0,10482500000.0,116.64515125592968,71.50939074667887,112.8298213467705,0.7715708628345134,1.2585759584894782,0.797661459760665,0.109496251479679,1.265886287625418,2018-04-24,2.13,bmo,9712648936.0,2025-04-25,2018-03-31,0.323943661971831,157.9067213114754,6345547.344262295
2017-12-31,CAT,USD,18230,2018-02-15,2018-02-15 12:14:45,2017,Q4,12896000000.0,9051000000.0,3845000000.0,0.2981544665,579000000,0.0,0.0,1606000000.0,119000000.0,2684000000.0,11735000000.0,0.0,169000000.0,724000000.0,2313000000.0,0.1793579404,1161000000.0,0.0900279156,-50000000.0,1111000000.0,0.0861507444,2418000000.0,-1299000000.0,-0.1007289082,-2.18,-2.18,596400000,596400000,https://www.sec.gov/Archives/edgar/data/18230/000001823018000042/0000018230-18-000042-index.htm,https://www.sec.gov/Archives/edgar/data/18230/000001823018000042/cat_10-kx12312017.htm,21.623071763916837,-2.1780684104627768,0.9071093226022804,-0.2649228705566733,0.0,23.08182427900737,9.146545942320593,22.96613011401744,58.764252179745135,93980712000.0,128858712000.0,-18.08712702078522,7.287586228287841,173.71665804066544,-594.8146329113924,6.86140848360955,6.86140848360955,9.992145781637715,55.71064072632944,238.1861589648799,-815.5614683544304,-0.0138219850898767,-0.0016811960309472,2.546397021245528,0.4531846885475949,15.07911802853437,1.34580966172812,6.8698224852071,-0.4164742109314857,0.0049371832807565,-0.3571978444957659,0.0,0.0448976426799007,0.1079883578909072,1.2920517560073936,0.0542028535980148,0.9654696132596684,0.0031792803970223,,-0.0223677718071502,-0.0189217928362296,-77.2002850435949,9313000000.0,5455000000.0,-26952000000.0,31779000000.0,15934000000.0,6300000000.0,10115000000.0,113.00946029776676,64.50447464368578,99.6155120981107,0.7963935033656518,1.3952520425466317,0.9034737472549412,-0.0948382857560049,1.1720321931589537,2018-01-25,1.77,bmo,10686962962.0,2025-04-25,2017-12-31,0.2203389830508475,138.70142857142858,3624931.8412698414
2017-09-30,CAT,USD,18230,2017-11-01,2017-11-01 11:52:07,2017,Q3,11413000000.0,7796000000.0,3617000000.0,0.3169193025,455000000,0.0,0.0,1237000000.0,64000000.0,2040000000.0,9836000000.0,32000000.0,118000000.0,723000000.0,2310000000.0,0.2024007711,1577000000.0,0.1381757645,-54000000.0,1523000000.0,0.1334443179,470000000.0,1059000000.0,0.0927889249,1.79,1.77,592900000,600100000,https://www.sec.gov/Archives/edgar/data/18230/000001823017000305/0000018230-17-000305-index.htm,https://www.sec.gov/Archives/edgar/data/18230/000001823017000305/cat_10qx9302017.htm,19.249451846854445,1.7861359419800975,2.0914150784280654,1.2261764209816155,0.0,26.47495361781076,12.356215213358071,26.35688986338337,60.78934052960027,73940559000.0,109864559000.0,17.455278328611897,6.478626040480155,59.62948306451613,101.70640852819808,4.731590132463045,4.731590132463045,9.626264698151232,47.56041515151515,88.60045080645162,151.12043878954609,0.0143223153073538,0.0098322221231787,2.298841748256223,0.4572810590631364,15.55151515151515,1.4355480060224683,13.364406779661016,1.16870876531574,0.0062347378250142,0.4353163361661945,0.0,0.0398668185402611,0.10655549898167,0.4137096774193548,0.0449487426618768,0.7095435684647303,0.004205730307544,32.545848227316164,0.0171043755215395,0.0150878342760261,-77.58601787822568,11282000000.0,7326000000.0,-25678000000.0,33840000000.0,15635000000.0,5945500000.0,9800000000.0,123.60904232016122,70.57080554130323,117.89122626988198,0.7281020733652313,1.2753149026664483,0.7634155895025461,0.0677673257822998,0.8652386574464497,2017-10-24,1.27,bmo,7433082051.0,2025-04-25,2017-09-30,0.5354330708661417,115.16492063492063,3452111.4603174604
2017-06-30,CAT,USD,18230,2017-08-02,2017-08-02 11:47:06,2017,Q2,11331000000.0,7931000000.0,3400000000.0,0.3000617774,453000000,0.0,0.0,1289000000.0,29000000.0,2149000000.0,10080000000.0,32000000.0,121000000.0,720000000.0,2028000000.0,0.1789780249,1251000000.0,0.1104050834,-25000000.0,1159000000.0,0.1022857647,361000000.0,802000000.0,0.0707792781,1.36,1.35,590200000,595400000,https://www.sec.gov/Archives/edgar/data/18230/000001823017000245/0000018230-17-000245-index.htm,https://www.sec.gov/Archives/edgar/data/18230/000001823017000245/cat_10qx6302017.htm,19.198576753642836,1.3588614029142665,4.032531345306675,2.99051169095222,0.0,23.854625550660792,9.666214842426296,23.73602168756354,63.22094205354117,63422892000.0,100614892000.0,19.77022817955112,5.597289912629071,26.64827394957983,35.933649858356944,4.527296166749946,4.527296166749946,8.879612743800195,49.61286587771203,42.275164705882354,57.00560453257791,0.012645276409029,0.0278290684064044,2.654864729816546,0.4737230925996688,18.33925049309665,1.3148615504923045,10.338842975206612,2.963885429638854,0.007158298615585,0.5660847880299252,0.0,0.0399788191686523,0.1066615717742962,0.2584033613445378,0.0542758803283028,0.8541666666666666,0.0060012355484952,26.939082833760988,0.0135104348322471,0.0114349264286529,-81.39740765842087,8858000000.0,5705000000.0,-27440000000.0,31652000000.0,15406000000.0,5540000000.0,9235000000.0,123.868149324861,65.5680242088009,106.53385449501954,0.7265790317409426,1.372620283835237,0.8448018747337026,0.0572489114140909,1.0420196543544562,2017-07-25,1.26,bmo,9581919463.0,2025-04-25,2017-06-30,0.1825396825396825,101.58396825396824,5089346.888888889
2017-03-31,CAT,USD,18230,2017-05-03,2017-05-03 11:43:09,2017,Q1,9822000000.0,6917000000.0,2905000000.0,0.2957646101,418000000,0.0,0.0,1045000000.0,-5000000.0,2488000000.0,9405000000.0,22000000.0,123000000.0,710000000.0,1773000000.0,0.1805131338,417000000.0,0.0424557117,-91000000.0,289000000.0,0.0294237426,90000000.0,192000000.0,0.0195479536,0.33,0.32,587500000,593200000,https://www.sec.gov/Archives/edgar/data/18230/000001823017000145/0000018230-17-000145-index.htm,https://www.sec.gov/Archives/edgar/data/18230/000001823017000145/cat_10qx3312017.htm,16.718297872340425,0.3268085106382978,2.6229787234042554,1.7565957446808511,0.0,23.251063829787235,9.05872340425532,23.128510638297872,65.37021276595745,54496500000.0,92778500000.0,70.95898437500001,5.548411728772144,35.364373783257626,52.80668604651163,4.010634383279364,4.010634383279364,9.445988597027082,52.32853919909758,60.20668397144711,89.9016472868217,0.003523162037929,0.0189369959538685,2.8173388283779808,0.4936491766496022,21.591652566271858,1.2863397865026236,3.3902439024390243,7.943298969072165,0.0082941106309579,2.3541666666666665,0.0,0.0425575239258806,0.1075191169454151,0.3303049967553537,0.0518224394217063,0.7169014084507043,0.0049888006515984,13.04102632414886,0.0044537607343534,0.0027741255002817,-81.59191489361702,7913000000.0,5322000000.0,-28341000000.0,30978000000.0,14860000000.0,4958000000.0,8848000000.0,139.43494196701283,68.98655486482579,118.16972676015614,0.64546231188802,1.3046020369671822,0.7616163840563752,0.0141301148071828,0.8663829787234043,2017-04-25,0.62,bmo,7939780037.0,2025-04-25,2017-03-31,1.0645161290322582,94.66290322580646,5187859.064516129
2016-12-31,CAT,USD,18230,2017-02-15,2017-02-15 13:45:35,2016,Q4,9574000000.0,7690000000.0,1884000000.0,0.1967829538,522000000,0.0,0.0,1483000000.0,34000000.0,2551000000.0,10241000000.0,0.0,120000000.0,779000000.0,-450000000.0,-0.0470022979,-1262000000.0,-0.1318153332,-86000000.0,-1348000000.0,-0.1407979946,-180000000.0,-1171000000.0,-0.1223104241,-2.0,-2.0,585785570,585800000,https://www.sec.gov/Archives/edgar/data/18230/000001823017000041/0000018230-17-000041-index.htm,https://www.sec.gov/Archives/edgar/data/18230/000001823017000041/cat_10-kx12312016.htm,16.343864530497054,-1.999025001588892,2.8081948143584348,1.565419236940234,0.0,22.55603530827842,8.26923749589803,22.42629500074575,62.99745485365917,54325753761.8,91108753761.8,-11.598154090905208,5.674300580927511,33.02477432328268,59.24291577077426,4.135324180695744,4.135324180695744,9.516268410465845,-202.46389724844445,55.38526064547112,99.35523856248636,-0.021555154211655,0.016879655347641,2.7999543274720256,0.4923832726493896,-81.74,1.223289453543548,-10.516666666666667,-1.4095972579263067,0.0083017716050012,-0.3851409052092229,0.0,0.0545226655525381,0.1120288070250589,0.4425531914893617,0.0760392730311259,0.9345314505776636,0.0032379360768748,,-0.0174853875229899,-0.0176528227933971,-79.05068402418995,5835000000.0,4844000000.0,-29524000000.0,29526000000.0,14509500000.0,4663500000.0,9046000000.0,136.3348652600794,54.0,100.81404421326395,0.6601392815279598,1.6666666666666667,0.8927327606222428,-0.0891375504300829,1.242775577418201,2017-01-26,0.65,bmo,7613060240.0,2025-04-25,2016-12-31,0.2769230769230768,90.62825396825396,5007026.142857143
2016-09-30,CAT,USD,18230,2016-11-02,2016-11-02 11:50:59,2016,Q3,9160000000.0,6674000000.0,2486000000.0,0.2713973799,453000000,0.0,0.0,992000000.0,28000000.0,2005000000.0,8679000000.0,0.0,126000000.0,761000000.0,1519000000.0,0.1658296943,481000000.0,0.052510917,-98000000.0,383000000.0,0.0418122271,96000000.0,283000000.0,0.0308951965,0.48,0.48,584700000,589600000,https://www.sec.gov/Archives/edgar/data/18230/000001823016000715/0000018230-16-000715-index.htm,https://www.sec.gov/Archives/edgar/data/18230/000001823016000715/cat_10qx9302016.htm,15.666153583034037,0.4840088934496322,1.9890542158371816,0.9714383444501452,0.0,26.87703095604584,11.180092355053874,26.757311441765008,63.68394048229862,51903819000.0,89013819000.0,45.85143021201414,5.666355786026201,44.62925107480653,91.37996302816902,3.317597890699904,3.317597890699904,9.717665829694322,58.600275839368,76.53810748065348,156.71447007042252,0.0054523926264462,0.0109433180629733,2.3720038350910837,0.485720269102903,24.43054641211323,1.2652827204428627,3.8174603174603177,4.109540636042403,0.0086698822682007,1.5901060070671378,0.0,0.0494541484716157,0.1201277453469804,0.5116079105760963,0.0649563318777292,0.7818659658344284,0.004475982532751,17.070221902742126,0.005579505128972,0.0042098060216589,-77.06687190011972,6709000000.0,6537000000.0,-28688000000.0,31567000000.0,15021500000.0,4908500000.0,9468000000.0,142.6244541484716,63.55558885226252,127.8124063530117,0.6310278313585009,1.416083174199024,0.7041569951466554,0.0180888462767657,1.017615871387036,2016-10-25,0.75,bmo,8190117647.0,2025-04-25,2016-09-30,0.1333333333333333,81.8146875,4338192.453125
2016-06-30,CAT,USD,18230,2016-08-03,2016-08-03 11:46:53,2016,Q2,10342000000.0,7567000000.0,2775000000.0,0.2683233417,468000000,0.0,0.0,1123000000.0,84000000.0,1990000000.0,9557000000.0,0.0,130000000.0,754000000.0,1662000000.0,0.1607039257,785000000.0,0.0759040804,-48000000.0,739000000.0,0.071456198,184000000.0,550000000.0,0.0531812029,0.94,0.93,584100000,588600000,https://www.sec.gov/Archives/edgar/data/18230/000001823016000630/0000018230-16-000630-index.htm,https://www.sec.gov/Archives/edgar/data/18230/000001823016000630/cat_10qx6302016.htm,17.705872282143467,0.9416195856873822,3.9565142954973465,2.475603492552645,0.0,26.199280945043657,10.227700736175311,26.077726416709467,65.83290532443075,44280621000.0,82603621000.0,20.127555,4.28163034229356,19.16080527909996,30.62283609958506,2.907078584558824,2.907078584558824,7.987199864629665,49.70133634175692,35.74366983989615,57.12560235131397,0.0124207833489959,0.0326553685866329,2.515953256302521,0.4894380587484035,23.058363417569197,1.2362873854982894,6.038461538461538,4.1790235081374325,0.0101624591037239,0.8181818181818182,0.0,0.0452523689808547,0.1191443167305236,0.3742968411942882,0.0836395281376909,1.1472148541114058,0.0043511893250821,23.50519525006854,0.0090062127208839,0.0079743660378999,-79.81980825201164,6423000000.0,5974000000.0,-29391000000.0,31668000000.0,15846500000.0,5102500000.0,9653500000.0,135.1218333011023,60.705695784326686,112.49107968811948,0.6660655632124686,1.4825626959247649,0.8000634383590611,0.0361081932773109,1.4809108029447011,2016-07-26,0.96,bmo,9108550458.0,2025-04-25,2016-06-30,0.1354166666666668,74.92078125,5312821.375
2016-03-31,CAT,USD,18230,2016-05-02,2016-05-02 12:06:30,2016,Q1,9461000000.0,6974000000.0,2487000000.0,0.2628686185,508000000,0.0,0.0,1088000000.0,397000000.0,1993000000.0,8967000000.0,0.0,129000000.0,740000000.0,1234000000.0,0.1304301871,494000000.0,0.0522143537,-129000000.0,365000000.0,0.0385794313,92000000.0,271000000.0,0.0286439066,0.46,0.46,582800000,587700000,https://www.sec.gov/Archives/edgar/data/18230/000001823016000512/0000018230-16-000512-index.htm,https://www.sec.gov/Archives/edgar/data/18230/000001823016000512/cat_10qx3312016.htm,16.233699382292382,0.4649965682910089,0.8390528483184626,-0.4306794783802333,0.0,27.029855868222377,10.81331503088538,26.89773507206589,66.04667124227865,44607512000.0,82970512000.0,41.150841328413286,4.714883416129373,91.22190593047036,-177.71917131474103,2.8455927532533813,2.8455927532533813,8.769740196596555,67.23704376012967,169.67384867075666,-330.5598087649402,0.0060752099332507,-0.005626854956627,2.447244194947691,0.4899051170393451,31.088330632090763,1.2873545679954224,3.829457364341085,1.7977941176470589,0.0100431514763701,1.6531365313653137,0.0,0.0536941126730789,0.1206916367629969,1.5132924335378324,0.0782158334214142,1.0,0.0001056970721911,16.77544265658899,0.0055995291582458,0.0039357499709538,-78.0799588194921,7533000000.0,6302000000.0,-28806000000.0,32919000000.0,15926000000.0,5062000000.0,9774500000.0,153.78289821371948,65.82879265844565,127.1020934901061,0.585240628479525,1.3671829053126838,0.7080921921007209,0.0172875733605511,1.269732326698696,2016-04-22,0.67,bmo,9602208955.0,2025-04-25,2016-03-31,0.0,67.06967213114754,7273856.704918032
2015-12-31,CAT,USD,18230,2016-02-16,2016-02-16 11:20:14,2015,Q4,11030000000.0,8330000000.0,2700000000.0,0.2447869447,553000000,0.0,0.0,1267000000.0,30000000.0,2814000000.0,11144000000.0,0.0,126000000.0,774000000.0,1270000000.0,0.1151405258,-114000000.0,-0.0103354488,-134000000.0,-210000000.0,-0.0190389846,-128000000.0,-87000000.0,-0.0078875793,-0.15,-0.15,582300000,582300000,https://www.sec.gov/Archives/edgar/data/18230/000001823016000410/0000018230-16-000410-index.htm,https://www.sec.gov/Archives/edgar/data/18230/000001823016000410/cat_10-kx12312015.htm,18.9421260518633,-0.1494075218959299,3.1100807144083804,1.2828438948995364,0.0,25.562424866907097,9.35771938863129,25.43190795122789,65.49716640906749,39573108000.0,77586108000.0,-113.71582758620688,3.587770444242974,21.851522915516288,52.97604819277108,2.672233641704369,2.672233641704369,7.034098640072529,61.091423622047245,42.84158365543898,103.86359839357428,-0.0021984626529713,0.0188764551927536,2.566885002363428,0.4852186566592632,29.931496062992125,1.2768843838122097,-0.9047619047619048,5.538226299694189,0.0113208191785189,-5.149425287356322,0.0,0.0501359927470534,0.1204462485001659,0.5875207067918278,0.0964641885766092,1.3746770025839794,0.0038984587488667,,-0.0006854256854256,-0.0012625896148376,-80.44392924609308,7266000000.0,5449000000.0,-29949000000.0,32792000000.0,15665500000.0,5114500000.0,10425000000.0,127.9909338168631,54.27010804321729,104.80192076830733,0.7031748055590973,1.6583714911407526,0.8587628865979381,-0.0058748058613005,1.827236819508844,2016-01-28,0.69,bmo,10284729729.0,2025-04-25,2015-12-31,0.0724637681159421,69.90953125,6273931.96875
2015-09-30,CAT,USD,18230,2015-10-30,2015-10-30 11:33:45,2015,Q3,10962000000.0,8096000000.0,2866000000.0,0.2614486408,534000000,0.0,0.0,1225000000.0,-68000000.0,2153000000.0,10249000000.0,0.0,127000000.0,758000000.0,1783000000.0,0.1626528006,713000000.0,0.0650428754,67000000.0,518000000.0,0.0472541507,144000000.0,368000000.0,0.0335705163,0.63,0.62,588400000,594800000,https://www.sec.gov/Archives/edgar/data/18230/000001823015000324/0000018230-15-000324-index.htm,https://www.sec.gov/Archives/edgar/data/18230/000001823015000324/cat_10qx9302015.htm,18.63018354860639,0.6254248810333106,2.5594833446634944,1.3256288239292997,0.0,27.138001359619302,11.184568320870156,27.015635622025837,64.0210740992522,38457824000.0,76000824000.0,26.126239130434783,3.5082853493887978,25.536403718459493,49.30490256410256,2.419339708102667,2.419339708102667,6.933116584564861,42.625251822770615,50.46535458167331,97.43695384615384,0.0095689241284166,0.0202819587504482,2.3617891293407145,0.4754144031202117,21.05608524957936,1.3656950412263384,5.6141732283464565,4.059299191374663,0.0120391626941763,1.2581521739130437,0.0,0.0487137383689107,0.1188694297762413,0.4820717131474104,0.0662287903667214,0.9577836411609498,0.0043787629994526,19.49783681940788,0.0078628935832888,0.005288724095312,-77.6550815771584,9447000000.0,6581000000.0,-27721000000.0,34789000000.0,16035000000.0,5534000000.0,11415500000.0,128.44827586206895,57.87302371541502,123.95009881422924,0.7006711409395974,1.5551286976565502,0.7260986547085202,0.0231504781077,1.2338545207341944,2015-10-22,0.78,bmo,11400480000.0,2025-04-25,2015-09-30,-0.0384615384615384,76.48859374999999,7432526.484375
2015-06-30,CAT,USD,18230,2015-07-31,2015-07-31 11:44:10,2015,Q2,12317000000.0,8910000000.0,3407000000.0,0.276609564,532000000,0.0,0.0,1389000000.0,-13000000.0,2277000000.0,11187000000.0,0.0,125000000.0,761000000.0,2162000000.0,0.1755297556,1130000000.0,0.0917431193,8000000.0,992000000.0,0.0805390923,283000000.0,710000000.0,0.0576439068,1.18,1.16,603200000,610700000,https://www.sec.gov/Archives/edgar/data/18230/000001823015000266/0000018230-15-000266-index.htm,https://www.sec.gov/Archives/edgar/data/18230/000001823015000266/cat_10qx6302015.htm,20.41942970822281,1.177055702917772,3.4615384615384617,2.3922413793103448,0.0,28.44993368700265,12.844827586206897,28.33554376657825,63.735079575596814,51163423999.99999,89483424000.0,18.015290140845067,4.153886823090038,24.50355555555555,35.456288288288285,2.9934135267961617,2.9934135267961617,7.265034018023869,41.38918778908418,42.8560459770115,62.012074844074846,0.013877100953994,0.0282037417980469,2.241984554177393,0.4659419761192578,17.72432932469935,1.4928922908693274,9.04,2.9367088607594938,0.0082480797219513,0.5943661971830986,0.0,0.0431923357960542,0.1144549013885849,0.3089080459770115,0.0523666477226597,0.8475689881734559,0.0047089388649833,27.39400575269814,0.0119629549019729,0.0097488637767922,-77.78804708222812,12621000000.0,7748000000.0,-26854000000.0,38170000000.0,16524000000.0,6095000000.0,11890000000.0,120.01704960623528,59.21212121212121,117.989898989899,0.7498934550989346,1.519959058341863,0.7627771594897698,0.0415399017084015,1.0692970822281167,2015-07-23,1.27,bmo,12317000000.0,2025-04-25,2015-06-30,0.0,85.98412698412699,4638094.523809524
2015-03-31,CAT,USD,18230,2015-05-01,2015-05-01 16:29:27,2015,Q1,12702000000.0,8993000000.0,3709000000.0,0.2920012596,546000000,0.0,0.0,1318000000.0,157000000.0,2182000000.0,11175000000.0,0.0,129000000.0,753000000.0,2489000000.0,0.1959533932,1527000000.0,0.1202172886,242000000.0,1555000000.0,0.1224216659,443000000.0,1111000000.0,0.0874665407,1.84,1.81,604900000,612700000,https://www.sec.gov/Archives/edgar/data/18230/000001823015000161/0000018230-15-000161-index.htm,https://www.sec.gov/Archives/edgar/data/18230/000001823015000161/cat_10qx3312015.htm,20.99851215076872,1.8366672177219376,2.099520581914366,0.7340056207637626,0.0,28.166639113903123,12.65498429492478,28.040998512150768,64.3147627707059,48410147000.0,87185147000.0,10.893372412241224,3.811222405920327,38.11822598425197,109.0318626126126,2.854035314231812,2.854035314231812,6.8638912769642575,35.02818280433909,68.6497220472441,196.3629436936937,0.0229497340712475,0.0091716308979602,2.285992217898833,0.4700569766032246,15.578545600642828,1.448882029661974,11.83720930232558,1.1400359066427288,0.0087584943710251,0.3816381638163816,0.0,0.0429853566367501,0.1137471208631349,0.6503937007874016,0.0650291292709809,1.096945551128818,0.0013383719099354,34.04107241535996,0.0160830807245581,0.0151969031693271,-77.59175070259548,11925000000.0,7655000000.0,-26961000000.0,37585000000.0,16693500000.0,6421500000.0,12152000000.0,117.78223901747756,63.3292560880685,121.08417658178584,0.7641219996390544,1.4211441213653604,0.7432845689726424,0.0654993514915694,1.3655149611506034,2015-04-23,1.35,bmo,9219193548.0,2025-04-25,2015-03-31,0.2740740740740739,83.09786885245902,6637633.377049181
2014-12-31,CAT,USD,18230,2015-02-17,2015-02-17 17:15:52,2014,Q4,14244000000.0,10653000000.0,3591000000.0,0.25210615,578000000,0.0,0.0,1522000000.0,3000000.0,2528000000.0,13181000000.0,0.0,126000000.0,795000000.0,1963000000.0,0.1378124122,1063000000.0,0.0746279135,-121000000.0,940000000.0,0.0659926987,179000000.0,757000000.0,0.0531451839,1.25,1.23,605800000,616000000,https://www.sec.gov/Archives/edgar/data/18230/000001823015000061/0000018230-15-000061-index.htm,https://www.sec.gov/Archives/edgar/data/18230/000001823015000061/cat_10-kx12312014.htm,23.512710465500167,1.249587322548696,3.0884780455595906,1.4427203697589963,0.0,27.774843182568503,11.64740838560581,27.642786398151205,65.05612413337735,55448874000.0,94733874000.0,18.312045574636723,3.8927881213142377,29.63595617316943,63.442647597254,3.3111712647796487,3.3111712647796487,6.650791491154171,48.25974223127866,50.63274933190807,108.39116018306636,0.0136522159133474,0.0157622677784223,2.3459333572196344,0.4639175257731959,20.0127356087621,1.394231803996126,8.436507936507937,2.4521625163827,0.0076286490506552,0.5587846763540291,0.0,0.0405784891884302,0.1153741689399038,0.532870122928915,0.0699943836001123,1.2540880503144654,0.0032996349340073,27.87824774745812,0.0125990434020125,0.0101053249856496,-81.18108286563222,10990000000.0,7056000000.0,-28988000000.0,37337000000.0,16888000000.0,6646500000.0,12766500000.0,105.92249368155014,55.040833568009006,103.11179949310052,0.8496778811739442,1.6351496546431312,0.8728390004096682,0.0452048250328436,1.6457576758005945,2015-01-27,1.55,bmo,16354222222.0,2025-04-25,2014-12-31,-0.1290322580645161,97.336875,5107384.890625
2014-09-30,CAT,USD,18230,2014-10-31,2014-10-31 09:02:00,2014,Q3,13549000000.0,9791000000.0,3758000000.0,0.2773636431,533000000,0.0,0.0,1446000000.0,117000000.0,2366000000.0,12157000000.0,0.0,128000000.0,798000000.0,2280000000.0,0.1682781017,1392000000.0,0.1027382095,-7000000.0,1381000000.0,0.1019263414,364000000.0,1017000000.0,0.0750608901,1.66,1.63,611500000,622800000,https://www.sec.gov/Archives/edgar/data/18230/000001823014000386/0000018230-14-000386-index.htm,https://www.sec.gov/Archives/edgar/data/18230/000001823014000386/cat_10qx9302014.htm,22.15699100572363,1.6631234668847097,3.3556827473426,1.9705641864268195,0.0,30.90106295993459,14.529844644317253,30.781684382665578,64.44807849550286,60556845000.0,99838845000.0,14.886146755162242,4.469469702561074,29.511133040935675,50.25464315352697,3.2171728736120704,3.2171728736120704,7.368724260092995,43.78896710526316,48.65440789473684,82.8538132780083,0.016794137805561,0.0198986588551632,2.086914944482813,0.4649417668781365,17.228947368421053,1.4151292181666606,10.875,2.009794319294809,0.0072659003288563,0.4326450344149459,0.0,0.0393386965827736,0.1184901997916863,0.4127680311890838,0.0625138386596796,1.0614035087719298,0.0051664329470809,33.939051063025,0.0150747878957907,0.0136552224176591,-75.50122649223222,11453000000.0,8885000000.0,-26550000000.0,37895000000.0,17268000000.0,6819000000.0,13191500000.0,113.0031736659532,62.30415687876621,122.512511490144,0.7964378086056901,1.4445264089701977,0.7346188475390156,0.0540296445837539,1.3851185609157808,2014-10-23,1.36,bmo,10713162790.0,2025-04-25,2014-09-30,0.264705882352941,106.0075,4386811.6875
2014-06-30,CAT,USD,18230,2014-08-01,2014-08-01 11:34:22,2014,Q2,14150000000.0,10350000000.0,3800000000.0,0.2685512367,516000000,0.0,0.0,1437000000.0,65000000.0,2325000000.0,12675000000.0,0.0,120000000.0,789000000.0,2393000000.0,0.1691166078,1475000000.0,0.1042402827,-54000000.0,1420000000.0,0.1003533569,419000000.0,999000000.0,0.0706007067,1.6,1.57,626300000,638300000,https://www.sec.gov/Archives/edgar/data/18230/000001823014000285/0000018230-14-000285-index.htm,https://www.sec.gov/Archives/edgar/data/18230/000001823014000285/cat_10qx6302014.htm,22.59300654638352,1.5950822289637554,3.571770716908829,2.3008143062430144,0.0,33.407312789398055,16.854542551492894,33.30033530257065,64.44675075842248,68060021000.0,108303021000.0,17.032037287287288,4.8098954770318025,30.424685292802863,47.23110409437891,3.2633305044112006,3.2633305044112006,7.653923745583039,45.25826201420811,48.4144036656236,75.15823802914643,0.0146782205665202,0.0211724883246803,1.9295646336785577,0.4582076126931353,16.81696615127455,1.3878484247335328,12.291666666666666,2.2325349301397206,0.00549514964152,0.3743743743743744,0.0,0.0364664310954063,0.1180388718731142,0.3558337058560572,0.0562544169611307,1.008871989860583,0.0059363957597173,34.57061460029976,0.0146401273796931,0.0128969790859798,-75.41673319495449,11535000000.0,10556000000.0,-25628000000.0,38592000000.0,17461500000.0,6795500000.0,12971500000.0,111.4600706713781,59.65217391304348,113.52173913043478,0.8074640493038119,1.5087463556851313,0.7927996936039832,0.0478998849252013,1.270956410665815,2014-07-24,1.52,bmo,12726627218.0,2025-04-25,2014-06-30,0.1118421052631578,104.96587301587302,4208107.507936508
2014-03-31,CAT,USD,18230,2014-05-02,2014-05-02 16:38:13,2014,Q1,13241000000.0,9597000000.0,3644000000.0,0.2752058002,508000000,0.0,0.0,1292000000.0,54000000.0,2246000000.0,11843000000.0,0.0,110000000.0,781000000.0,2343000000.0,0.1769503814,1398000000.0,0.1055811495,-55000000.0,1342000000.0,0.1013518616,418000000.0,922000000.0,0.069632203,1.47,1.44,626700000,639300000,https://www.sec.gov/Archives/edgar/data/18230/000001823014000177/0000018230-14-000177-index.htm,https://www.sec.gov/Archives/edgar/data/18230/000001823014000177/cat_10qx3312014.htm,21.12813148236796,1.4711983405138025,3.0269666507100688,1.8477740545715653,0.0,32.501994574756665,15.75554491782352,32.39987234721557,60.95580022339237,62275179000.0,100366179000.0,16.885894522776574,4.70320814137905,32.828244069583555,53.77822020725389,3.0669873922679147,3.0669873922679147,7.579954610678952,42.83661075544174,52.9078434370058,86.67200259067357,0.0148052565212217,0.0185948883422719,1.8759418862349173,0.4513312084552768,16.257362355953905,1.3910239970690603,12.709090909090907,2.0508108108108107,0.0061501228282298,0.4154013015184382,0.0,0.0383656823502756,0.1243527613540765,0.3895624670532419,0.0558114946001057,0.9462227912932138,0.0052110867759232,32.74903608775163,0.0140741223688323,0.0124759817055018,-71.06231051539811,10673000000.0,9874000000.0,-26060000000.0,37884000000.0,17287500000.0,6645500000.0,12756500000.0,118.26221584472474,63.12285089090341,120.86276961550485,0.7610207483188689,1.4257911157331749,0.7446461824953445,0.0454075350898793,1.1791925961385032,2014-04-24,1.24,bmo,10198037267.0,2025-04-25,2014-03-31,0.2983870967741936,94.30983606557376,6329561.868852459
2013-12-31,CAT,USD,18230,2014-02-18,2014-02-18 14:25:26,2013,Q4,14402000000.0,10716000000.0,3686000000.0,0.2559366755,467000000,0.0,0.0,1417000000.0,44000000.0,2234000000.0,12950000000.0,0.0,109000000.0,824000000.0,2346000000.0,0.1628940425,1452000000.0,0.1008193306,-70000000.0,1387000000.0,0.0963060686,376000000.0,1003000000.0,0.0696431051,1.57,1.54,637000000,649600000,https://www.sec.gov/Archives/edgar/data/18230/000001823014000058/0000018230-14-000058-index.htm,https://www.sec.gov/Archives/edgar/data/18230/000001823014000058/cat_10-kx12312013.htm,22.609105180533756,1.5745682888540031,4.050235478806908,2.036106750392465,0.0,32.775510204081634,16.210361067503925,32.67032967032967,59.43328100470958,57845970000.0,95595970000.0,14.41823778664008,4.016523399527843,22.420918604651163,44.59982266769468,2.7795862764883954,2.7795862764883954,6.637687126787946,40.74849531116794,37.0527015503876,73.70545104086354,0.0173391508518225,0.0224216138133736,1.813944548556052,0.4446617037316245,16.091219096334186,1.40436678023226,13.321100917431192,2.5646123260437377,0.0065864571032346,0.3798604187437687,0.0,0.0324260519372309,0.1242932529212212,0.4972868217054264,0.0890848493264824,1.5570388349514563,0.0024302180252742,34.02113261517628,0.0154143374175036,0.0134913375659098,-70.36656200941916,11038000000.0,10326000000.0,-25683000000.0,38665000000.0,17493000000.0,6420000000.0,13008500000.0,107.33509234828496,55.09518477043673,106.03303471444568,0.838495575221239,1.6335365853658537,0.8487920792079208,0.0481956657536879,2.014128728414443,2014-01-27,1.28,bmo,11667443037.0,2025-04-25,2013-12-31,0.234375,85.3828125,5021171.09375
2013-09-30,CAT,USD,18230,2013-11-01,2013-11-01 16:12:29,2013,Q3,13423000000.0,9952000000.0,3471000000.0,0.2585860091,469000000,0.0,0.0,1319000000.0,-24000000.0,2070000000.0,12022000000.0,0.0,116000000.0,779000000.0,2220000000.0,0.1653877673,1401000000.0,0.104373091,-141000000.0,1261000000.0,0.0939432318,310000000.0,946000000.0,0.0704760486,1.48,1.45,639300000,651900000,https://www.sec.gov/Archives/edgar/data/18230/000001823013000443/0000018230-13-000443-index.htm,https://www.sec.gov/Archives/edgar/data/18230/000001823013000443/cat_10qx9302013.htm,20.996402315032068,1.4797434694196778,4.720788362271234,3.2097606757390897,0.0,28.432660722665418,11.717503519474423,28.32785859533865,62.02565305803223,53317620000.0,92854620000.0,14.090280126849894,3.9721090665276018,17.6665407554672,25.983245614035088,2.9440982882385427,2.9440982882385427,6.917575802726663,41.8264054054054,30.76693836978131,45.25078947368421,0.0177427274510752,0.0384863390376389,2.1831584759801217,0.4530319002658355,17.80945945945946,1.3766956282839384,12.077586206896552,3.176842105263158,0.0072771440285594,0.4101479915433403,0.0,0.0349400283096178,0.1224447703730864,0.320079522862823,0.0719660284586158,1.2400513478819,0.0047679356328689,30.710815433323653,0.0147413026960238,0.0123521270206042,-76.71124667605193,10969000000.0,7491000000.0,-29007000000.0,38243000000.0,18076000000.0,6311500000.0,13640500000.0,119.41443790508828,56.79260450160772,121.10932475884243,0.7536777091521617,1.5847133757961784,0.7431302270011948,0.0522363335173937,1.5110276865321446,2013-10-23,1.66,bmo,15367020689.0,2025-04-25,2013-09-30,-0.1265060240963855,84.5771875,5705961.390625
2013-06-30,CAT,USD,18230,2013-08-02,2013-08-02 16:26:55,2013,Q2,14621000000.0,10958000000.0,3663000000.0,0.2505300595,548000000,0.0,0.0,1421000000.0,-84000000.0,2106000000.0,13064000000.0,0.0,120000000.0,761000000.0,2234000000.0,0.1527939265,1557000000.0,0.1064906641,-205000000.0,1353000000.0,0.0925381301,387000000.0,960000000.0,0.0656589837,1.48,1.45,649900000,662700000,https://www.sec.gov/Archives/edgar/data/18230/000001823013000363/0000018230-13-000363-index.htm,https://www.sec.gov/Archives/edgar/data/18230/000001823013000363/cat_10qx6302013.htm,22.497307278042776,1.477150330820126,4.876134789967687,3.3912909678412064,0.0,27.201107862748117,10.92475765502385,27.11340206185567,61.04169872288044,53759728000.0,93310728000.0,13.999929166666666,3.6768844812256334,16.96425623224992,24.39189110707804,3.0508897338403043,3.0508897338403043,6.381966212981328,41.76845478961504,29.44484947933102,42.33699092558984,0.0178572332062394,0.0409972312359913,2.244537767436581,0.4526580829756795,17.7041181736795,1.3638490591263075,12.975,3.2839378238341967,0.0063616393297227,0.35625,0.0,0.0374803365022912,0.1210643776824034,0.3045124644998422,0.0660009575268449,1.2680683311432326,0.005676766295055,30.01895806935855,0.0155852575799594,0.0125004883003242,-75.39006000923219,10886000000.0,7100000000.0,-28892000000.0,37816000000.0,18507500000.0,6282000000.0,14481500000.0,112.90472607892757,52.096185435298416,114.0728235079394,0.7971322647475739,1.7275737032949707,0.788969688242494,0.054480449463708,1.484843822126481,2013-07-24,1.7,bmo,17141862068.0,2025-04-25,2013-06-30,-0.1470588235294117,85.0421875,6979044.921875
2013-03-31,CAT,USD,18230,2013-05-02,2013-05-02 13:30:00,2013,Q1,13210000000.0,9828000000.0,3382000000.0,0.2560181681,562000000,0.0,0.0,1390000000.0,29000000.0,2164000000.0,11992000000.0,0.0,120000000.0,723000000.0,1970000000.0,0.1491294474,1218000000.0,0.0922028766,-90000000.0,1127000000.0,0.0853141559,246000000.0,880000000.0,0.0666161998,1.34,1.31,656200000,671600000,https://www.sec.gov/Archives/edgar/data/18230/000001823013000239/0000018230-13-000239-index.htm,https://www.sec.gov/Archives/edgar/data/18230/000001823013000239/cat_10qx3312013.htm,20.131057604388907,1.341054556537641,2.170070100579092,0.2925937214263944,0.0,27.91526973483694,11.586406583358732,27.848217007010057,61.88052423041756,56196968000.0,96682968000.0,15.965047727272726,4.25412323996972,39.46416292134832,292.69254166666667,3.0752417642552263,3.0752417642552263,7.318922634367903,49.07764873096447,67.89534269662921,503.557125,0.0156592078063713,0.003416554430481,2.215497428039838,0.4562162649448407,20.551269035533,1.454579968247394,10.15,1.6145124716553287,0.0,0.0,0.0,0.0425435276305828,0.1207419176723798,0.8651685393258427,0.0932626797880393,1.7040110650069156,0.0031037093111279,28.987661374207946,0.0130402882416316,0.011278002768237,-74.49443767144163,13171000000.0,7603000000.0,-28280000000.0,40162000000.0,18619500000.0,6487000000.0,15310500000.0,127.21953065859196,56.96886446886447,138.04029304029305,0.7074385476356236,1.579810319884263,0.6519835478307019,0.0481558498413045,1.8774763791526976,2013-04-22,1.4,bmo,14117557251.0,2025-04-25,2013-03-31,-0.0642857142857141,93.24966666666666,6049206.716666667
2012-12-31,CAT,USD,18230,2013-02-19,2013-02-19 12:26:30,2012,Q4,16075000000.0,12097000000.0,3978000000.0,0.2474650078,613000000,0.0,0.0,1591000000.0,-11000000.0,2360000000.0,14457000000.0,55000000.0,115000000.0,743000000.0,2350000000.0,0.1461897356,1038000000.0,0.0645723173,-126000000.0,912000000.0,0.0567340591,214000000.0,697000000.0,0.0433592535,1.07,1.04,654400000,669300000,https://www.sec.gov/Archives/edgar/data/18230/000001823013000075/0000018230-13-000075-index.htm,https://www.sec.gov/Archives/edgar/data/18230/000001823013000075/cat_10-kx12312012.htm,24.56448655256724,1.0650977995110025,3.0241442542787285,0.655562347188264,0.0,26.867359413202937,10.122249388753056,26.790953545232277,61.51894865525672,58640784000.0,98783784000.0,21.033279770444764,3.647949237947123,29.631522991409803,136.6918041958042,3.344785763175907,3.344785763175907,6.145180964230171,42.03565276595744,49.9160101061142,230.2652307692308,0.0118859256724807,0.0073157275659888,2.289698836413415,0.4511970327076542,17.082127659574468,1.4325344212136666,9.02608695652174,2.827142857142857,0.0115960250463227,0.975609756097561,0.0,0.0381337480559875,0.1231651118354501,0.7832238504295098,0.0964230171073094,2.0861372812920598,0.0025505443234836,25.338452547978115,0.0110420900470674,0.0089345228939137,-75.93215158924205,12723000000.0,6624000000.0,-29250000000.0,40142000000.0,18622500000.0,7365500000.0,16548500000.0,103.94650077760498,50.24138216086633,115.66752087294373,0.8658300118496176,1.7913519917073892,0.7780922364443301,0.0397558749714807,2.3685819070904643,2013-01-28,1.68,bmo,18607363013.0,2025-04-25,2012-12-31,-0.1309523809523809,85.5608064516129,6477481.387096774
2012-09-30,CAT,USD,18230,2012-11-02,2012-11-02 12:09:57,2012,Q3,16445000000.0,11639000000.0,4806000000.0,0.2922468836,634000000,0.0,0.0,1471000000.0,0.0,2105000000.0,13744000000.0,0.0,326000000.0,720000000.0,3299000000.0,0.2006080876,2596000000.0,0.1578595318,-141000000.0,2450000000.0,0.1489814533,753000000.0,1699000000.0,0.1033140772,2.6,2.54,653600000,668700000,https://www.sec.gov/Archives/edgar/data/18230/000001823012000506/0000018230-12-000506-index.htm,https://www.sec.gov/Archives/edgar/data/18230/000001823012000506/cat_10qx9302012.htm,25.16064871481028,2.5994492044063646,1.9201346389228888,0.03671970624235,8.704100367197062,27.44186046511628,9.788861689106486,27.362301101591186,61.4718482252142,55863192000.0,90026192000.0,8.220010594467334,3.396971237458194,44.51250358565737,2327.633,3.1236407962424515,3.1236407962424515,5.474380784432959,27.28893361624735,71.73401752988048,3751.0913333333338,0.0304135861051405,0.0004296209926564,2.2283605457392084,0.4401541842921991,10.355562291603515,1.4061299061299062,7.96319018404908,0.7373678025851939,0.0060683965212728,0.1995291347851677,0.0,0.0385527515962298,0.1274339801857722,0.9808764940239044,0.0748555792034052,1.709722222222222,0.0041958041958041,40.00444370514754,0.0249320911653856,0.0215055124488943,-67.52103733170135,12893000000.0,6398000000.0,-27966000000.0,39940000000.0,18752500000.0,8224000000.0,17447000000.0,102.22620857403469,61.69086691296503,135.70753501159894,0.8804004497028749,1.4588869390824768,0.6631908831908832,0.0950011183180496,1.8834149326805385,2012-10-22,2.22,bmo,16153938053.0,2025-04-25,2012-09-30,0.0180180180180178,86.24190476190476,7557293.698412699
2012-06-30,CAT,USD,18230,2012-08-06,2012-08-06 11:16:42,2012,Q2,17374000000.0,12280000000.0,5094000000.0,0.2931967307,632000000,0.0,0.0,1517000000.0,0.0,2149000000.0,14429000000.0,0.0,308000000.0,689000000.0,3375000000.0,0.1942557845,2616000000.0,0.150569817,-40000000.0,2576000000.0,0.1482675262,872000000.0,1699000000.0,0.0977898009,2.6,2.54,652900000,669600000,https://www.sec.gov/Archives/edgar/data/18230/000001823012000409/0000018230-12-000409-index.htm,https://www.sec.gov/Archives/edgar/data/18230/000001823012000409/cat_10qx6302012.htm,26.61050696890795,2.6022361770562106,2.56854035840098,0.7826619696737632,7.815898299892786,24.47694899678358,6.77745443406341,24.392709450145503,60.68923265431153,55437739000.0,89650739000.0,8.157407151265451,3.190844883158743,33.05768574836017,108.48872602739726,3.4809581187994474,3.4809581187994474,5.160051743985266,26.563181925925925,53.45899761478831,175.44175929549905,0.0306469930167967,0.009217547634834,2.468667587592616,0.44255836466377,10.137185185185183,1.4163655549515557,8.493506493506494,0.981275599765945,0.0054114761065562,0.1765744555620953,0.0,0.0363761943133417,0.1300794704968594,0.6952892069171139,0.0671117762173362,1.6923076923076923,0.0,37.79154399096131,0.0248557832135764,0.0219844206930462,-68.86582937662736,13021000000.0,4425000000.0,-28563000000.0,39505000000.0,18563500000.0,8415000000.0,16927500000.0,97.52158397605618,62.076547231270354,127.11400651465796,0.9228726229682356,1.4498229043683588,0.7080258302583026,0.1066808991586085,1.785878388727217,2012-07-25,2.28,bmo,15595559055.0,2025-04-25,2012-06-30,0.1140350877192983,94.80253968253967,7010329.650793651
2012-03-31,CAT,USD,18230,2012-05-07,2012-05-07 10:58:41,2012,Q1,15981000000.0,11237000000.0,4744000000.0,0.2968525124,587000000,0.0,0.0,1340000000.0,0.0,2217000000.0,13454000000.0,0.0,317000000.0,661000000.0,3072000000.0,0.1922282711,2323000000.0,0.1453601151,-25000000.0,2298000000.0,0.1437957575,689000000.0,1586000000.0,0.0992428509,2.44,2.37,650000000,670200000,https://www.sec.gov/Archives/edgar/data/18230/000001823012000280/0000018230-12-000280-index.htm,https://www.sec.gov/Archives/edgar/data/18230/000001823012000280/cat_10qx3312012.htm,24.586153846153845,2.44,0.5076923076923077,-1.2292307692307691,4.406153846153846,23.801538461538463,6.312307692307693,23.029230769230768,55.8,69238000000.0,102327000000.0,10.913934426229508,4.332519867342469,209.8121212121212,-86.6558197747184,4.6254258801523145,4.6254258801523145,6.403041111319692,33.3095703125,310.08181818181816,-128.06883604505632,0.0229064964325948,-0.0115399058320575,2.401830449595832,0.4284811936883253,10.771158854166666,1.3937744809178827,7.3280757097791795,0.2048417132216015,0.0043039949160865,0.1878940731399747,0.0,0.0367311182028659,0.1354817180721743,3.421212121212122,0.070646392591202,1.708018154311649,0.0088229772855265,35.55706356310613,0.0247110246214748,0.0218637992831541,-67.06423076923078,11360000000.0,4103000000.0,-28228000000.0,37299000000.0,18013000000.0,8260500000.0,15527500000.0,103.06551529941808,66.95737296431432,132.2408116045208,0.8732309709851921,1.3441387559808613,0.6805765853067652,0.1059523014229407,1.736923076923077,2012-04-25,2.13,bmo,14362670886.0,2025-04-25,2012-03-31,0.1126760563380282,108.96548387096772,7057977.419354838
2011-12-31,CAT,USD,18230,2012-02-21,2012-02-21 15:49:01,2011,Q4,17243000000.0,12763000000.0,4480000000.0,0.2598155773,604000000,0.0,0.0,1487000000.0,0.0,2091000000.0,14854000000.0,0.0,310000000.0,695000000.0,2983000000.0,0.1729977382,1960000000.0,0.1136693151,18000000.0,1978000000.0,0.114713217,416000000.0,1547000000.0,0.0897175665,2.38,2.38,647100000,650000000,https://www.sec.gov/Archives/edgar/data/18230/000110465912011331/0001104659-12-011331-index.htm,https://www.sec.gov/Archives/edgar/data/18230/000110465912011331/a12-2184_110k.htm,26.6465770360068,2.3906660485241846,2.310307525884717,0.1081749343223613,4.724153917477978,19.97991036934013,2.288672539020244,19.908823983928297,53.93602225312935,58627260000.0,90162260000.0,9.47434712346477,3.400061474221423,39.21555852842809,837.5322857142858,4.550745944267639,4.550745944267639,5.228919561561213,30.225363727790818,60.30920401337793,1288.0322857142858,0.0263870424781918,0.0011939838225426,2.6850888768144068,0.4259154374646014,10.571572242708683,1.3365306626229856,6.32258064516129,0.9571062740076824,0.0050659027899308,0.1919844861021331,0.0,0.0350287073015136,0.140953975719668,0.9531772575250836,0.0826422316302267,2.050359712230216,0.0,32.72453766211955,0.0247610046883279,0.0221728536620323,-69.02526657394529,9543000000.0,1481000000.0,-30389000000.0,35386000000.0,17515500000.0,7842500000.0,14478000000.0,92.51580351446964,57.548382041839695,102.55895949228238,0.9728067700987306,1.5639014826614386,0.87754400440044,0.1200807265388496,2.2021325915623557,2012-01-26,1.73,bmo,12857926724.0,2025-04-25,2011-12-31,0.3410404624277456,89.72444444444444,9024215.777777778
2011-09-30,CAT,USD,18230,2011-11-04,2011-11-04 12:29:49,2011,Q3,15716000000.0,11455000000.0,4261000000.0,0.2711249682,584000000,0.0,0.0,1360000000.0,0.0,2291000000.0,13746000000.0,0.0,323000000.0,658000000.0,2615000000.0,0.1663909392,1759000000.0,0.1119241537,-125000000.0,1634000000.0,0.1039704759,474000000.0,1141000000.0,0.0726011708,1.76,1.71,646600000,666000000,https://www.sec.gov/Archives/edgar/data/18230/000110465911060986/0001104659-11-060986-index.htm,https://www.sec.gov/Archives/edgar/data/18230/000110465911060986/a11-24831_110q.htm,24.30559851531085,1.7646149087534797,3.43489019486545,1.8960717599752552,4.993813795236623,22.740488710176308,3.7070832044540674,21.90225796473863,53.52922981750696,47744944000.0,78804944000.0,10.461205959684488,3.0379832018325272,21.49704817649707,38.94367373572594,3.37134190086146,3.37134190086146,5.0143130567574445,30.13573384321224,35.48173975686628,64.27809461663948,0.0238978183742345,0.0256781115922976,2.421197570964553,0.4409196702971698,11.877629063097514,1.4618129907209136,5.445820433436532,1.924610051993068,0.0061786646979835,0.2585451358457493,0.0,0.03715958259099,0.1582547867347332,0.4479963980189104,0.0633112751336217,1.512158054711246,0.0,29.48904281506446,0.0207925685612947,0.0174304919034524,-61.31843489019487,11646000000.0,2397000000.0,-26199000000.0,37350000000.0,17169500000.0,7191000000.0,12885500000.0,99.10537032323748,59.114797031863816,113.2326494980358,0.9081243499364382,1.522461456671983,0.7948237579794616,0.0805677164242338,1.5388184348901948,2011-10-24,1.54,bmo,14153590643.0,2025-04-25,2011-09-30,0.1103896103896103,92.00046875,11189581.484375
2011-06-30,CAT,USD,18230,2011-08-04,2011-08-04 12:24:44,2011,Q2,14230000000.0,10303000000.0,3927000000.0,0.2759662684,584000000,0.0,0.0,1257000000.0,0.0,2117000000.0,12420000000.0,0.0,299000000.0,599000000.0,2248000000.0,0.1579761068,1601000000.0,0.1125087843,-251000000.0,1350000000.0,0.094869993,318000000.0,1015000000.0,0.0713281799,1.57,1.52,645500000,667200000,https://www.sec.gov/Archives/edgar/data/18230/000110465911043575/0001104659-11-043575-index.htm,https://www.sec.gov/Archives/edgar/data/18230/000110465911043575/a11-14917_110q.htm,22.044926413632844,1.5724244771494966,3.917893106119287,2.7652982184353214,16.5995352439969,21.527498063516653,16.28350116189001,20.745158791634392,53.72734314484895,68719930000.0,92386930000.0,16.926091133004924,4.829229093464512,27.17276789244761,38.49856022408964,5.131799716227317,5.131799716227317,6.492405481377372,41.09738879003559,36.53101225780941,51.7573837535014,0.0147700965353137,0.0259749973552068,2.5675453662907923,0.4670769314368776,10.528024911032029,1.7335176520629518,5.354515050167224,2.474559686888454,0.0041618203045317,0.2817733990147783,0.0,0.041040056219255,0.0459849750716604,0.2941874258600237,0.052283907238229,1.2420701168614356,0.0,27.09159275480453,0.020900584995057,0.0144533363711445,-47.32106893880712,17245000000.0,10511000000.0,-18960000000.0,33060000000.0,17160500000.0,6424000000.0,11017500000.0,107.72803935347856,59.90682325536252,99.22449771911094,0.8354370927024012,1.5023330417031204,0.9070340699005194,0.0757971772085729,1.152594887683966,2011-07-22,1.75,bmo,16383223684.0,2025-04-25,2011-06-30,-0.1314285714285714,105.43,7800010.222222222
2011-03-31,CAT,USD,18230,2011-05-09,2011-05-09 16:51:12,2011,Q1,12949000000.0,9057000000.0,3892000000.0,0.3005637501,525000000,0.0,0.0,1099000000.0,0.0,1856000000.0,10913000000.0,0.0,290000000.0,575000000.0,2628000000.0,0.2029500348,1833000000.0,0.1415553325,-70000000.0,1763000000.0,0.1361495096,512000000.0,1225000000.0,0.0946018998,1.91,1.84,641400000,664900000,https://www.sec.gov/Archives/edgar/data/18230/000110465911027403/0001104659-11-027403-index.htm,https://www.sec.gov/Archives/edgar/data/18230/000110465911027403/a11-9229_110q.htm,20.18864982850016,1.909884627377612,1.1927034611786718,0.0077954474586841,7.591206735266605,20.47240411599626,15.168381665107578,19.68974119114437,46.57935765512941,71419890000.0,96136890000.0,14.57548775510204,5.515475326280022,93.35933333333332,14283.978,5.655229234302003,5.655229234302003,7.424271372306742,36.581769406392695,125.66913725490195,19227.378,0.0171520846643701,7.00085088341637e-05,2.342703301924143,0.4456595417777577,9.405251141552512,1.495139758932043,6.320689655172414,0.6154465004022526,0.00393447819648,0.2293877551020408,0.0,0.0405436713259711,0.05124497266031,0.9934640522875816,0.058691790871882,1.3217391304347823,0.0094988029963703,29.08806482743796,0.0245729537570573,0.0194490751766293,-46.90208917991893,11461000000.0,9729000000.0,-18648000000.0,27082000000.0,17040000000.0,5923000000.0,10131500000.0,120.15754112286662,59.52302086783703,106.08810864524678,0.7490166589541879,1.5120200333889815,0.8483514424878231,0.0969989706231689,1.1849080137199874,2011-04-29,1.31,bmo,9219125000.0,2025-04-25,2011-03-31,0.4045801526717557,100.41903225806452,6557230.725806451
2010-12-31,CAT,USD,18230,2011-02-22,2011-02-22 17:15:14,2010,Q4,12807000000.0,9349000000.0,3458000000.0,0.2700085891,543000000,0.0,0.0,1109000000.0,-896000000.0,756000000.0,10105000000.0,86000000.0,295000000.0,615000000.0,2142000000.0,0.1672522839,1291000000.0,0.1008042477,-59000000.0,1232000000.0,0.0961973921,233000000.0,968000000.0,0.0755836652,1.51,1.51,637200000,641400000,https://www.sec.gov/Archives/edgar/data/18230/000110465911008938/0001104659-11-008938-index.htm,https://www.sec.gov/Archives/edgar/data/18230/000110465911008938/a10-18643_110k.htm,20.098870056497177,1.5191462649089769,3.416509730069052,1.790646578782172,5.637162586315129,17.0495919648462,11.683929692404268,16.986817325800377,45.06120527306968,59680152000.0,84506152000.0,15.413262396694211,4.659963457484189,27.41394212218649,52.30512883435583,5.513687361419068,5.513687361419068,6.598434606074803,39.451985060690944,38.81770877354157,74.06323575810693,0.0162197978316141,0.0191185840143302,2.625461936437546,0.4438925335832552,11.590102707749766,1.444595821980018,4.376271186440678,2.2034412955465585,0.0046916770587313,0.2892561983471074,0.0,0.0423986882173811,0.0534051858794126,0.4758842443729904,0.0808932614976185,1.6845528455284553,0.0,24.09611695059116,0.0209447934370905,0.01597333377337,-50.4967043314501,9790000000.0,7445000000.0,-21346000000.0,25748000000.0,16060000000.0,5413000000.0,9296500000.0,118.00421644413213,56.373943737298106,92.291154134132,0.7626846117198666,1.5964822404371584,0.9751747157609264,0.089430894308943,1.6258631512868802,2011-01-27,1.27,bmo,11064551020.0,2025-04-25,2010-12-31,0.1574803149606299,84.60265625,6532100.28125
2010-09-30,CAT,USD,18230,2010-11-04,2010-11-04 12:43:20,2010,Q3,11134000000.0,7752000000.0,3382000000.0,0.3037542662,510000000,0.0,0.0,1148000000.0,310000000.0,1658000000.0,9410000000.0,0.0,312000000.0,565000000.0,1980000000.0,0.1778336627,1187000000.0,0.1066103826,-84000000.0,1103000000.0,0.0990659242,295000000.0,792000000.0,0.0711334651,1.25,1.22,632600000,651600000,https://www.sec.gov/Archives/edgar/data/18230/000110465910055930/0001104659-10-055930-index.htm,https://www.sec.gov/Archives/edgar/data/18230/000110465910055930/a10-17894_110q.htm,17.600379386658236,1.2519759721783117,1.7214669617451783,0.6244072083465064,3.580461587100854,16.33259563705343,10.866266202971865,15.550110654441983,45.71609231742017,49772968000.00001,76115968000.0,15.711164141414145,4.470358182144783,45.70520477502296,126.00751392405066,5.059771068415167,5.059771068415167,6.836354230285612,38.44240808080808,69.89528741965105,192.69865316455696,0.0159122518070451,0.0079360346764934,2.9082037206465388,0.4640991531747834,13.304545454545456,1.4162454157993856,3.8044871794871793,1.3595505617977528,0.0055652698870599,0.3497474747474747,0.0,0.0458056403808155,0.0560981149216443,0.6372819100091828,0.0623315969103646,1.2283185840707964,0.0,20.929362396922052,0.0174833416746107,0.0136119895503918,-52.23838128359153,8399000000.0,6874000000.0,-22733000000.0,23922000000.0,14881000000.0,4472500000.0,8172500000.0,123.90156278067182,57.70123839009288,104.55882352941175,0.7263830897703549,1.5597585513078471,0.8607594936708861,0.0805123513266239,1.097059753398672,2010-10-21,1.09,bmo,9947590163.0,2025-04-25,2010-09-30,0.1192660550458714,69.34921875,7958515.4375
2010-06-30,CAT,USD,18230,2010-07-30,2010-07-30 13:21:51,2010,Q2,10409000000.0,7372000000.0,3037000000.0,0.2917667403,450000000,0.0,0.0,1059000000.0,317000000.0,1826000000.0,9198000000.0,0.0,315000000.0,562000000.0,1823000000.0,0.1751369008,977000000.0,0.0938610818,-31000000.0,946000000.0,0.0908828898,209000000.0,707000000.0,0.0679219906,1.12,1.09,629800000,647000000,https://www.sec.gov/Archives/edgar/data/18230/000110465910040750/0001104659-10-040750-index.htm,https://www.sec.gov/Archives/edgar/data/18230/000110465910040750/a10-13939_110q.htm,16.527469037789775,1.1225785963798032,1.892664337885043,1.1257542076849794,5.71133693235948,15.408066052715148,10.99872975547793,14.583994919021912,46.789456970466816,37832086000.0,63388086000.0,13.377682461103252,3.6345552886924777,31.738327181208053,53.359782792665726,4.118898856831791,4.118898856831791,6.089738303391296,34.77130334613275,53.177924496644295,89.40491678420311,0.0186878407920726,0.0187407059711166,3.1739793140990744,0.4958583504839011,14.01865057597367,1.383744439951476,3.1015873015873017,1.626193724420191,0.0070046362233369,0.3748231966053748,0.0,0.0432318186185032,0.0472335141938666,0.4052013422818792,0.0464021519838601,0.8594306049822064,0.0,19.19278021237753,0.0158784872077498,0.0126213938874607,-49.217211813274055,7592000000.0,6927000000.0,-21713000000.0,22132000000.0,14312500000.0,3703000000.0,7164500000.0,124.8016139878951,48.52821486706457,89.59712425393381,0.7211445198836082,1.8545911949685536,1.0044965254121816,0.0769733260751224,0.7669101302000635,2010-07-22,0.85,bmo,8937020202.0,2025-04-25,2010-06-30,0.1647058823529412,64.0531746031746,10189883.523809524
2010-03-31,CAT,USD,18230,2010-05-03,2010-05-03 15:44:49,2010,Q1,8238000000.0,5894000000.0,2344000000.0,0.2845350813,402000000,0.0,0.0,932000000.0,269000000.0,1603000000.0,7497000000.0,0.0,335000000.0,554000000.0,1358000000.0,0.1648458364,508000000.0,0.0616654528,-39000000.0,469000000.0,0.056931294,231000000.0,233000000.0,0.028283564,0.37,0.36,626400000,643500000,https://www.sec.gov/Archives/edgar/data/18230/000001823010000234/0000018230-10-000234-index.htm,https://www.sec.gov/Archives/edgar/data/18230/000001823010000234/form10q_1q10.htm,13.151340996168582,0.3719667943805875,0.8796296296296297,0.2841634738186462,5.648148148148148,14.4029374201788,9.97765006385696,14.27522349936143,48.69891443167305,39369240000.0,66001240000.0,42.24167381974249,4.778980335032775,71.45052631578947,221.1755056179775,4.402733169313352,4.402733169313352,8.011803835882496,48.60179675994109,119.78446460980037,370.7934831460674,0.0059183260840188,0.0045212963216968,3.373965555804071,0.5127812903664423,19.61119293078056,1.4341097898680566,1.516417910447761,2.3347457627118646,0.0066549417768796,1.1244635193133048,0.0,0.0487982520029133,0.0471140118294921,0.676950998185118,0.0452779800922554,0.6732851985559567,0.0015780529254673,10.930368488426538,0.0052566433142904,0.0041559646118721,-51.30547573435504,7995000000.0,6250000000.0,-23402000000.0,22824000000.0,14051500000.0,3212000000.0,6675000000.0,155.0364166059723,52.3905666779776,106.73566338649474,0.5805087731660912,1.7178665112212184,0.8432045779685264,0.0260568105569223,0.5954661558109834,2010-04-26,0.39,bmo,8924500000.0,2025-04-25,2010-03-31,-0.0769230769230769,58.07409836065574,9615261.49180328
2009-12-31,CAT,USD,18230,2010-02-19,2010-02-19 12:42:45,2009,Q4,7898000000.0,5852000000.0,2046000000.0,0.2590529248,355000000,0.0,0.0,942000000.0,-1439000000.0,-142000000.0,5710000000.0,10000000.0,326000000.0,703000000.0,1157000000.0,0.146492783,128000000.0,0.0162066346,0.0,128000000.0,0.0162066346,-91000000.0,232000000.0,0.0293745252,0.37,0.37,624500000,626400000,https://www.sec.gov/Archives/edgar/data/18230/000001823010000092/0000018230-10-000092-index.htm,https://www.sec.gov/Archives/edgar/data/18230/000001823010000092/form10k_2009.htm,12.646917534027224,0.3714971977582065,2.922337870296237,1.6124899919935949,7.793434747798239,14.89191353082466,10.514011208967174,13.99519615692554,51.17213771016814,35590255000.0,62354255000.0,38.35156788793104,4.506236388959231,19.501509589041092,35.34285501489573,4.0721115560640735,4.0721115560640735,7.894942390478602,53.893046672428696,34.166715068493154,61.9208093346574,0.0065186383182699,0.0282942620107667,3.619107551487414,0.5268496618808088,23.132238547968885,1.434361001317523,0.3926380368098159,8.859223300970873,0.0073896632659698,1.1336206896551724,0.0,0.0449480881235755,0.0455378260435057,0.4482191780821918,0.1035705241833375,1.163584637268848,0.0,10.815796941206914,0.0042710872745002,0.0040485829959514,-51.65252201761409,8242000000.0,6566000000.0,-23521000000.0,23362000000.0,13718000000.0,2853500000.0,6587500000.0,158.5312737401874,46.03041695146958,97.81271360218727,0.5677113283496262,1.9552288673571667,0.920125786163522,0.0265446224256292,1.3098478783026422,2010-01-27,0.28,bmo,5393756097.0,2025-04-25,2009-12-31,0.4642857142857141,56.92359375,8405567.59375
2009-09-30,CAT,USD,18230,2009-10-30,2009-10-30 13:01:01,2009,Q3,7298000000.0,5255000000.0,2043000000.0,0.2799397095,327000000,0.0,0.0,907000000.0,276000000.0,1510000000.0,6765000000.0,0.0,347000000.0,561000000.0,1160000000.0,0.1589476569,277000000.0,0.0379556043,-25000000.0,252000000.0,0.0345300082,-139000000.0,404000000.0,0.0553576322,0.65,0.64,622400000,635500000,https://www.sec.gov/Archives/edgar/data/18230/000001823009000466/0000018230-09-000466-index.htm,https://www.sec.gov/Archives/edgar/data/18230/000001823009000466/form10q_3q09.htm,11.725578406169666,0.6491002570694088,2.755462724935733,1.7689588688946016,6.72879177377892,12.985218508997429,8.573264781491002,12.814910025706942,52.1577763496144,31947792000.0,59875792000.0,19.76967326732673,4.377609208002192,18.628450145772597,29.017068119891007,4.005490471414243,4.005490471414243,8.204411071526446,51.61706206896552,34.91299825072886,54.38309900090827,0.0126456313475435,0.0344624755288252,4.026579739217653,0.5278937506163911,24.07586206896552,1.4603218800467783,0.7982708933717579,4.375,0.0081695786675961,0.6460396039603961,0.0,0.0448067963825705,0.0451362635195108,0.3580174927113703,0.0841326390791997,1.0944741532976827,0.0,13.680593237143398,0.0082766461743121,0.0069544859877435,-56.2620501285347,8266000000.0,5336000000.0,-26533000000.0,23262000000.0,14084000000.0,2698000000.0,6987500000.0,166.77993970950945,46.4814462416746,116.7174119885823,0.5396332446021888,1.936256448047163,0.7710931768158474,0.0506519558676028,0.9865038560411312,2009-10-20,0.06,bmo,684187499.0,2025-04-25,2009-09-30,9.666666666666668,44.134375,12713728.796875
2009-06-30,CAT,USD,18230,2009-07-31,2009-07-31 14:34:59,2009,Q2,7975000000.0,5752000000.0,2223000000.0,0.2787460815,351000000,0.0,0.0,914000000.0,339000000.0,1604000000.0,7356000000.0,0.0,381000000.0,538000000.0,1320000000.0,0.1655172414,347000000.0,0.0435109718,54000000.0,401000000.0,0.0502821317,40000000.0,371000000.0,0.0465203762,0.61,0.6,611800000,619800000,https://www.sec.gov/Archives/edgar/data/18230/000001823009000279/0000018230-09-000279-index.htm,https://www.sec.gov/Archives/edgar/data/18230/000001823009000279/form10q_2q09.htm,13.035305655442956,0.6064073226544623,3.118666230794377,2.401111474338019,6.523373651520105,12.840797646289635,8.347499182739456,11.891140895717555,55.045766590389015,20213872000.0,49518872000.0,13.62120754716981,2.5346547962382444,10.594272536687631,13.760294077603811,2.7785391065292093,2.7785391065292093,6.209262946708464,37.51429696969697,25.95328721174004,33.7092389380531,0.0183537325258614,0.0726728654460659,4.576769759450172,0.5362365522128455,22.20075757575757,1.4049769112365316,0.910761154855643,5.595307917888563,0.0124666862439813,0.6792452830188679,0.0,0.0440125391849529,0.0442730142369387,0.230083857442348,0.0550470219435736,0.8159851301115242,0.0,12.737530591220535,0.00596840912621,0.0062517904386364,-58.32298136645963,7893000000.0,5107000000.0,-26853000000.0,22868000000.0,15355000000.0,3011000000.0,7576000000.0,165.26144200626962,41.96453407510431,112.03059805285118,0.5445916416279705,2.144668158090977,0.8033519553072626,0.0509965635738831,0.7175547564563582,2009-07-21,0.22,bmo,2436805555.0,2025-04-25,2009-06-30,2.272727272727273,34.964444444444446,13713302.031746032
2009-03-31,CAT,USD,18230,2009-05-01,2009-05-01 12:21:58,2009,Q1,9225000000.0,7027000000.0,2198000000.0,0.2382655827,388000000,0.0,0.0,882000000.0,824000000.0,2094000000.0,9121000000.0,0.0,380000000.0,534000000.0,702000000.0,0.076097561,-175000000.0,-0.0189701897,-37000000.0,-212000000.0,-0.0229810298,-80000000.0,-112000000.0,-0.0121409214,-0.19,-0.19,602100000,602100000,https://www.sec.gov/Archives/edgar/data/18230/000001823009000175/0000018230-09-000175-index.htm,https://www.sec.gov/Archives/edgar/data/18230/000001823009000175/form10q_1q09.htm,15.32137518684604,-0.1860156120245806,1.486464042517854,0.7473841554559043,5.9226042185683445,10.523168908819134,5.959142999501744,10.353761833582462,58.57997010463378,16834716000.0,48159716000.0,-37.57749107142857,1.824901463414634,18.809738547486035,37.41048,2.700467757459095,2.700467757459095,5.220565420054201,68.60358404558404,53.80973854748604,107.0215911111111,-0.0066529188849993,0.0267304776629436,5.596888033365415,0.5414494103041589,44.62250712250712,1.343293041785504,-0.4605263157894737,-7.991071428571429,0.0150284685527216,-2.258928571428572,0.0,0.0420596205962059,0.0426443202979515,0.4972067039106145,0.0482384823848238,0.8333333333333334,0.0,,-0.0020262247870972,-0.0018154704013486,-63.93041023085866,7583000000.0,3588000000.0,-28432000000.0,22673000000.0,17097000000.0,4083500000.0,8386500000.0,156.74146341463415,42.77785683791092,102.35947061334852,0.5741939499564297,2.1038922155688624,0.8792542542542543,-0.0179659929419313,0.7390798870619498,2009-04-21,0.03789,bmo,946153846.0,2025-04-25,2009-03-31,9.292953285827396,31.454754098360656,16482160.147540985
2008-12-31,CAT,USD,18230,2009-02-20,2009-02-20 14:49:22,2008,Q4,12923000000.0,10066000000.0,2857000000.0,0.2210786969,507000000,0.0,0.0,413000000.0,-854000000.0,66000000.0,10132000000.0,0.0,0.0,527000000.0,2436000000.0,0.188501122,457000000.0,0.0353633057,-97000000.0,360000000.0,0.0278573087,-296000000.0,661000000.0,0.051149114,1.1,1.1,602100000,602100000,https://www.sec.gov/Archives/edgar/data/18230/000001823009000063/0000018230-09-000063-index.htm,https://www.sec.gov/Archives/edgar/data/18230/000001823009000063/form10k_2008.htm,21.463212091014785,1.097824281680784,2.519515030725793,-0.0830426839395449,4.544095665171898,11.150971599402093,6.547085201793722,10.1096163428002,59.01843547583458,26895807000.0,59694807000.0,10.172392965204237,2.081235549021125,17.72960250494397,-537.91614,4.418565303104978,4.418565303104978,4.619268513503057,24.50525738916256,39.35056493078445,-1193.89614,0.0245763215061738,-0.0018590258325396,5.837851158206012,0.5242542267858723,13.464285714285714,1.2442926829268293,0.0,2.2950075642965206,0.0094066707126504,0.3827534039334342,0.0,0.0392323763831927,0.0408958130477117,1.03295978905735,0.1212566741468699,2.9734345351043645,0.0,15.802471380802,0.0151107885239621,0.0101676665128441,-67.0079720976582,6260000000.0,3942000000.0,-29183000000.0,21556000000.0,17901000000.0,4988000000.0,9035500000.0,126.24932291263636,43.158156169282734,78.51082853169083,0.7128751103265666,2.085353221462606,1.146338685798884,0.1085920814851322,2.602557714665338,2009-01-26,1.29,bmo,15435805555.0,2025-04-25,2008-12-31,-0.1627906976744185,40.698125,12432835.9375
2008-09-30,CAT,USD,18230,2008-10-31,2008-10-31 11:20:26,2008,Q3,12981000000.0,9704000000.0,3277000000.0,0.2524458824,437000000,0.0,0.0,1376000000.0,291000000.0,2104000000.0,11808000000.0,0.0,291000000.0,501000000.0,1536000000.0,0.1183267853,1173000000.0,0.090362838,87000000.0,1252000000.0,0.0964486557,395000000.0,868000000.0,0.0668669594,1.43,1.39,607000000,624800000,https://www.sec.gov/Archives/edgar/data/18230/000001823008000375/0000018230-08-000375-index.htm,https://www.sec.gov/Archives/edgar/data/18230/000001823008000375/form10q_3q08.htm,21.385502471169687,1.42998352553542,2.2487644151565074,0.71499176276771,3.5222405271828667,16.654036243822077,12.090609555189456,15.889621087314662,56.762767710049424,36177200000.0,68203200000.0,10.419700460829494,2.7869347507896154,26.503443223443224,83.35760368663594,3.75087610160705,3.75087610160705,5.2540790385948695,44.403125,49.96571428571429,157.15023041474657,0.023993012173413,0.0119965060867065,3.542146189735614,0.5319092621712933,20.850260416666668,1.1156432748538012,4.030927835051546,1.5725806451612905,0.0070762800880112,0.2949308755760368,0.0,0.0336645867036437,0.0431269364305843,0.6820512820512821,0.0717202064555889,1.8582834331337328,0.0,22.610675987060933,0.0156701754797273,0.0141232366292975,-56.147446457990114,3164000000.0,7339000000.0,-23596000000.0,17751000000.0,17498000000.0,5253000000.0,8796500000.0,122.53755488791307,47.7545342126958,86.16034624896949,0.7344687111010524,1.8846377937463583,1.0445640473627555,0.0899948159668221,1.5337726523887971,2008-10-21,1.41,bmo,13167776978.0,2025-04-25,2008-09-30,-0.0141843971631205,68.10484375,7849646.5625
2008-06-30,CAT,USD,18230,2008-08-01,2008-08-01 11:08:01,2008,Q2,13624000000.0,10036000000.0,3588000000.0,0.2633587786,415000000,0.0,0.0,1369000000.0,279000000.0,2063000000.0,12099000000.0,0.0,279000000.0,480000000.0,2367000000.0,0.173737522,1525000000.0,0.1119348209,13000000.0,1530000000.0,0.1123018203,434000000.0,1106000000.0,0.0811802701,1.8,1.74,614300000,635500000,https://www.sec.gov/Archives/edgar/data/18230/000001823008000275/0000018230-08-000275-index.htm,https://www.sec.gov/Archives/edgar/data/18230/000001823008000275/form10q_2q08.htm,22.17808888165392,1.800423245971024,1.9518150740680449,0.5388246784958489,1.2729936513104347,15.415920559986978,11.36903792935048,15.415920559986978,50.91160670682077,45347625999.99999,75561626000.0,10.25036754068716,3.328510422783323,37.82120600500416,137.00189123867068,4.788556071805702,4.788556071805702,5.546214474456841,31.92295141529362,63.02053878231859,228.2828580060423,0.024389369357505,0.0072991693104287,3.273072861668427,0.5127288968289415,12.764681030840729,1.0554671516253693,5.465949820788531,1.0840867992766727,0.0048734634972953,0.1998191681735985,0.0,0.0304609512624779,0.0411228557722528,0.7239366138448707,0.0637110980622431,1.808333333333333,0.0,24.98982971171416,0.0230409664357882,0.0190798212776234,-53.81409734657333,1464000000.0,6984000000.0,-23125000000.0,14344000000.0,17076500000.0,5256500000.0,8192500000.0,114.42894891368172,48.04005579912316,74.45894778796334,0.7865142593234038,1.873436624976666,1.2087197398530651,0.1167898627243928,1.412990395572196,2008-07-22,1.54,bmo,12058022988.0,2025-04-25,2008-06-30,0.1298701298701298,80.53328125,6495556.484375
2008-03-31,CAT,USD,18230,2008-05-02,2008-05-02 13:51:15,2008,Q1,11796000000.0,8609000000.0,3187000000.0,0.270176331,369000000,0.0,0.0,959000000.0,566000000.0,1894000000.0,10503000000.0,0.0,284000000.0,472000000.0,2171000000.0,0.1840454391,1293000000.0,0.1096134283,48000000.0,1331000000.0,0.1128348593,420000000.0,922000000.0,0.0781620888,1.49,1.45,617500000,637900000,https://www.sec.gov/Archives/edgar/data/18230/000001823008000187/0000018230-08-000187-index.htm,https://www.sec.gov/Archives/edgar/data/18230/000001823008000187/form10q_1q08.htm,19.102834008097165,1.4931174089068826,1.1433198380566802,0.0987854251012145,1.2582995951417004,14.927935222672064,11.013765182186235,14.927935222672064,48.72712550607287,48344075000.00001,77372075000.0,13.108480206073754,4.098344777890811,68.4760269121813,792.5258196721313,5.244529724452159,5.244529724452159,6.559178958969143,35.63891064025795,109.59217422096316,1268.3946721311474,0.0190716235650387,0.0012617885438908,3.2333477977869385,0.5120782076833207,13.370796867802856,1.1065553544990951,4.552816901408451,0.7657266811279827,0.0046127679555353,0.2418655097613883,0.0,0.0312817904374364,0.0415263555769362,0.913597733711048,0.0546795523906408,1.3665254237288136,0.0011020684977958,22.394331852058745,0.0192226369865198,0.0165271479018409,-51.08461538461538,2591000000.0,6801000000.0,-22079000000.0,15058000000.0,16291500000.0,4939500000.0,7643000000.0,128.41556459816886,53.90173074689279,84.49064932047857,0.700849622719981,1.6697051978277735,1.0652066320217768,0.1000216966804079,1.0445344129554657,2008-04-18,1.33,bmo,10819779310.0,2025-04-25,2008-03-31,0.0902255639097743,70.60409836065574,7571422.852459016
2007-12-31,CAT,USD,18230,2008-02-22,2008-02-22 13:39:59,2007,Q4,12144000000.0,8920000000.0,3224000000.0,0.2654808959,357000000,0.0,0.0,265000000.0,215000000.0,837000000.0,9757000000.0,0.0,0.0,496000000.0,3203000000.0,0.2637516469,1255000000.0,0.1033432148,28000000.0,1283000000.0,0.1056488801,330000000.0,975000000.0,0.0802865613,1.58,1.58,617500000,617500000,https://www.sec.gov/Archives/edgar/data/18230/000001823008000052/0000018230-08-000052-index.htm,https://www.sec.gov/Archives/edgar/data/18230/000001823008000052/form10k_2007.htm,19.666396761133605,1.5789473684210529,4.05668016194332,2.2753036437246963,1.817004048582996,14.56842105263158,10.620242914979755,14.385425101214574,46.03886639676114,44805800000.0,72112800000.0,11.488666666666669,3.6895421607378127,17.886546906187625,31.890249110320283,5.043994146121806,5.043994146121806,5.938142292490118,22.514142990945988,28.78754491017964,51.32583629893239,0.0217605756397609,0.0313575474603734,3.200382753574243,0.5064668994512934,8.525444895410553,1.1452910766464377,0.0,2.569230769230769,0.0050886269188364,0.2338461538461538,0.0,0.029397233201581,0.0434333357086866,0.4391217564870259,0.0905797101449275,2.217741935483871,0.0,22.60666173745187,0.0209544781760007,0.0181584534584869,-49.55141700404858,3232000000.0,6558000000.0,-21659000000.0,15667000000.0,15416000000.0,4574500000.0,7195500000.0,116.7391304347826,47.65358744394619,72.68609865470853,0.770949720670391,1.8886301079822148,1.238200999444753,0.1097602161431948,1.7813765182186234,2008-01-25,1.5,bmo,12144000000.0,2025-04-25,2007-12-31,0.0,73.88,6111249.203125
2007-09-30,CAT,USD,18230,2007-11-01,2007-11-01 11:34:25,2007,Q3,11442000000.0,8270000000.0,3172000000.0,0.2772242615,357000000,0.0,0.0,1213000000.0,289000000.0,1859000000.0,10129000000.0,0.0,289000000.0,452000000.0,1313000000.0,0.1147526656,1313000000.0,0.1147526656,-18000000.0,1295000000.0,0.1131795141,395000000.0,927000000.0,0.0810173047,1.45,1.4,638300000,660000000,https://www.sec.gov/Archives/edgar/data/18230/000001823007000489/0000018230-07-000489-index.htm,https://www.sec.gov/Archives/edgar/data/18230/000001823007000489/form10q_3q07.htm,17.92574024753251,1.4522951590161366,3.4372552091493027,2.2826257245809183,1.4256619144602851,13.48582171392762,9.73680087733041,13.48582171392762,43.46545511514962,50783148000.0,77328148000.0,13.695563106796117,4.438310435238595,23.146375569735643,34.85459711736445,5.899529275092937,5.899529275092937,6.758271980423003,58.8942482863671,35.24528167730173,53.07354015099519,0.0182540869660147,0.0286906199670804,3.189474907063197,0.5010127922042373,20.217060167555218,1.182650785365159,4.5432525951557095,2.366774541531823,0.0045487530627286,0.2491909385113268,0.0,0.0312008390141583,0.043668680085403,0.3359161349134001,0.0644118161160636,1.6305309734513274,0.0124978150672959,20.992173679399308,0.0207256666782423,0.0176888142579094,-47.5912580291399,3849000000.0,6215000000.0,-21269000000.0,15678000000.0,14868000000.0,4278000000.0,7146500000.0,118.61562663869954,48.16686819830713,78.21402660217653,0.7587533156498674,1.868504292815183,1.1506887435647697,0.1076905204460966,1.1546294845683849,2007-10-19,1.43,bmo,11687185714.0,2025-04-25,2007-09-30,-0.0209790209790209,77.99650793650794,7037827.031746032
2007-06-30,CAT,USD,18230,2007-08-02,2007-08-02 11:09:49,2007,Q2,11356000000.0,8579000000.0,2777000000.0,0.2445403311,350000000,0.0,0.0,968000000.0,246000000.0,1564000000.0,10143000000.0,0.0,279000000.0,437000000.0,1213000000.0,0.1068157802,1213000000.0,0.1068157802,-10000000.0,1203000000.0,0.1059351884,385000000.0,823000000.0,0.0724727017,1.28,1.24,640500000,662800000,https://www.sec.gov/Archives/edgar/data/18230/000001823007000415/0000018230-07-000415-index.htm,https://www.sec.gov/Archives/edgar/data/18230/000001823007000415/form10q_2q07.htm,17.729898516783763,1.2849336455893834,2.946135831381733,1.85480093676815,0.87743950039032,12.226385636221702,8.473067915690866,12.226385636221702,43.45823575331772,50151150000.0,77145150000.0,15.234249696233292,4.416268932722789,26.57718600953895,42.21477272727272,6.40418209679479,6.40418209679479,6.793338323353294,63.59863973619126,40.88243243243243,64.93699494949495,0.0164103913868375,0.0236883899970389,3.5188353977780618,0.5150076626920346,22.25391591096455,1.2183791971724311,4.347670250896058,2.292831105710814,0.0038483663884078,0.2345078979343864,0.0,0.0308207115181401,0.0449295406122677,0.3704292527821939,0.0615533638605142,1.59954233409611,0.0085417400493131,18.80098723547438,0.0190476113689418,0.0161050448123361,-47.72521467603435,4325000000.0,5427000000.0,-21545000000.0,15856000000.0,14686000000.0,4087000000.0,7118500000.0,116.1535752025361,43.32672805688309,74.54715001748455,0.7748362445414847,2.077239709443099,1.2072896144103575,0.1050951347209807,1.0913348946135832,2007-07-20,1.49,bmo,13645516129.0,2025-04-25,2007-06-30,-0.1677852348993288,74.75920634920635,5592288.158730159
2007-03-31,CAT,USD,18230,2007-05-03,2007-05-03 10:05:53,2007,Q1,10016000000.0,7407000000.0,2609000000.0,0.2604832268,340000000,0.0,0.0,890000000.0,239000000.0,1469000000.0,8876000000.0,0.0,271000000.0,412000000.0,1140000000.0,0.1138178914,1140000000.0,0.1138178914,32000000.0,1172000000.0,0.1170127796,375000000.0,816000000.0,0.0814696486,1.27,1.23,643900000,665200000,https://www.sec.gov/Archives/edgar/data/18230/000001823007000304/0000018230-07-000304-index.htm,https://www.sec.gov/Archives/edgar/data/18230/000001823007000304/form10q_1q07.htm,15.555210436403168,1.2672775275663923,2.0950458145674795,1.312315576952943,0.9426929647460786,11.635347103587511,7.9080602578040065,11.635347103587511,42.90573070352539,43160617000.0,69909617000.0,13.22322824754902,4.309167032747604,31.99452705707932,51.07765325443787,5.7608938868126005,5.7608938868126005,6.979794029552716,61.32422543859649,51.823289103039286,82.73327455621302,0.0189061245347813,0.0195780333724144,3.651361452215697,0.5235798499464094,23.4640350877193,1.2009022556390978,4.206642066420664,1.6531862745098038,0.0044716691607999,0.2365196078431372,0.0,0.0339456869009584,0.0459347726228755,0.3736100815418828,0.0503194888178913,1.2233009708737863,0.0025958466453674,18.214480859216145,0.0181823042861793,0.0163697640828117,-45.88678366205933,4008000000.0,5092000000.0,-20798000000.0,15300000000.0,15063500000.0,4064500000.0,6741000000.0,132.23242811501598,49.13730255164034,86.6464155528554,0.6806197336232672,1.8316023738872405,1.0387042490534286,0.1089161772557394,0.7827302376145364,2007-04-20,1.09,bmo,8875967479.0,2025-04-25,2007-03-31,0.1284403669724769,63.75360655737705,6317351.803278688
2006-12-31,CAT,USD,18230,2007-02-23,2007-02-23 14:07:22,2006,Q4,11003000000.0,7971000000.0,3032000000.0,0.2755612106,368000000,0.0,0.0,278000000.0,217000000.0,863000000.0,8834000000.0,0.0,0.0,382000000.0,2765000000.0,0.2512951013,1146000000.0,0.1041534127,-19000000.0,1127000000.0,0.1024266109,252000000.0,882000000.0,0.0801599564,1.37,1.37,643900000,643900000,https://www.sec.gov/Archives/edgar/data/18230/000001823007000053/0000018230-07-000053-index.htm,https://www.sec.gov/Archives/edgar/data/18230/000001823007000053/form10k_2006.htm,17.088057151731636,1.3697779158254388,3.4679298027644045,1.958378630222084,0.8231091784438578,10.652275198012113,7.094269296474608,10.652275198012113,42.39167572604442,39490387000.0,66256387000.0,11.193420351473922,3.589056348268654,17.68490237348858,31.31672244250595,5.757455459979589,5.757455459979589,6.021665636644552,23.962526943942137,29.67146753246753,52.54273354480571,0.0223345494183179,0.0319318217874137,3.979588861350051,0.530544811366596,9.680289330922244,1.1937745938855815,0.0,2.531746031746032,0.0049379105856825,0.2210884353741496,0.0,0.0334454239752794,0.0445295341017318,0.4352888490819525,0.0883395437607925,2.5445026178010477,0.0,18.119137802044307,0.0215733955530643,0.0179421457341633,-45.5447274421494,3841000000.0,4568000000.0,-20927000000.0,14983000000.0,15016500000.0,3971000000.0,6381000000.0,126.05562119421975,46.12344749717727,71.7086940158073,0.713970540523003,1.9512851897184824,1.255077940481814,0.1285901734946785,1.5095511725423203,2007-01-26,1.34,bmo,11169712121.0,2025-04-25,2006-12-31,-0.0149253731343283,62.836349206349205,7307217.619047619
2006-09-30,CAT,USD,18230,2006-11-02,2006-11-02 14:18:54,2006,Q3,10517000000.0,7610000000.0,2907000000.0,0.2764096225,329000000,0.0,0.0,1234000000.0,266000000.0,1829000000.0,9439000000.0,0.0,266000000.0,418000000.0,1078000000.0,0.1025007131,1078000000.0,0.1025007131,0.0,1078000000.0,0.1025007131,334000000.0,769000000.0,0.0731197109,1.18,1.14,653200000,677200000,https://www.sec.gov/Archives/edgar/data/18230/000001823006000458/0000018230-06-000458-index.htm,https://www.sec.gov/Archives/edgar/data/18230/000001823006000458/form10q_3q06.htm,16.100734843845682,1.1772810777709737,2.477036129822413,1.5293937538273117,0.846601347213717,13.82118799755052,9.958665033680344,13.82118799755052,42.37140232700551,42980560000.0,69838560000.0,13.972873862158648,4.086769991442426,26.56400494437577,43.02358358358358,4.760806380150642,4.760806380150642,6.6405400779690025,64.78530612244899,43.16351050679852,69.90846846846847,0.0178918096925679,0.0232430661675883,3.0362206468763846,0.5429748628251094,24.914656771799628,1.2895905806796897,4.052631578947368,2.104031209362809,0.0045602011700173,0.2548764629388816,0.0,0.031282685176381,0.0499772200542757,0.3825710754017305,0.0588570885233431,1.4808612440191389,0.0151183797660929,19.13392327232471,0.0181180596142606,0.0160341951626355,-40.9216166564605,5411000000.0,6505000000.0,-17359000000.0,16358000000.0,14761000000.0,3896500000.0,6332500000.0,125.12883902253496,45.6149802890933,75.81997371879106,0.719258651347285,1.9730360383717915,1.187022305412572,0.0851794417368187,0.947642375995101,2006-10-20,1.35,bmo,12454342105.0,2025-04-25,2006-09-30,-0.1555555555555557,68.57015873015874,5644206.682539683
2006-06-30,CAT,USD,18230,2006-08-02,2006-08-02 11:16:20,2006,Q2,10605000000.0,7672000000.0,2933000000.0,0.2765676568,343000000,0.0,0.0,1111000000.0,0.0,1454000000.0,9126000000.0,0.0,256000000.0,402000000.0,1479000000.0,0.1394625177,1479000000.0,0.1394625177,-16000000.0,1463000000.0,0.1379537954,449000000.0,1046000000.0,0.0986327204,1.58,1.52,662100000,688500000,https://www.sec.gov/Archives/edgar/data/18230/000001823006000382/0000018230-06-000382-index.htm,https://www.sec.gov/Archives/edgar/data/18230/000001823006000382/form10q_2q06.htm,16.017217942908925,1.5798217791874338,2.146201480138952,1.2415043044857272,0.978704123244223,13.038815888838544,9.279565020389668,13.038815888838544,41.60700800483311,49313208000.0,75957208000.0,11.786139579349904,4.649996039603961,34.703172413793105,59.99173722627737,5.712175141897371,5.712175141897371,7.162395851013673,51.357138607167,53.453348346235046,92.40536253041364,0.0212113557893049,0.0166689621977138,3.161357581373798,0.5468790702334435,18.01487491548344,1.1516542812514792,5.77734375,1.3585086042065009,0.0033865166508737,0.1596558317399617,0.0,0.0323432343234323,0.0498747620478909,0.4215341308937368,0.0564827911362564,1.4900497512437811,0.0113154172560113,21.52853036345146,0.0255435833155642,0.0220600641133794,-39.75532396918894,3204000000.0,6144000000.0,-16941000000.0,13974000000.0,14687500000.0,3798500000.0,6056000000.0,126.44978783592646,46.17309697601668,73.36548488008341,0.711744966442953,1.9491869918699187,1.2267348896706107,0.1211629792656087,0.9046971756532246,2006-07-21,1.42,bmo,9907302631.0,2025-04-25,2006-06-30,0.0704225352112676,74.3279365079365,5337916.047619048
2006-03-31,CAT,USD,18230,2006-05-03,2006-05-03 11:40:34,2006,Q1,9392000000.0,6784000000.0,2608000000.0,0.2776831346,307000000,0.0,0.0,1083000000.0,0.0,1390000000.0,8174000000.0,0.0,232000000.0,400000000.0,1218000000.0,0.1296848382,1218000000.0,0.1296848382,-25000000.0,1193000000.0,0.1270229983,370000000.0,840000000.0,0.0894378194,1.25,1.2,672000000,699100000,https://www.sec.gov/Archives/edgar/data/18230/000001823006000237/0000018230-06-000237-index.htm,https://www.sec.gov/Archives/edgar/data/18230/000001823006000237/form10q_1q06.htm,13.976190476190476,1.25,0.7842261904761905,0.0625,1.199404761904762,13.336309523809524,10.5625,13.336309523809524,38.83928571428572,48256320000.0,73318320000.0,14.362,5.138023850085179,91.5679696394687,1148.96,5.3845480919437625,5.3845480919437625,7.806465076660988,60.19566502463054,139.1239468690702,1745.6742857142858,0.0174070463723715,0.0008703523186185,2.886409283642044,0.5393998790583231,20.57635467980296,1.199756332808772,5.25,0.6273809523809524,0.0034814092744743,0.2,0.0,0.0326873935264054,0.0388681527201451,0.920303605313093,0.0516396933560477,1.2125,0.0086243611584327,19.367077873472365,0.0216804220650322,0.0182240253400733,-36.31510416666666,3935000000.0,7098000000.0,-15361000000.0,13683000000.0,14411500000.0,3536500000.0,5541000000.0,138.70847529812607,48.56869103773585,77.71521226415095,0.6488428324697755,1.8530456159519253,1.1580744281324684,0.0937290783307297,0.7217261904761905,2006-04-24,1.05,bmo,8218000000.0,2025-04-25,2006-03-31,0.1428571428571427,69.09725806451613,4448614.741935484
2005-12-31,CAT,USD,18230,2006-05-31,2006-05-31 13:52:23,2005,Q4,9663000000.0,6906000000.0,2757000000.0,0.2853151195,290000000,0.0,0.0,228000000.0,404000000.0,922000000.0,7828000000.0,0.0,0.0,364000000.0,2576000000.0,0.2665838766,1067000000.0,0.1104211942,37000000.0,1104000000.0,0.1142502328,270000000.0,846000000.0,0.0875504502,1.25,1.25,672100000,678000000,https://www.sec.gov/Archives/edgar/data/18230/000001823006000262/0000018230-06-000262-index.htm,https://www.sec.gov/Archives/edgar/data/18230/000001823006000262/form10ka_053106.htm,14.377324802856718,1.2587412587412588,1.4625799732182712,0.3600654664484451,1.6485642017556912,12.545752120220206,9.755988692158905,12.545752120220206,38.30531170956703,38827217000.0,63464217000.0,11.47376388888889,4.018132774500673,39.49869481180061,160.44304545454546,4.60474584914611,4.60474584914611,6.567755045017075,24.63673020186335,64.56176703967446,262.2488305785124,0.0217888395143025,0.0062327413267863,3.0532495256166983,0.5413959161356802,9.564052795031056,1.1993068487481895,0.0,1.16193853427896,0.0043526168769706,0.1997635933806146,0.0,0.0300113836282727,0.0394296889786133,0.7538148524923703,0.0766842595467246,2.0357142857142856,0.0,18.84984763472613,0.0211007568859549,0.0185209510048601,-36.66121112929624,3853000000.0,6557000000.0,-15936000000.0,13716000000.0,13696000000.0,3418500000.0,5346500000.0,133.6355169202111,44.46568201563858,68.07993049522155,0.6734736548647895,2.024032825322392,1.3219754977029097,0.1003320683111954,1.102514506769826,2006-01-26,1.1,bmo,8857750000.0,2025-04-25,2005-12-31,0.0909090909090907,55.97142857142857,4006019.142857143
2005-09-30,CAT,USD,18230,2005-11-04,2005-11-04 10:22:45,2005,Q3,8977000000.0,6547000000.0,2430000000.0,0.2706917679,285000000,0.0,0.0,1008000000.0,197000000.0,1490000000.0,8037000000.0,0.0,197000000.0,369000000.0,940000000.0,0.1047120419,940000000.0,0.1047120419,12000000.0,952000000.0,0.1060487914,303000000.0,667000000.0,0.0743009914,0.98,0.94,678800000,710700000,https://www.sec.gov/Archives/edgar/data/18230/000001823005000719/0000018230-05-000719-index.htm,https://www.sec.gov/Archives/edgar/data/18230/000001823005000719/form10q_3q05.htm,13.224808485562756,0.982616381850324,1.6705951679434297,0.6923983500294637,1.424572775486152,12.362993517972892,9.544784914555096,12.362993517972892,37.167059516794346,39879500000.0,63944500000.0,14.947338830584709,4.442408376963351,35.167107583774246,84.85,4.752085319351764,4.752085319351764,7.123148045003899,68.02606382978723,56.3884479717813,136.05212765957447,0.0167253852229842,0.0117855038302887,2.9828408007626317,0.5457756459173662,25.601063829787236,1.1330822680740469,4.771573604060913,1.7001499250374812,0.004237766270891,0.2533733133433283,0.0,0.0317477999331625,0.0417093644391147,0.5855379188712522,0.0739668040548067,1.7994579945799458,0.0,16.532749290062572,0.0172914011800078,0.0151756461594466,-35.3395698291102,2509000000.0,6479000000.0,-16111000000.0,12239000000.0,13055000000.0,3460000000.0,5409000000.0,130.77420073521222,47.082633267145255,75.180998930808,0.6882091383011346,1.9115328467153283,1.1971109892119218,0.0794804575786463,0.9781968179139658,2005-10-21,1.06,bmo,10123000000.0,2025-04-25,2005-09-30,-0.1132075471698114,54.50125,4543837.5625
2005-06-30,CAT,USD,18230,2005-08-04,2005-08-04 16:42:22,2005,Q2,9360000000.0,6890000000.0,2470000000.0,0.2638888889,268000000,0.0,0.0,789000000.0,392000000.0,1449000000.0,8339000000.0,0.0,184000000.0,372000000.0,1021000000.0,0.1090811966,1021000000.0,0.1090811966,25000000.0,1046000000.0,0.1117521368,315000000.0,760000000.0,0.0811965812,1.12,1.08,678300000,705100000,https://www.sec.gov/Archives/edgar/data/18230/000001823005000553/0000018230-05-000553-index.htm,https://www.sec.gov/Archives/edgar/data/18230/000001823005000553/form10q_2q05.htm,13.799203892083147,1.1204481792717087,1.2044817927170868,0.3095975232198142,1.1042311661506707,11.359280554326991,8.53014890166593,11.359280554326991,36.35706914344685,32320995000.0,56048995000.0,10.63190625,3.4530977564102563,39.56058139534884,153.9095,4.194807916937054,4.194807916937054,5.988140491452992,54.89617531831538,68.60342105263157,266.8999761904762,0.0235141275817777,0.0064973247265438,3.1767683322517843,0.5460812529281842,23.23996082272282,1.2208653175157014,5.548913043478261,1.075,0.0043006101761409,0.1828947368421052,0.0,0.0286324786324786,0.0428128416214889,0.7429620563035496,0.0648504273504273,1.631720430107527,0.0,16.922423506577733,0.0196851789303483,0.0177139660637702,-35.22777532065458,3798000000.0,5786000000.0,-16124000000.0,13310000000.0,12885500000.0,3736500000.0,5289500000.0,125.6346153846154,45.65312046444122,69.87082728592164,0.7163630797489667,1.9713876967095847,1.2880912320059823,0.0986372485399091,0.8948842694972726,2005-07-21,1.01,bmo,8753333333.0,2025-04-25,2005-06-30,0.0693069306930693,46.29609375,5168812.5625
2005-03-31,CAT,USD,18230,2005-05-06,2005-05-06 14:29:12,2005,Q1,8339000000.0,6428000000.0,1911000000.0,0.2291641684,241000000,0.0,0.0,744000000.0,170000000.0,1155000000.0,7583000000.0,0.0,170000000.0,372000000.0,756000000.0,0.0906583523,756000000.0,0.0906583523,43000000.0,799000000.0,0.0958148459,232000000.0,581000000.0,0.0696726226,0.85,0.81,684100000,713300000,https://www.sec.gov/Archives/edgar/data/18230/000001823005000382/0000018230-05-000382-index.htm,https://www.sec.gov/Archives/edgar/data/18230/000001823005000382/form10q_1q05.htm,12.18973834234761,0.8492910393217366,0.2616576523900014,-0.3274375091360912,0.7557374652828533,11.32436778248794,8.511913462944014,11.32436778248794,35.96550211957316,31277052000.0,55194052000.0,13.45828399311532,3.750695766878523,174.7321340782123,-139.62969642857144,4.037311475409836,4.037311475409836,6.6187854658832,73.00800529100529,308.3466592178771,-246.40201785714285,0.018575919495226,-0.007161800287316,3.153995094875436,0.5509730083207433,31.636243386243383,1.3676878339081626,4.447058823529412,0.3080895008605852,0.0045080975022837,0.2426850258175559,0.0,0.0289003477635208,0.0433851218797212,2.2513966480446927,0.0483271375464684,1.0833333333333333,0.0,14.71046878526114,0.0148672746850148,0.013695401079603,-34.99378745797398,5437000000.0,5823000000.0,-16376000000.0,14912000000.0,12675000000.0,3779000000.0,4952500000.0,137.12075788463846,55.69695084007467,73.22650902302426,0.6563557654466745,1.615887380593263,1.2290630975143404,0.0749967729443655,0.5890951615260926,2005-04-20,0.68,bmo,6915268292.0,2025-04-25,2005-03-31,0.2058823529411763,46.59245901639344,5912485.31147541
2004-12-31,CAT,USD,18230,2005-05-27,2005-05-27 11:48:24,2004,Q4,8571000000.0,6052000000.0,2519000000.0,0.2938980282,243000000,0.0,0.0,849000000.0,211000000.0,1303000000.0,7355000000.0,0.0,0.0,342000000.0,1762000000.0,0.2055769455,696000000.0,0.0812040602,15000000.0,711000000.0,0.0829541477,182000000.0,551000000.0,0.0642865477,1.61,1.61,342000000,342000000,https://www.sec.gov/Archives/edgar/data/18230/000001823005000404/0000018230-05-000404-index.htm,https://www.sec.gov/Archives/edgar/data/18230/000001823005000404/form10ka_1.htm,25.06140350877193,1.6111111111111112,-16.157894736842106,-18.403508771929825,1.3011695906432748,21.83333333333333,16.672514619883042,21.83333333333333,68.78654970760233,16675920000.0,39755920000.0,7.566206896551724,1.9456212810640527,-3.01771986970684,-2.649494756911344,2.2332824427480915,2.2332824427480915,4.6384225877960565,22.56295119182747,-7.194339486065871,-6.316479186526851,0.0330416552729924,-0.3774304506138192,3.1505289942413284,0.5458869938507948,13.098751418842223,1.2127157581025705,0.0,-10.029038112522686,0.0083353722013538,0.2522686025408348,0.0,0.0283514175708785,0.0409560273813667,-0.1389793702497285,0.0896044802240112,2.245614035087719,0.0,28.132869269474337,0.0155278917642885,0.0133317203000241,-68.3092105263158,3426000000.0,5702000000.0,-16096000000.0,12873000000.0,12693000000.0,3757000000.0,4592000000.0,132.77913895694786,53.23859881031064,69.52247191011236,0.6778173190984579,1.6905027932960894,1.2945454545454544,0.0737913486005089,2.245614035087719,2005-01-27,0.82,bmo,9010538461.0,2025-04-25,2004-12-31,-0.0487804878048779,43.89328125,4682490.6875
2004-09-30,CAT,USD,18230,2004-11-08,2004-11-08 15:01:18,2004,Q3,7649000000.0,5868000000.0,1781000000.0,0.2328408942,240000000,0.0,0.0,734000000.0,129000000.0,1103000000.0,6971000000.0,0.0,129000000.0,352000000.0,1015000000.0,0.1326970846,678000000.0,0.0886390378,0.0,663000000.0,0.0866779971,182000000.0,498000000.0,0.0651065499,0.73,0.7,683600000,706000000,https://www.sec.gov/Archives/edgar/data/18230/000001823004000634/0000018230-04-000634-index.htm,https://www.sec.gov/Archives/edgar/data/18230/000001823004000634/form10q_3q04.htm,11.18929198361615,0.7284961966062025,1.4101813926272675,0.652428320655354,0.6100058513750731,10.270626097132826,7.6214160327677,10.270626097132826,32.770626097132826,27494392000.0,49350392000.0,13.80240562248996,3.5945080402667013,28.521153526970952,61.64661883408072,3.916022219057114,3.916022219057114,6.451875016342005,48.62107586206896,51.19335269709544,110.65110313901346,0.0181127845998558,0.0162214898223608,3.1723401224896737,0.551393771352181,21.533004926108376,1.4202227686966584,5.255813953488372,1.853846153846154,0.0051283185312844,0.2831325301204819,0.0,0.0313766505425545,0.0448333910976877,0.5373443983402489,0.0677212707543469,1.4715909090909092,0.0,12.97488038834376,0.0148663327875351,0.0129072389394292,-30.932928613224107,5810000000.0,5210000000.0,-13737000000.0,14924000000.0,12486500000.0,3799000000.0,4303000000.0,149.91371421100797,60.33742331288344,69.15644171779141,0.6003453418099051,1.4916115912557193,1.3013972055888223,0.070930066942031,0.7577530719719134,2004-10-21,0.68,bmo,7335380281.0,2025-04-25,2004-09-30,0.0441176470588234,37.2996875,4595787.5625
2004-06-30,CAT,USD,18230,2004-08-09,2004-08-09 14:23:43,2004,Q2,7564000000.0,5688000000.0,1876000000.0,0.2480169223,215000000,0.0,0.0,778000000.0,120000000.0,1113000000.0,6801000000.0,0.0,120000000.0,353000000.0,1123000000.0,0.1484664199,763000000.0,0.1008725542,-2000000.0,747000000.0,0.0987572713,209000000.0,552000000.0,0.0729772607,0.83,0.8,684800000,709500000,https://www.sec.gov/Archives/edgar/data/18230/000001823004000492/0000018230-04-000492-index.htm,https://www.sec.gov/Archives/edgar/data/18230/000001823004000492/form10q_2q04.htm,11.04556074766355,0.8060747663551402,0.6907126168224299,-0.0131425233644859,0.6819509345794392,9.652453271028037,7.272196261682243,9.652453271028037,31.44567757009346,27200256000.0,48147256000.0,12.31895652173913,3.596014806980434,57.5058266384778,-3022.250666666667,4.115016036308624,4.115016036308624,6.365316763617134,42.873780943900265,101.79123890063426,-5349.695111111111,0.0202939266453962,-0.0003308792387836,3.23963691376702,0.5530760886409422,18.65271593944791,1.405328330206379,6.358333333333333,0.8568840579710145,0.0046690737028357,0.2300724637681159,0.0,0.0284241142252776,0.0420992819877059,1.0190274841437632,0.0637228979375991,1.3654390934844192,0.0,13.231155574701374,0.017266493654292,0.0148835202761,-29.81673481308411,5401000000.0,4980000000.0,-13382000000.0,14171000000.0,11986000000.0,3486500000.0,3887500000.0,145.54204124801691,57.9746835443038,64.82594936708861,0.618378024852845,1.5524017467248907,1.3883329265316084,0.0835098335854765,0.7038551401869159,2004-07-22,0.87,bmo,8457961538.0,2025-04-25,2004-06-30,-0.1034482758620689,38.818548387096776,4913683.870967742
2004-03-31,CAT,USD,18230,2004-05-10,2004-05-10 16:30:06,2004,Q1,6467000000.0,4837000000.0,1630000000.0,0.2520488635,214000000,0.0,0.0,724000000.0,118000000.0,1056000000.0,5893000000.0,0.0,118000000.0,350000000.0,918000000.0,0.1419514458,574000000.0,0.0887583114,-2000000.0,564000000.0,0.0872119994,158000000.0,412000000.0,0.0637080563,0.62,0.6,685200000,711400000,https://www.sec.gov/Archives/edgar/data/18230/000001823004000302/0000018230-04-000302-index.htm,https://www.sec.gov/Archives/edgar/data/18230/000001823004000302/form1q_1q04.htm,9.43812025685931,0.6012842965557501,0.1430239346176298,-0.3619381202568593,0.5370694687682428,9.244016345592527,6.859311150029188,9.244016345592527,30.688849970811443,27085956000.0,47627956000.0,16.43565291262136,4.188334003401886,276.387306122449,-109.21756451612904,4.276279760025261,4.276279760025261,7.364768207824339,51.88230501089325,485.99955102040815,-192.04820967741932,0.0152108347218757,-0.0091560364345271,3.301231449321124,0.5523271171218764,22.37690631808279,1.3534848484848483,4.864406779661017,0.2378640776699029,0.0046887767225199,0.308252427184466,0.0,0.0330910777794959,0.0431612869142585,3.5306122448979598,0.0535023967836709,0.9885714285714284,0.0,11.183082847697356,0.0133298464920408,0.0113736749116607,-29.935785172212498,4666000000.0,4700000000.0,-13658000000.0,13453000000.0,10468500000.0,2784000000.0,3362500000.0,163.3833307561466,61.56915443456688,68.4349803597271,0.5508517887563884,1.461770927772741,1.3151169113648722,0.0650457846542469,0.5049620548744892,2004-04-22,0.35,bmo,5487711428.0,2025-04-25,2004-03-31,0.6571428571428571,39.36838709677419,5295412.870967742
2003-12-31,CAT,USD,18230,2004-05-28,2004-05-27 20:10:54,2003,Q4,6465000000.0,5006000000.0,1459000000.0,0.2256767208,175000000,0.0,0.0,669000000.0,116000000.0,960000000.0,5966000000.0,0.0,0.0,339000000.0,838000000.0,0.1296210363,499000000.0,0.0771848415,-34000000.0,465000000.0,0.0719257541,125000000.0,349000000.0,0.0539829853,0.51,0.51,685224000,685224000,https://www.sec.gov/Archives/edgar/data/18230/000001823004000320/0000018230-04-000320-index.htm,https://www.sec.gov/Archives/edgar/data/18230/000001823004000320/form10ka_052004.htm,9.434870932716892,0.5093224989200612,0.9617293031183964,0.0394031732688872,0.4991068614059052,8.870092115862843,6.481092314338085,8.870092115862843,29.601998762448485,28443648240.0,48385648240.0,20.375106189111747,4.399636232018562,43.161833444613045,1053.4684533333334,4.679771016781835,4.679771016781835,7.484245667440062,57.7394370405728,73.42283496206373,1792.061045925926,0.0122698747029646,0.0009492453208597,3.337282000658111,0.5525319386559887,23.79713603818616,1.3174860289948975,0.0,1.888252148997135,0.004570440433769,0.3724928366762177,0.0,0.0270688321732405,0.0445915393206395,0.9590288315629742,0.0977571539056457,1.864306784660767,0.0,10.082117503149025,0.0124389818305524,0.0099503906027256,-31.91620550360174,3920000000.0,4441000000.0,-14366000000.0,12808000000.0,9769000000.0,2378000000.0,3052000000.0,128.03248259860788,40.61326408310027,54.780263683579705,0.7029466130259867,2.216024789729969,1.642927469642271,0.0574202040144784,0.922326129849509,2004-01-27,0.47,bmo,6189893617.0,2025-04-25,2003-12-31,0.0425531914893617,37.945,4755353.1875
2003-09-30,CAT,USD,18230,2003-11-14,2003-11-14 10:06:11,2003,Q3,5545000000.0,4244000000.0,1301000000.0,0.234625789,173000000,0.0,0.0,627000000.0,116000000.0,916000000.0,5160000000.0,0.0,116000000.0,337000000.0,385000000.0,0.0694319206,385000000.0,0.0694319206,-101000000.0,284000000.0,0.0512173129,69000000.0,222000000.0,0.0400360685,0.32,0.31,692600000,712200000,https://www.sec.gov/Archives/edgar/data/18230/000001823003000495/0000018230-03-000495-index.htm,https://www.sec.gov/Archives/edgar/data/18230/000001823003000495/form10q_3q03.htm,8.006064106266242,0.3205313312157089,0.4475887958417557,-0.0909615939936471,0.5732024256425065,9.084608720762343,6.666185388391568,9.084608720762343,27.206179613052267,23839292000.0,42169292000.0,26.84604954954955,4.299241118124437,76.90094193548387,-378.4014603174603,3.788825810553083,3.788825810553083,7.604921911632101,109.53062857142857,136.02997419354838,-669.3538412698413,0.0093123570951687,-0.0026426959324127,2.9763191354100447,0.5340348475774945,47.61038961038961,1.449877750611247,3.318965517241379,1.3963963963963963,0.0050756540924118,0.545045045045045,0.0,0.0311992786293958,0.0477657056491858,1.2032258064516128,0.0672678088367899,1.1068249258160237,0.0,8.094305952575263,0.0098533220962012,0.0066482989937709,-27.568221195495237,4968000000.0,4617000000.0,-12764000000.0,13726000000.0,10259000000.0,2506500000.0,3003000000.0,167.84310189359783,52.95240339302545,64.82799245994346,0.5362150662411759,1.6996395674809772,1.3882891723912332,0.0352828989192625,0.5385503898354028,2003-10-16,0.37,bmo,6618225806.0,2025-04-25,2003-09-30,-0.1621621621621621,33.4315625,5993628.15625
2003-06-30,CAT,USD,18230,2003-08-14,2003-08-14 10:16:32,2003,Q2,5932000000.0,4455000000.0,1477000000.0,0.2489885367,169000000,0.0,0.0,604000000.0,118000000.0,891000000.0,5346000000.0,0.0,118000000.0,339000000.0,921000000.0,0.1552596089,586000000.0,0.0987862441,-28000000.0,554000000.0,0.0933917734,155000000.0,399000000.0,0.0672623061,0.58,0.57,689400000,696800000,https://www.sec.gov/Archives/edgar/data/18230/000001823003000402/0000018230-03-000402-index.htm,https://www.sec.gov/Archives/edgar/data/18230/000001823003000402/form10q_2q2003.htm,8.604583695967507,0.5787641427328112,1.2750217580504786,0.6759501015375688,0.4482158398607485,8.601682622570351,6.1633304322599365,8.601682622570351,26.478096895851465,19186002000.0,37013002000.0,12.021304511278194,3.234322656776804,21.82707849829352,41.17167811158798,3.235413490725126,3.235413490725126,6.239548550236008,40.18784147665581,42.10807963594994,79.42704291845493,0.0207964118840392,0.0242885411979004,3.0583473861720067,0.5299824663939217,19.35613463626493,1.387033222888869,4.966101694915254,2.2030075187969924,0.0062545599651245,0.3007518796992481,0.0,0.0284895482130815,0.0491233196960841,0.4698521046643913,0.0696223870532704,1.218289085545723,0.0,10.58360869717943,0.0147439976037709,0.0122622084268109,-27.377067014795475,4322000000.0,4249000000.0,-12801000000.0,13037000000.0,9907000000.0,2445500000.0,3006500000.0,154.40492245448416,50.82828282828283,59.57575757575758,0.5828829714061118,1.7706677265500794,1.5106815869786367,0.0672849915682968,0.5990716565129097,2003-07-17,0.33,bmo,4004100000.0,2025-04-25,2003-06-30,0.7272727272727271,26.70206349206349,3894206.349206349
2003-03-31,CAT,USD,18230,2003-05-14,2003-05-14 16:15:17,2003,Q1,4821000000.0,3646000000.0,1175000000.0,0.2437253682,152000000,0.0,0.0,676000000.0,120000000.0,948000000.0,4594000000.0,0.0,120000000.0,332000000.0,554000000.0,0.1149139183,227000000.0,0.0470856669,-48000000.0,174000000.0,0.0360920971,49000000.0,129000000.0,0.026757934,0.19,0.19,688632000,693652000,https://www.sec.gov/Archives/edgar/data/18230/000001823003000208/0000018230-03-000208-index.htm,https://www.sec.gov/Archives/edgar/data/18230/000001823003000208/form10q_1q2003.htm,7.000836440943784,0.1873279197016694,0.3165696627516584,-0.1873279197016694,0.4748544941274875,8.18869875347065,5.747627179683779,8.18869875347065,26.68478955378199,16940347200.000002,34869347200.0,32.83013023255814,3.513865836963286,77.70801467889909,-131.32052093023256,3.0041403085653484,3.0041403085653484,7.232803816635553,62.94105992779783,159.95113394495414,-270.30501705426354,0.0076149560854337,-0.0076149560854337,3.2374534491931195,0.5443377661160475,32.36281588447653,1.4099925149700598,1.8916666666666664,1.689922480620155,0.0070836800794732,0.9302325581395348,0.0,0.0315287284795685,0.050122249388753,1.591743119266055,0.0719767683053308,1.0451807228915662,0.0,5.874893003911176,0.0057497606883745,0.0040493455127601,-27.31829191788938,4382000000.0,3958000000.0,-12829000000.0,13061000000.0,8947500000.0,2082500000.0,2913500000.0,179.90665836963285,58.62589138782227,75.6335710367526,0.500259416830964,1.535157894736842,1.1899477806788512,0.0228763965242064,0.5038975824533277,2003-04-16,0.13,bmo,3298578947.0,2025-04-25,2003-03-31,0.4615384615384615,23.135737704918032,4222563.934426229
2002-12-31,CAT,USD,18230,2003-03-31,2003-03-31 17:10:42,2002,Q4,5377000000.0,4074000000.0,1303000000.0,0.2423284359,132000000,0.0,0.0,616000000.0,128000000.0,876000000.0,4950000000.0,0.0,521000000.0,310000000.0,737000000.0,0.137065278,427000000.0,0.0794123117,-12000000.0,415000000.0,0.077180584,116000000.0,305000000.0,0.0567230798,0.44,0.44,688600000,688600000,https://www.sec.gov/Archives/edgar/data/18230/000001823003000130/0000018230-03-000130-index.htm,https://www.sec.gov/Archives/edgar/data/18230/000001823003000130/form10k_2002.htm,7.808597153645077,0.4429276793494046,1.460935230903282,0.7159453964565786,0.4487365669474296,7.946558234098171,5.5024687772291605,7.946558234098171,26.694742956723783,15741396000.0,33293396000.0,12.902783606557376,2.9275424958155103,15.647510934393638,31.929809330628803,2.876717105263157,2.876717105263157,6.1918162544169615,45.17421438263229,33.09482703777336,67.53224340770791,0.0193756640135347,0.031318696257943,3.2640716374269005,0.546124445803394,23.815468113975577,1.2349680170575692,0.8195777351247601,3.2983606557377048,0.0076232120708989,0.3934426229508196,0.0,0.0245490050213873,0.0514600214034551,0.5099403578528827,0.0954063604240282,1.6548387096774193,0.0,8.899122902988255,0.0113669234484585,0.0098317323189994,-28.099041533546327,2755000000.0,3789000000.0,-12753000000.0,11447000000.0,8896500000.0,2100000000.0,2923500000.0,138.22205690905707,39.54344624447717,61.03829160530192,0.6511261806732865,2.275977653631285,1.474484256243214,0.0557383040935672,0.7449898344467034,2003-01-23,0.34,bmo,3795529411.0,2025-04-25,2002-12-31,0.2941176470588234,21.58125,3891493.75
2002-09-30,CAT,USD,18230,2002-11-13,2002-11-13 10:06:35,2002,Q3,5075000000.0,3798000000.0,1277000000.0,0.2516256158,167000000,0.0,0.0,646000000.0,135000000.0,948000000.0,4746000000.0,0.0,135000000.0,312000000.0,329000000.0,0.0648275862,329000000.0,0.0648275862,-46000000.0,283000000.0,0.0557635468,71000000.0,213000000.0,0.0419704433,0.31,0.31,688400000,692400000,https://www.sec.gov/Archives/edgar/data/18230/000001823002000093/0000018230-02-000093-index.htm,https://www.sec.gov/Archives/edgar/data/18230/000001823002000093/form10q_3q2002.htm,7.372167344567112,0.3094131319000581,0.9180708890180128,0.3297501452643812,0.6464264962231261,8.68390470656595,6.20569436374201,8.68390470656595,25.99360836722835,12811124000.0,30125124000.0,15.036530516431926,2.524359408866995,20.27076582278481,56.43666960352423,2.1430451656072265,2.1430451656072265,5.935985024630542,91.565726443769,47.66633544303797,132.7097973568282,0.0166261758140815,0.017718976102331,2.970725995316159,0.5485574844010626,52.62613981762918,1.4075590251332826,2.437037037037037,2.967136150234742,0.009366859613567,0.5633802816901409,0.0,0.0329064039408867,0.0526966083894483,0.6408227848101266,0.0798029556650246,1.2980769230769231,0.0,7.775317898874301,0.0090630052201808,0.0069453502021651,-25.06936374201046,4281000000.0,4272000000.0,-11611000000.0,12797000000.0,9659500000.0,2406500000.0,3099000000.0,169.0935960591133,57.10900473933649,73.08056872037915,0.5322496067121133,1.5759336099585062,1.2315175097276263,0.0356306457009033,0.5883207437536316,2002-10-16,0.28,bmo,4583870967.0,2025-04-25,2002-09-30,0.107142857142857,21.49515625,4578540.625
2002-06-30,CAT,USD,18230,2002-08-14,2002-08-13 17:44:34,2002,Q2,5291000000.0,3957000000.0,1334000000.0,0.2521262521,186000000,0.0,0.0,620000000.0,135000000.0,941000000.0,4898000000.0,0.0,135000000.0,302000000.0,393000000.0,0.0742770743,393000000.0,0.0742770743,-98000000.0,295000000.0,0.0557550558,89000000.0,200000000.0,0.0378000378,0.29,0.29,688000000,696400000,https://www.sec.gov/Archives/edgar/data/18230/000001823002000051/0000018230-02-000051-index.htm,https://www.sec.gov/Archives/edgar/data/18230/000001823002000051/form10q_2q2002.htm,7.690406976744186,0.2906976744186046,0.9084302325581396,0.2223837209302325,0.4142441860465116,8.369186046511627,5.920058139534884,8.369186046511627,26.75581395348837,16512000000.0,34500000000.0,20.64,3.1207711207711206,26.4192,107.92156862745098,2.867662382771796,2.867662382771796,6.520506520506521,87.78625954198473,55.2,225.49019607843132,0.0121124031007751,0.009265988372093,3.173497742271622,0.5582269200219955,45.770992366412216,1.4100104473359294,2.911111111111111,3.125,0.0073280038759689,0.605,0.0,0.0351540351540351,0.0514755300299382,0.7552,0.0892080892080892,1.5629139072847682,0.0,7.398669860940901,0.0099808662461843,0.0064414312860317,-25.86627906976744,4317000000.0,4073000000.0,-12130000000.0,12781000000.0,9238500000.0,2292500000.0,3164000000.0,166.42600642600644,54.655041698256255,70.82638362395755,0.5407808667211774,1.6466916354556804,1.270712909441233,0.0347342827370614,0.686046511627907,2002-07-16,0.36,bmo,6568137931.0,2025-04-25,2002-06-30,-0.1944444444444444,26.5275,4040478.125
2002-03-31,CAT,USD,18230,2002-05-07,2002-05-07 10:32:32,2002,Q1,4409000000.0,3296000000.0,1113000000.0,0.2524381946,171000000,0.0,0.0,649000000.0,123000000.0,943000000.0,4239000000.0,0.0,123000000.0,296000000.0,466000000.0,0.1056929009,170000000.0,0.038557496,-49000000.0,121000000.0,0.0274438648,36000000.0,80000000.0,0.018144704,0.12,0.12,687200000,695400000,https://www.sec.gov/Archives/edgar/data/18230/000001823002000035/0000018230-02-000035-index.htm,https://www.sec.gov/Archives/edgar/data/18230/000001823002000035/form10q_1q2002.htm,6.415890570430734,0.1164144353899883,0.14988358556461,-0.4074505238649593,0.4394644935972061,8.255238649592549,5.80616996507567,8.255238649592549,25.160069848661237,19557712000.0,36422712000.0,61.11785,4.435861193014289,189.88069902912625,-69.84897142857143,3.4475078441741585,3.4475078441741585,8.260991608074393,78.16032618025751,353.6185631067961,-130.08111428571428,0.0040904580249468,-0.0143166030873141,3.0260884893354487,0.5511606254213889,36.19098712446352,1.382080637132902,1.3821138211382114,1.2875,0.0061356870374203,1.5,0.0,0.0387843048310274,0.0540340963816739,3.718446601941748,0.0868677704694942,1.2939189189189189,0.0,4.650070031090214,0.0045347061934044,0.0027151778441487,-24.803914435389988,3838000000.0,3990000000.0,-11591000000.0,12143000000.0,8567000000.0,2152500000.0,3069500000.0,177.44840099795871,59.58131067961165,87.76092233009709,0.5071896928563212,1.5105407882676445,1.0255133789670192,0.0141018861272695,0.5573341094295693,2002-04-16,0.12,bmo,4409000000.0,2025-04-25,2002-03-31,0.0,26.61866666666667,4279440.0
2001-12-31,CAT,USD,18230,2003-01-21,2003-01-21 15:30:50,2001,Q4,5096000000.0,3911000000.0,1185000000.0,0.2325353218,190000000,0.0,0.0,653000000.0,139000000.0,982000000.0,4893000000.0,0.0,0.0,297000000.0,500000000.0,0.0981161695,203000000.0,0.0398351648,34000000.0,237000000.0,0.0465070644,70000000.0,167000000.0,0.0327708006,0.24,0.24,686600000,687200000,https://www.sec.gov/Archives/edgar/data/18230/000001823003000051/0000018230-03-000051-index.htm,https://www.sec.gov/Archives/edgar/data/18230/000001823003000051/form10-ka_2001.htm,7.422079813574133,0.2432274978153218,0.7049228080396155,3.272647829886397,0.5825808330905913,8.17215263617827,5.738421205942324,8.17215263617827,24.180017477424997,17940858000.0,34142858000.0,26.857571856287425,3.520576530612245,37.06788842975207,7.984360480640855,3.197443949385136,3.197443949385136,6.699932888540031,68.285716,70.54309504132232,15.194863373386738,0.0093083619523659,0.1252448461494985,2.958830867937979,0.5415402681279968,32.404,1.3040093421564811,0.0,2.8982035928143715,0.0066886433190653,0.718562874251497,0.0,0.0372841444270015,0.054506311772189,3.6425619834710745,0.3459576138147566,5.936026936026936,0.0,6.687531333975704,0.0055675772260947,0.005761402056165,-24.54522283716866,3124000000.0,3940000000.0,-11646000000.0,11398000000.0,8636000000.0,3764000000.0,2923500000.0,149.07574568288854,48.854512912298645,67.31015085655844,0.6037199383959246,1.842204427696656,1.337094017094017,0.0297629656032792,2.567725021846781,2002-01-23,0.38,bmo,5096000000.0,2025-04-25,2001-12-31,0.0,24.23203125,3641743.75
2001-09-30,CAT,USD,18230,2001-11-01,2001-11-01 00:00:00,2001,Q3,5056000000.0,3749000000.0,1307000000.0,0.2585047468,167000000,0.0,0.0,638000000.0,161000000.0,966000000.0,4715000000.0,0.0,161000000.0,290000000.0,341000000.0,0.0674446203,341000000.0,0.0674446203,-46000000.0,295000000.0,0.058346519,94000000.0,205000000.0,0.0405458861,0.3,0.3,686600000,695000000,https://www.sec.gov/Archives/edgar/data/18230/000001823001500098/0000018230-01-500098-index.htm,https://www.sec.gov/Archives/edgar/data/18230/000001823001500098/form10q3q2001.htm,7.363821730265074,0.298572676958928,1.0486454995630643,-3.2085639382464315,0.3378968831925429,8.559568890183513,6.396737547334693,8.559568890183513,19.06350131080687,15098333999.999998,27794334000.0,18.41260243902439,2.986221123417721,20.969908333333333,-6.853533363595097,2.5690546197039303,2.5690546197039303,5.49729707278481,81.50831085043988,38.60324166666667,-12.616583749432593,0.0135776569785779,-0.1459101381649127,2.1997617832227325,0.4323312042270006,37.2316715542522,1.438436830835118,2.1180124223602483,3.5121951219512195,0.007947896767948,0.5853658536585366,0.0,0.0330300632911392,0.0496605691736615,4.059722222222222,0.578125,10.079310344827586,0.0,7.583020601054713,0.0106618196072575,0.0072137377718347,-22.880498106612293,4095000000.0,4392000000.0,-10591000000.0,11891000000.0,9008500000.0,3867000000.0,2884000000.0,157.19738924050634,129.75460122699388,70.1467057882102,0.5725285924583853,0.6936170212765957,1.283025325119781,0.0348817423855708,4.257209437809496,2001-10-16,0.31,bmo,5224533333.0,2025-04-25,2001-09-30,-0.032258064516129,25.494237288135597,4598467.864406779
2001-06-30,CAT,USD,18230,2001-08-09,2001-08-09 00:00:00,2001,Q2,5488000000.0,4028000000.0,1460000000.0,0.2660349854,172000000,0.0,0.0,655000000.0,175000000.0,1002000000.0,5030000000.0,0.0,175000000.0,293000000.0,458000000.0,0.0834548105,458000000.0,0.0834548105,-56000000.0,402000000.0,0.0732507289,128000000.0,271000000.0,0.0493804665,0.4,0.39,686600000,695600000,https://www.sec.gov/Archives/edgar/data/18230/000001823001500073/0000018230-01-500073-index.htm,https://www.sec.gov/Archives/edgar/data/18230/000001823001500073/form10q2q2001.htm,7.993009030002913,0.3946985144188756,0.6801631226332654,-0.0131080687445383,0.3961549665016021,8.242062336149141,6.05447130789397,8.242062336149141,24.65627730847655,17178732000.0,33660732000.0,15.847538745387457,3.1302354227405247,36.78529336188437,-1908.748,3.0356479943452905,3.0356479943452905,6.133515306122449,73.4950480349345,72.07865524625268,-3740.0813333333335,0.0157753203204986,-0.00052390362688,2.9605937444778228,0.553357333949863,35.98689956331878,1.4270584570657252,2.617142857142857,1.7232472324723247,0.0068107471494403,0.4317343173431734,0.0,0.0313411078717201,0.0496086137992535,1.019271948608137,0.086734693877551,1.6245733788395904,0.0,8.555432168866822,0.0123056273347861,0.0094178974804517,-23.35202446839499,4113000000.0,4157000000.0,-10874000000.0,11773000000.0,8815500000.0,2281500000.0,2905000000.0,150.64504373177843,52.0382323733863,63.58987090367428,0.5974308730677117,1.7294976384714469,1.415319747013352,0.0478883194910761,0.6932711913778037,2001-07-17,0.35,bmo,4925128205.0,2025-04-25,2001-06-30,0.1142857142857144,25.744126984126986,4592241.26984127
2001-03-31,CAT,USD,18230,2001-05-01,2001-05-01 00:00:00,2001,Q1,4810000000.0,3531000000.0,1279000000.0,0.2659043659,167000000,0.0,0.0,621000000.0,0.0,788000000.0,4319000000.0,0.0,182000000.0,289000000.0,780000000.0,0.1621621622,491000000.0,0.1020790021,-254000000.0,237000000.0,0.0492723493,75000000.0,162000000.0,0.0336798337,0.24,0.24,689361702,689361702,https://www.sec.gov/Archives/edgar/data/18230/000001823001500042/0000018230-01-500042-index.htm,https://www.sec.gov/Archives/edgar/data/18230/000001823001500042/tenq1stqtr.htm,6.977469137094593,0.2350000000435185,0.458395061813283,-0.023209876547508,0.3583024692021548,8.232253087944244,6.082438272731316,8.232253087944244,23.5261111154678,15296936167.38,31085936167.38,23.606382974351853,3.180236209434512,48.40802584613924,-956.05851046125,2.6954953598907494,2.6954953598907494,6.462772591970894,39.853764317153846,98.37321571955697,-1942.87101046125,0.0105903560181847,-0.0010459610882157,2.825726872246696,0.5487082976903336,20.24230769230769,1.40753572975314,2.697802197802198,1.9506172839506173,0.0076485904575778,0.7222222222222222,0.0,0.0347193347193347,0.0507100085543199,1.0506329113924051,0.069022869022869,1.1487889273356402,0.0,6.597578207991622,0.0135972229131206,0.005839310817143,-22.46607253502458,3764000000.0,4193000000.0,-10550000000.0,11239000000.0,8262000000.0,2286500000.0,2828000000.0,158.014553014553,56.94137638062871,75.54800339847068,0.5695677915926584,1.580572963294539,1.1912955465587045,0.0285462555066079,0.481604938360791,2001-04-17,0.25,bmo,5010416666.0,2025-04-25,2001-03-31,-0.04,21.912258064516127,4108467.741935484
2000-12-31,CAT,USD,18230,2001-06-13,2001-06-13 00:00:00,2000,Q4,5114000000.0,4397000000.0,717000000.0,0.1402033633,176000000,0.0,0.0,670000000.0,-769000000.0,77000000.0,4474000000.0,0.0,0.0,253000000.0,893000000.0,0.1746186938,640000000.0,0.1251466562,-248000000.0,392000000.0,0.0766523269,128000000.0,264000000.0,0.0516229957,0.38,0.38,685590077,689361702,https://www.sec.gov/Archives/edgar/data/18230/000001823001500053/0000018230-01-500053-index.htm,https://www.sec.gov/Archives/edgar/data/18230/000001823001500053/tenka.htm,7.45926782134567,0.3850697506521816,0.6067765767852559,-0.1458597540349172,0.4871715784766237,8.168146225955368,5.970039732649164,8.168146225955368,21.976689140440985,16221061221.82,30954061221.82,15.360853429753789,3.1718930820922955,38.992935629375005,-162.2106122182,2.896618075325,2.896618075325,6.052808217016034,34.66300248804031,74.40880101399038,-309.5406122182,0.0162751373902021,-0.0061648247690159,2.6905357142857143,0.5293353007307476,16.498320268757,1.4613678804855277,0.0,1.5757575757575757,0.0072128449797486,0.4431818181818182,0.0,0.0344153304653891,0.0529440697020798,1.2403846153846154,0.100899491591709,2.039525691699605,0.0,8.412454201164,0.0182411616303383,0.0097933746336758,-22.060923148396157,3953000000.0,4093000000.0,-10343000000.0,11048000000.0,8085000000.0,2301000000.0,2668000000.0,142.18028940164254,47.87582442574483,55.10120536729589,0.6329991335561331,1.8798631893971784,1.6333580980683506,0.0471428571428571,0.7526363308201732,2001-01-18,0.33,bmo,4339151515.0,2025-04-25,2000-12-31,0.1515151515151514,18.80238095238095,3433225.396825397
2000-09-30,CAT,USD,18230,2000-11-14,2000-11-14 00:00:00,2000,Q3,4779000000.0,3216000000.0,1563000000.0,0.3270558694,161000000,0.0,0.0,650000000.0,255000000.0,1066000000.0,4282000000.0,0.0,186000000.0,255000000.0,752000000.0,0.1573550952,497000000.0,0.103996652,-236000000.0,261000000.0,0.054613936,45000000.0,216000000.0,0.0451977401,0.32,0.31,685714286,696774194,https://www.sec.gov/Archives/edgar/data/18230/000001823000500025/0000018230-00-500025-index.htm,https://www.sec.gov/Archives/edgar/data/18230/000001823000500025/thirdquarter.htm,6.969374997096094,0.31499999986875,0.6664583330556424,0.2260416665724826,0.5804166664248264,8.086458329963977,5.916458330868142,8.086458329963977,21.65041665764566,10628571433.0,24890571433.0,12.301587306712964,2.2240157842644903,23.257267905908098,68.5714286,1.9167847489630296,1.9167847489630296,5.208322124503034,33.09916413962766,54.46514536761488,160.58433182580646,0.0203225806366935,0.0145833333272569,2.643823264201984,0.5265804597701149,18.96542553191489,1.5344763784383866,2.672043010752688,2.115740740740741,0.0110080645115423,0.5416666666666666,0.0,0.0336890562879263,0.0534482758620689,0.6608315098468271,0.0631931366394643,1.184313725490196,0.0,7.570520021090979,0.0176915284454207,0.0081967213114754,-21.15567707451847,4333000000.0,4057000000.0,-9855000000.0,11094000000.0,8081000000.0,2264500000.0,2599500000.0,152.3728813559322,63.33022388059701,73.99253731343283,0.5906562847608454,1.4211224038886434,1.2163388804841149,0.0389540126239855,0.4404166664831597,2000-10-17,0.29,bmo,4470677419.0,2025-04-25,2000-09-30,0.0689655172413793,18.25952380952381,3426104.8253968256
2000-06-30,CAT,USD,18230,2000-08-11,2000-08-11 00:00:00,2000,Q2,5363000000.0,3583000000.0,1780000000.0,0.3319037852,157000000,0.0,0.0,647000000.0,257000000.0,1061000000.0,4644000000.0,0.0,170000000.0,257000000.0,976000000.0,0.1819876935,719000000.0,0.1340667537,-253000000.0,466000000.0,0.0868916651,151000000.0,315000000.0,0.0587357822,0.46,0.45,692307692,700000000,https://www.sec.gov/Archives/edgar/data/18230/000091205700036715/0000912057-00-036715-index.htm,https://www.sec.gov/Archives/edgar/data/18230/000091205700036715/a10-q.htm,7.746555558998469,0.4550000002022222,1.850333334155704,1.3548888894910618,0.6774444447455309,7.883777781281679,5.705555558091358,7.883777781281679,21.530888898458173,11727692302.48,25994692302.480003,9.307692303555555,2.1867783521312703,9.155107183825136,12.502870258507464,2.148716068611213,2.148716068611213,4.847043129308224,26.63390604762295,20.292499845807964,27.712891580469087,0.0268595041441689,0.0799816345626364,2.6998900696225725,0.5284751111748673,14.61782786885246,1.4547380812242496,4.229411764705882,4.066666666666666,0.009635314185051,0.3587301587301587,0.0,0.0292746597053887,0.0540811935159948,0.2677595628415301,0.0639567406302442,1.3346303501945525,0.0,8.983884186238287,0.020884295002781,0.0119426751592356,-21.126805564945247,3863000000.0,3950000000.0,-10068000000.0,10624000000.0,7880000000.0,2229000000.0,2607000000.0,135.44471377960096,56.91878314261792,64.17806307563494,0.6644777598810556,1.5812003530450132,1.402348336594912,0.0577134481495053,0.495444444664642,2000-07-20,0.43,bmo,5124644444.0,2025-04-25,2000-06-30,0.0465116279069767,19.42269841269841,3351844.507936508
2000-03-31,CAT,USD,18230,2000-05-10,2000-05-10 00:00:00,2000,Q1,4919000000.0,3301000000.0,1618000000.0,0.328928644,155000000,0.0,0.0,637000000.0,257000000.0,1049000000.0,4350000000.0,0.0,153000000.0,257000000.0,826000000.0,0.167920309,569000000.0,0.1156739175,-188000000.0,381000000.0,0.0774547672,123000000.0,258000000.0,0.0524496849,0.37,0.37,706849315,706849315,https://www.sec.gov/Archives/edgar/data/18230/000095013100003227/0000950131-00-003227-index.html,https://www.sec.gov/Archives/edgar/data/18230/000095013100003227/0000950131-00-003227-d1.html,6.959050388271226,0.3650000000353682,-0.1343992248192247,-0.4555426357030565,0.6168217054861261,7.775348837962728,5.626375969537439,7.775348837962728,19.91372093216218,13939068491.8,27426068491.8,13.50684931375969,2.833719961740191,-146.72703675578947,-43.28903258322981,2.536220613500728,2.536220613500728,5.575537404309819,33.2034727503632,-288.69545780842105,-85.17412575093168,0.0185091277908401,-0.0231005393358547,2.533296943231441,0.5163742906946557,16.32808716707022,1.4665523156089193,3.718954248366013,-0.3682170542635659,0.0082501926199481,0.4457364341085271,0.0,0.0315104696076438,0.0563364610762897,-2.389473684210526,0.0461475909737751,0.8832684824902723,0.0,7.990935635953803,0.0171201940200023,0.0101399151076874,-19.713890505786228,3808000000.0,3977000000.0,-9497000000.0,10508000000.0,7564000000.0,2097500000.0,2626500000.0,140.68103273022973,59.76370796728264,72.49621326870646,0.6397450903888672,1.5059306569343065,1.2414441519368185,0.046943231441048,0.3211434108838317,2000-04-18,0.29,bmo,3855432432.0,2025-04-25,2000-03-31,0.2758620689655173,20.73,4680965.079365079
1999-12-31,CAT,USD,18230,2000-03-30,2000-03-30 00:00:00,1999,Q4,5019000000.0,3447000000.0,1572000000.0,0.3132098027,168000000,0.0,0.0,640000000.0,243000000.0,1051000000.0,4498000000.0,0.0,0.0,243000000.0,764000000.0,0.1522215581,521000000.0,0.103805539,-163000000.0,358000000.0,0.07132895,119000000.0,239000000.0,0.0476190476,0.34,0.34,706849315,706849315,https://www.sec.gov/Archives/edgar/data/18230/000102140800001352/0001021408-00-001352-index.html,https://www.sec.gov/Archives/edgar/data/18230/000102140800001352/0001021408-00-001352-d1.html,7.1005232565019885,0.3381201550715232,1.165736434221486,0.4074418605045971,0.7752713179045806,7.731492248811192,5.54856589201052,7.731492248811192,19.52608527320989,16632164381.95,29886164381.95,17.3976614873954,3.313840283313409,20.184665512075245,57.75057077065973,3.0433969591857277,3.0433969591857277,5.954605375961347,39.11801620674084,36.269616968385925,103.77140410399306,0.014369747346856,0.0173158461752909,2.525526075022873,0.5167159597169705,17.348167539267017,1.4308214199176157,0.0,3.4476987447698746,0.0069143135769391,0.4811715481171548,0.0,0.0334728033472803,0.0577664632548388,0.6504854368932039,0.1067941821079896,2.205761316872428,0.0,7.6693481181455185,0.0155755871100349,0.0094961856325492,-19.554026164685467,3556000000.0,3922000000.0,-9436000000.0,10300000000.0,7563500000.0,2052500000.0,2656500000.0,133.39509862522416,52.29765013054831,67.72845953002611,0.6746874579916655,1.7209186220668995,1.3288357748650732,0.0437328453796889,0.758294573716889,2000-01-21,0.32,bmo,4705312500.0,2025-04-25,1999-12-31,0.0625,25.6709375,3364790.625
1999-09-30,CAT,USD,18230,1999-11-01,1999-11-01 00:00:00,1999,Q3,4715000000.0,3235000000.0,1480000000.0,0.3138918346,151000000,0.0,0.0,616000000.0,235000000.0,1002000000.0,4237000000.0,0.0,142000000.0,235000000.0,713000000.0,0.1512195122,478000000.0,0.101378579,-155000000.0,323000000.0,0.068504772,104000000.0,219000000.0,0.046447508,0.31,0.31,734200000,745000000,https://www.sec.gov/Archives/edgar/data/18230/000095013199005966/0000950131-99-005966-index.html,https://www.sec.gov/Archives/edgar/data/18230/000095013199005966/0000950131-99-005966-d1.html,6.421955870335059,0.2982838463633887,1.535004086080087,1.141378371016072,0.3854535548896758,7.352220103514028,5.2233723780986105,7.352220103514028,18.710160719150096,20124422000.0,33436422000.0,22.973084474885844,4.268170095440085,17.856629991126887,24.01482338902148,3.728125602074843,3.728125602074843,7.091499893955461,46.89540252454418,29.668519964507546,39.90026491646778,0.0108823001227066,0.0416409475014984,2.5185253797702853,0.5138138251634604,18.67040673211781,1.575921052631579,3.3661971830985915,5.146118721461187,0.0057641407042646,0.5296803652968036,0.0,0.0320254506892895,0.0590725273063985,0.256433007985803,0.0612937433722163,1.2297872340425533,0.0,7.024499346230585,0.0146601926655342,0.0087965938303341,-18.595069463361483,4377000000.0,3835000000.0,-9084000000.0,10876000000.0,7816500000.0,2081000000.0,2745500000.0,146.74867444326617,58.4791344667697,75.64451313755795,0.6132934443288242,1.5390104662226451,1.1897756528135344,0.0405705816969247,0.3936257150640153,1999-10-15,0.3,bmo,4562903225.0,2025-04-25,1999-09-30,0.0333333333333333,29.55671875,2638606.25
1999-06-30,CAT,USD,18230,1999-08-13,1999-08-13 00:00:00,1999,Q2,5101000000.0,3508000000.0,1593000000.0,0.3122917075,152000000,0.0,0.0,632000000.0,235000000.0,1019000000.0,4527000000.0,0.0,136000000.0,235000000.0,809000000.0,0.1585963537,574000000.0,0.1125269555,-155000000.0,419000000.0,0.0821407567,136000000.0,283000000.0,0.0554793178,0.4,0.39,734200000,745000000,https://www.sec.gov/Archives/edgar/data/18230/000095013199004925/0000950131-99-004925-index.html,https://www.sec.gov/Archives/edgar/data/18230/000095013199004925/0000950131-99-004925-d1.html,6.947698174884228,0.3854535548896758,0.9261781530918006,0.5952056660310542,0.4426586761100518,7.145192045764097,4.99591391991283,7.145192045764097,19.25633342413511,22026000000.0,35703000000.0,19.45759717314488,4.317976867280925,32.391176470588235,50.40274599542334,4.198627525733892,4.198627525733892,6.999215840031367,44.13226205191594,52.504411764705885,81.70022883295195,0.0128484518296558,0.0198401888677018,2.6690812047274117,0.5233414315081293,16.906056860321385,1.4928719385890097,4.220588235294118,2.402826855123675,0.0048578952147462,0.3780918727915194,0.0,0.0297980788080768,0.0589796299757054,0.3573529411764706,0.0476377180944912,1.0340425531914894,0.0,7.871984671873235,0.0172736471872289,0.0112404178416809,-18.849427948787795,4045000000.0,3668000000.0,-9257000000.0,10536000000.0,7788000000.0,2091500000.0,2832000000.0,140.17839639286416,52.85062713797035,71.11744583808438,0.642039018250472,1.7029126213592234,1.2655122655122657,0.053945863515059,0.3309724870607464,1999-07-16,0.4,bmo,5231794871.0,2025-04-25,1999-06-30,-0.025,29.74301587301587,3519003.1428571427
1999-03-31,CAT,USD,18230,1999-05-06,1999-05-06 00:00:00,1999,Q1,4867000000.0,3346000000.0,1521000000.0,0.3125128416,155000000,0.0,0.0,653000000.0,232000000.0,1040000000.0,4386000000.0,0.0,0.0,232000000.0,713000000.0,0.1464968153,481000000.0,0.0988288473,-180000000.0,301000000.0,0.0618450791,96000000.0,205000000.0,0.0421204027,0.29,0.28,734200000,745000000,https://www.sec.gov/Archives/edgar/data/18230/000001823099000020/0000018230-99-000020-index.html,https://www.sec.gov/Archives/edgar/data/18230/,6.62898392808499,0.2792154726232634,-0.0830836284391174,-0.3718332879324434,0.3323345137564696,7.236447834377554,5.554344865159357,7.236447834377554,17.60964314900572,16864574000.0,29549574000.0,20.566553658536584,3.465086089993836,-276.4684262295082,-61.77499633699634,3.1742092979484284,3.1742092979484284,6.071414423669611,41.44400280504909,-484.4192459016394,-108.2401978021978,0.012155658364095,-0.016187779187307,2.4334650856389985,0.5027022823593452,17.79102384291725,1.531917631917632,0.0,-0.2975609756097561,0.006344660707113,0.5219512195121951,0.0,0.0318471337579617,0.0480189742991562,-3.4754098360655736,0.0435586603657283,0.913793103448276,0.0,6.7425428844954105,0.0153302148966374,0.0083728148995262,-17.696472350858077,4133000000.0,4078000000.0,-8503000000.0,10220000000.0,7403500000.0,2840500000.0,2867000000.0,141.1115677008424,57.104004781829055,77.7884040645547,0.6377932118988338,1.5760715967969854,1.1569847856154911,0.0385846038019951,0.2887496594933261,1999-04-16,0.21,bmo,3524379310.0,2025-04-25,1999-03-31,0.3809523809523809,23.285245901639342,3447895.147540984
1998-12-31,CAT,USD,18230,1999-06-01,1999-06-01 00:00:00,1998,Q4,5406000000.0,3758000000.0,1648000000.0,0.3048464669,160000000,0.0,0.0,709000000.0,213000000.0,1082000000.0,4840000000.0,0.0,0.0,213000000.0,779000000.0,0.1440991491,566000000.0,0.1046984832,-165000000.0,401000000.0,0.0741768405,100000000.0,301000000.0,0.0556788753,0.41,0.41,712276444,734200000,https://www.sec.gov/Archives/edgar/data/18230/000095013199003526/0000950131-99-003526-index.html,https://www.sec.gov/Archives/edgar/data/18230/000095013199003526/,7.589749802255148,0.4225887329779503,0.6093139870844866,-0.1067001452037349,0.5054217404387445,7.203663750531107,5.461362695296435,7.203663750531107,17.481976422064577,16382358212.0,28474358212.0,13.606609810631229,3.030402924898261,37.74736915207373,-215.55734489473684,3.19281976456831,3.19281976456831,5.267176879763226,36.5524495661104,65.60912030414747,-374.6626080526316,0.0183734231729543,-0.0046391367479884,2.426817384525433,0.4955428207577205,15.522464698331191,1.4422907488986785,0.0,1.441860465116279,0.0065314162109837,0.3554817275747508,0.0,0.0295967443581206,0.0493871378541865,1.1751152073732718,0.0943396226415094,2.3943661971830985,0.0,8.276122919916242,0.0210000923251655,0.0126009963578515,-18.01828504664125,3514000000.0,3890000000.0,-8538000000.0,9621000000.0,7321500000.0,3618000000.0,2979000000.0,119.46725860155384,85.21021820117085,68.06279936136244,0.7533444816053512,1.056211354693648,1.322308233638283,0.058663028649386,0.7160141322882215,1999-01-20,0.42,bmo,5406000000.0,2025-04-25,1998-12-31,0.0,23.345625,3486940.625
1998-09-30,CAT,USD,18230,1998-11-16,1998-11-16 00:00:00,1998,Q3,5173000000.0,3525000000.0,1648000000.0,0.3185772279,163000000,0.0,0.0,631000000.0,223000000.0,1017000000.0,4542000000.0,0.0,0.0,223000000.0,854000000.0,0.1650879567,631000000.0,0.121979509,-157000000.0,474000000.0,0.0916296153,138000000.0,336000000.0,0.0649526387,0.47,0.46,722580645,730434783,https://www.sec.gov/Archives/edgar/data/18230/000001823098000039/0000018230-98-000039-index.html,https://www.sec.gov/Archives/edgar/data/18230/,7.159062501598005,0.4650000001037946,1.3424107145853594,0.9535267859271264,0.3252232143583087,7.154910715882792,5.444375001215263,7.154910715882792,16.92683036092117,16077419351.25,28073419351.25,11.962365588727678,3.107948840373091,16.574659125,23.334425763788097,3.1097522923114123,3.1097522923114123,5.426912691136671,32.87285638319672,28.94166943427835,40.74516596698113,0.0208988764091593,0.0428551364461629,2.365764023210832,0.4866316543327763,14.046838407494144,1.5916272788656314,0.0,2.886904761904762,0.0068418940625223,0.3273809523809524,0.0,0.0315097622269476,0.0491764144187156,0.2896907216494845,0.0543205103421612,1.2600896860986548,0.0,8.65206642263183,0.0221059177246469,0.0140597539543057,-17.397020093168976,4381000000.0,3934000000.0,-8178000000.0,10134000000.0,7395000000.0,3632500000.0,3124000000.0,129.9110767446356,93.9063829787234,79.55744680851065,0.6927815722512388,0.9584013050570962,1.1312580231065468,0.064990328820116,0.388883928658233,1998-10-16,0.5,bmo,5622826086.0,2025-04-25,1998-09-30,-0.0799999999999999,24.19421875,3522612.5
1998-06-30,CAT,USD,18230,1998-08-13,1998-08-13 00:00:00,1998,Q2,5604000000.0,3753000000.0,1851000000.0,0.3302997859,165000000,0.0,0.0,634000000.0,225000000.0,1024000000.0,4777000000.0,0.0,0.0,225000000.0,1052000000.0,0.187723055,827000000.0,0.147573162,-161000000.0,666000000.0,0.1188436831,220000000.0,446000000.0,0.07958601,0.61,0.6,731147541,743333333,https://www.sec.gov/Archives/edgar/data/18230/000001823098000029/0000018230-98-000029-index.html,https://www.sec.gov/Archives/edgar/data/18230/,7.664663676958192,0.6099999999863228,0.3638116591846679,2.357937219678073,0.3022645739842541,7.020470851860527,5.306726457280118,7.020470851860527,16.755852017561526,19338852459.45,31368852459.45,10.840163934669285,3.450901580915417,72.70245285507518,11.217431821026684,3.7675535670075977,3.7675535670075977,5.597582523099572,29.81830081696768,117.92801676484964,18.19539005768561,0.0230623818520348,0.0891469648271483,2.3867134229495424,0.4879710029475025,11.43536121673004,1.5218127360333378,0.0,0.5964125560538116,0.0047055532478367,0.2040358744394619,0.0,0.0294432548179871,0.0499083884330439,5.481203007518797,0.2601713062098501,6.48,0.0,9.816107295645525,0.0273976856048687,0.0186978577118182,-17.361406950283378,4007000000.0,3880000000.0,-8287000000.0,9704000000.0,6927500000.0,3688500000.0,3111500000.0,117.60706638115632,86.01918465227818,75.10791366906474,0.7652601392871774,1.0462782269305826,1.1982758620689655,0.0868887590103253,1.9941255604934047,1998-07-15,0.62,bmo,5695868852.0,2025-04-25,1998-06-30,-0.0161290322580645,27.743492063492063,2352311.111111111
1998-03-31,CAT,USD,18230,1998-05-13,1998-05-13 00:00:00,1998,Q1,4794000000.0,3130000000.0,1664000000.0,0.3471005423,155000000,0.0,0.0,587000000.0,204000000.0,946000000.0,4076000000.0,0.0,0.0,204000000.0,922000000.0,0.192323738,718000000.0,0.1497705465,-81000000.0,637000000.0,0.1328744264,207000000.0,430000000.0,0.0896954526,0.59,0.57,734200000,745000000,https://www.sec.gov/Archives/edgar/data/18230/000001823098000015/0000018230-98-000015-index.html,https://www.sec.gov/Archives/edgar/data/18230/,6.529555979297195,0.5856714791609916,0.1470988831381095,-2.489784799782076,0.4167801688913102,6.82239171887769,5.230182511577227,6.82239171887769,14.365295559792973,20212526000.0,30453526000.0,11.751468604651162,4.216213183145599,187.15301851851856,-11.057180525164114,4.035241764823318,4.035241764823318,6.352425114726742,33.0298546637744,281.9770925925926,-16.659478118161925,0.0212739367657461,-0.0904389683901952,2.105609902176083,0.4473427492895618,11.107375271149674,1.462417641522119,0.0,0.2511627906976744,0.0045516329824387,0.213953488372093,0.0,0.0323320817688777,0.0495822199601306,17.925925925925927,0.4038381309970796,9.490196078431373,0.0,9.481709002692654,0.0263827869448529,0.0191895751517315,-16.095750476709345,3439000000.0,3840000000.0,-7692000000.0,8984000000.0,6261500000.0,3574000000.0,2847000000.0,122.62828535669588,108.9776357827476,88.87859424920129,0.7339252908756889,0.8258575197889182,1.0126172759624716,0.0858454781393491,2.6368836829201854,1998-04-17,0.55,bmo,4625789473.0,2025-04-25,1998-03-31,0.0363636363636361,25.70377049180328,2983583.672131148
1997-12-31,CAT,USD,18230,1998-06-23,1998-06-23 00:00:00,1997,Q4,5193000000.0,3492000000.0,1701000000.0,0.3275563258,144000000,0.0,0.0,626000000.0,173000000.0,943000000.0,4435000000.0,0.0,0.0,173000000.0,931000000.0,0.1792797997,758000000.0,0.1459657231,-90000000.0,668000000.0,0.1286347006,217000000.0,451000000.0,0.0868476796,0.61,0.61,734200000,734200000,https://www.sec.gov/Archives/edgar/data/18230/000095013198003989/0000950131-98-003989-index.html,https://www.sec.gov/Archives/edgar/data/18230/,7.0730046308907655,0.6142740397711796,0.5911195859438845,-0.0503949877417597,0.397711795151185,6.372922909289022,6.0623808226641245,6.372922909289022,11.669844728956688,17804350000.0,26080350000.0,9.869373614190687,3.428528788754092,41.02384792626728,-481.1986486486487,3.8051613592648,3.8051613592648,5.022212593876372,28.01326530612245,60.09297235023041,-704.8743243243243,0.0253308882379867,-0.0020781438244024,1.831160504381278,0.4127962998650992,8.889366272824919,1.5384856560589435,0.0,0.9623059866962306,0.0052234425856602,0.2062084257206208,0.0,0.0277296360485268,0.0109847754866062,1.0852534562211982,0.0906990179087232,2.722543352601156,0.0,9.385159815601622,0.0319792209619379,0.0219699922057677,-13.60698719694906,3435000000.0,4451000000.0,-6263000000.0,7721000000.0,5957000000.0,3265500000.0,2612000000.0,103.83015597920276,86.54639175257732,67.08762886597938,0.8668002003004507,1.0399047051816557,1.3415290049942374,0.0963881171190425,0.6415145736856442,1998-01-21,0.56,bmo,4822071428.0,2025-04-25,1997-12-31,0.0714285714285712,25.91078125,3363293.8125
1997-09-30,CAT,USD,18230,1997-10-31,1997-10-31 00:00:00,1997,Q3,4600000000.0,3089000000.0,1511000000.0,0.3284782609,132000000,0.0,0.0,561000000.0,189000000.0,882000000.0,3971000000.0,0.0,0.0,189000000.0,818000000.0,0.177826087,629000000.0,0.1367391304,-78000000.0,551000000.0,0.1197826087,166000000.0,385000000.0,0.0836956522,0.52,0.51,747572816,762376238,https://www.sec.gov/Archives/edgar/data/18230/000001823097000038/0000018230-97-000038-index.html,https://www.sec.gov/Archives/edgar/data/18230/,6.153246749410963,0.514999999678961,1.0955454538625171,0.7477532462871148,1.052740259084006,6.268285710378212,5.968649346928634,6.268285710378212,11.81289609653222,20162038847.52,28206038847.52,13.092233017870129,4.383051923373913,24.61787405069597,36.068048027763865,4.302611789910371,4.302611789910371,6.131747575547826,34.48171008254279,34.4396078724298,50.45803013867621,0.0190952910522417,0.0277253706446835,1.884549722577892,0.4254263416514115,9.833740831295843,1.5594983175282962,0.0,2.127272727272727,0.0046622269062616,0.2441558441558441,0.0,0.028695652173913,0.0107910203295115,0.3174603174603174,0.0565217391304347,1.3756613756613756,0.0,8.522544257657414,0.0267890349531279,0.0187493912535307,-12.750931810233183,3658000000.0,4462000000.0,-5876000000.0,7701000000.0,5911000000.0,3135500000.0,2573500000.0,115.88478260869564,92.44739397863384,76.36451926189704,0.7766334627722438,0.973526630948629,1.1785578023655094,0.0821596244131455,0.3477922075754022,1997-10-15,0.46,bmo,4069230769.0,2025-04-25,1997-09-30,0.1304347826086956,28.40390625,2653025.0
1997-06-30,CAT,USD,18230,1997-08-06,1997-08-06 00:00:00,1997,Q2,4870000000.0,3263000000.0,1607000000.0,0.3299794661,135000000,0.0,0.0,547000000.0,187000000.0,869000000.0,4132000000.0,0.0,0.0,187000000.0,925000000.0,0.1899383984,738000000.0,0.1515400411,-86000000.0,652000000.0,0.1338809035,217000000.0,435000000.0,0.0893223819,0.57,0.56,756521739,769911504,https://www.sec.gov/Archives/edgar/data/18230/000001823097000030/0000018230-97-000030-index.html,https://www.sec.gov/Archives/edgar/data/18230/,6.437356322948969,0.5750000000991379,0.6648850575858998,0.3714367816732362,0.7362643679430341,5.969425288385533,5.674655173392182,5.969425288385533,11.079655174324078,20305043474.76,28130043474.76,11.669565215379311,4.16941344450924,40.36787967149105,72.25994119131671,4.496245233560673,4.496245233560673,5.776189625207392,30.41085781055135,55.92453971125248,100.1069162802847,0.0214232488859589,0.0138389262918493,1.8560673162090344,0.4150121305144328,8.45945945945946,1.5110803324099722,0.0,1.1563218390804595,0.0036936636010274,0.1724137931034483,0.0,0.0277207392197125,0.0110412437490716,0.441351888667992,0.0455852156057494,1.1871657754010696,0.0,8.788028202151109,0.0311355318460539,0.0217783118053469,-12.473864944679402,3321000000.0,4293000000.0,-5862000000.0,7330000000.0,5588500000.0,3001000000.0,2502000000.0,109.0164271047228,85.44897333741956,69.67208090714067,0.8255636548567554,1.053260167850226,1.291765637371338,0.0963241806908768,0.2934482759126635,1997-07-22,0.55,bmo,4699122807.0,2025-04-25,1997-06-30,0.0363636363636361,23.5828125,2549962.5
1997-03-31,CAT,USD,18230,1997-04-30,1997-04-30 00:00:00,1997,Q1,4262000000.0,2792000000.0,1470000000.0,0.3449084937,117000000,0.0,0.0,498000000.0,189000000.0,804000000.0,3596000000.0,0.0,0.0,189000000.0,855000000.0,0.2006100422,666000000.0,0.1562646645,-76000000.0,590000000.0,0.1384326607,196000000.0,394000000.0,0.0924448616,0.52,0.52,757692308,765048544,https://www.sec.gov/Archives/edgar/data/18230/000001823097000013/0000018230-97-000013-index.html,https://www.sec.gov/Archives/edgar/data/18230/,5.624974617005086,0.5199999997888325,0.4487309642847793,0.2468020303566286,0.683654822057399,5.762233500198078,5.459999997782741,5.762233500198078,10.285177660797896,15199307698.48,22474307698.48,9.644230773147209,3.566238314988268,44.703846172,81.27972031272726,3.4812889827027025,3.4812889827027025,5.273183411187236,26.285739998222223,66.1009049955294,120.18346362823527,0.0259222332895729,0.0123031919420054,1.7849289967934037,0.4039498237611445,8.508771929824562,1.4436317379551598,0.0,0.8629441624365483,0.0050002277411358,0.1928934010152284,0.0,0.0274519005161895,0.0118702052664316,0.45,0.0358986391365556,0.8095238095238095,0.0,8.210854518558929,0.0292735169073179,0.0206683103394009,-12.155989842779292,2790000000.0,4137000000.0,-5847000000.0,6784000000.0,5250000000.0,2881000000.0,2350000000.0,111.45471609572972,93.6103151862464,79.878223495702,0.8075028419856006,0.9614325068870524,1.1267150928167875,0.0902427851580393,0.2019289339281507,1997-04-15,0.43,bmo,3524346153.0,2025-04-25,1997-03-31,0.2093023255813954,19.68737704918033,2536977.049180328
1996-12-31,CAT,USD,18230,1997-06-30,1997-06-30 00:00:00,1996,Q4,4465000000.0,2998000000.0,1467000000.0,0.3285554311,0,0.0,0.0,692000000.0,173000000.0,865000000.0,3863000000.0,0.0,0.0,173000000.0,775000000.0,0.1735722284,602000000.0,0.1348264278,-70000000.0,532000000.0,0.1191489362,151000000.0,381000000.0,0.0853303471,0.5,0.5,757692308,757692308,https://www.sec.gov/Archives/edgar/data/18230/000095013197004218/0000950131-97-004218-index.html,https://www.sec.gov/Archives/edgar/data/18230/,5.892893398622175,0.5028426393897085,0.6519796951667087,0.2652791877095313,0.6427411164902574,5.432284261753387,5.124771571522936,5.432284261753387,9.84436547823579,14252192313.48,21224192313.48,9.351832226692911,3.191980361361702,28.850591727692308,70.90642942029851,3.462631757405247,3.462631757405247,4.753458524855543,27.386054598038708,42.96395205157895,105.5929965844776,0.0267327293668106,0.0141030934454827,1.8121963070942664,0.398280649295173,8.996129032258064,1.252388421502923,0.0,1.2965879265091864,0.0053325129445606,0.1994750656167979,0.0,0.0,0.0124412644169158,0.5931174089068826,0.0656215005599104,1.69364161849711,0.0,7.839683891085346,0.0294448558221123,0.0206001622060016,-12.006852787002291,1770000000.0,3883000000.0,-5829000000.0,5770000000.0,5458000000.0,2328000000.0,2202000000.0,105.25867861142216,85.79719813208806,66.70446964643095,0.8550363845270011,1.0489853044086774,1.3492349234923493,0.0925655976676384,0.3867005074571774,1997-01-21,0.47,bmo,4179999999.0,2025-04-25,1996-12-31,0.0638297872340426,18.65875,2906906.25
1996-09-30,CAT,USD,18230,1996-11-04,1996-11-04 00:00:00,1996,Q3,4033000000.0,2730000000.0,1303000000.0,0.3230845524,0,0.0,0.0,596000000.0,175000000.0,771000000.0,3501000000.0,0.0,0.0,175000000.0,707000000.0,0.1753037441,532000000.0,0.1319117282,-84000000.0,448000000.0,0.1110835606,138000000.0,310000000.0,0.0768658567,0.41,0.41,765432099,765432099,https://www.sec.gov/Archives/edgar/data/18230/000001823096000027/0000018230-96-000027-index.html,https://www.sec.gov/Archives/edgar/data/18230/,5.268919353224041,0.4049999998758871,0.5996612901388135,0.2024999999379435,0.991596773889672,6.174290320688524,5.885564514325392,6.174290320688524,9.726532255083804,14420740745.16,21106740745.16,11.629629633193549,3.5756857786164145,31.41773582823529,93.0370370655484,3.05136283223868,3.05136283223868,5.233508739191668,29.85394730574257,45.984184629978216,136.17252093651612,0.0214968152800364,0.0107484076400182,1.575327972915785,0.3770765802269044,9.456859971711458,1.3021264843965756,0.0,1.4806451612903226,0.0053395315372993,0.2483870967741935,0.0,0.0,0.0111932739059967,0.6623093681917211,0.0753781304240019,1.737142857142857,0.0,7.500881316887517,0.0239088783529258,0.0158787071659068,-11.62415322224421,2188000000.0,4505000000.0,-5588000000.0,5955000000.0,5191500000.0,2306000000.0,2190000000.0,127.06669972725018,59.27472527472528,71.93406593406594,0.7082894274675097,1.5183537263626252,1.251145737855179,0.0655945831570038,0.3971612902008699,1996-10-15,0.35,bmo,,2025-04-25,1996-09-30,0.142857142857143,17.5025,2396275.0
1996-06-30,CAT,USD,18230,1996-08-14,1996-08-14 00:00:00,1996,Q2,4180000000.0,2802000000.0,1378000000.0,0.3296650718,0,0.0,0.0,568000000.0,174000000.0,742000000.0,3544000000.0,0.0,0.0,174000000.0,810000000.0,0.1937799043,636000000.0,0.15215311,-81000000.0,555000000.0,0.1327751196,181000000.0,374000000.0,0.0894736842,0.49,0.49,771134021,771134021,https://www.sec.gov/Archives/edgar/data/18230/000001823096000022/0000018230-96-000022-index.html,https://www.sec.gov/Archives/edgar/data/18230/,5.42058823261281,0.4849999997600935,0.7287967910833492,0.6535828873772385,0.8208689835511744,4.908355612545332,4.623061495039395,4.908355612545332,8.986764701437028,13494845367.5,19791845367.5,9.020618561163102,3.2284319061004783,24.01218036921708,26.77548684027778,3.5653488421400263,3.5653488421400263,4.734891236244019,24.43437699691358,35.21680670373666,39.2695344593254,0.0277142857005767,0.0373475935644136,1.8309114927344785,0.3824081227237612,7.774074074074074,1.209191069875326,0.0,1.502673796791444,0.0050389610364685,0.1818181818181818,0.0,0.0,0.0121399404039289,0.1032028469750889,0.0138755980861244,0.3333333333333333,0.0,7.318635842519161,0.0303701660844518,0.0208915205005027,-11.785564833742434,1443000000.0,3565000000.0,-5996000000.0,5232000000.0,4577000000.0,2774000000.0,2158000000.0,100.95933014354068,90.38543897216276,70.59957173447538,0.891448069950949,0.9957356076759062,1.2747952684258417,0.0988110964332893,0.0752139037061107,1996-07-16,0.41,bmo,,2025-04-25,1996-06-30,0.1951219512195122,16.605555555555558,2735676.1904761903
1996-03-31,CAT,USD,18230,1996-05-06,1996-05-06 00:00:00,1996,Q1,3844000000.0,2590000000.0,1254000000.0,0.3262226847,0,0.0,0.0,563000000.0,174000000.0,737000000.0,3327000000.0,0.0,0.0,174000000.0,691000000.0,0.179760666,517000000.0,0.1344953174,-78000000.0,439000000.0,0.1142039542,143000000.0,296000000.0,0.0770031217,0.38,0.38,778947368,778947368,https://www.sec.gov/Archives/edgar/data/18230/000001823096000005/0000018230-96-000005-index.html,https://www.sec.gov/Archives/edgar/data/18230/,4.934864867532359,0.3800000002054054,0.3427702704555515,0.1938513514561358,0.7766891896090212,4.674256759283382,4.394391894267239,4.674256759283382,8.403648653191162,13148631571.84,19089631571.84,11.10526315189189,3.4205597221227886,49.24581113048689,87.0770302770861,3.611269313880802,3.611269313880802,4.966085216399584,27.626094894124456,71.4967474600749,126.42140113801324,0.0225118483534007,0.0114840848019037,1.7978577313924746,0.3759476223294279,8.597684515195368,1.2694506192442043,0.0,0.902027027027027,0.0051716408379434,0.2297297297297297,0.0,0.0,0.0125201010797151,0.4344569288389513,0.0301768990634755,0.6666666666666666,0.0,6.321779442014373,0.0256280146394121,0.0172153076654646,-11.243699330402,1697000000.0,3423000000.0,-5776000000.0,5524000000.0,4375000000.0,2656500000.0,2019500000.0,104.5395421436004,95.003861003861,73.5984555984556,0.8609182530795073,0.9473299195318216,1.2228517469310671,0.0812963471573743,0.1489189189994156,1996-04-16,0.37,bmo,,2025-04-25,1996-03-31,0.027027027027027,16.345714285714287,3809657.142857143
1995-12-31,CAT,USD,18230,1996-05-28,1996-05-28 00:00:00,1995,Q4,4213000000.0,2957000000.0,1256000000.0,0.2981248516,0,0.0,0.0,564000000.0,165000000.0,729000000.0,3686000000.0,0.0,0.0,165000000.0,692000000.0,0.1642535011,527000000.0,0.1250890102,-94000000.0,433000000.0,0.1027771184,133000000.0,300000000.0,0.0712081652,0.39,0.39,778947368,778947368,https://www.sec.gov/Archives/edgar/data/18230/000095013196002501/0000950131-96-002501-index.html,https://www.sec.gov/Archives/edgar/data/18230/,5.408581084004639,0.3851351353433163,0.947432432944558,0.4043918921104821,0.8190540544967859,4.349459461810518,4.131216218449306,4.349459461810518,8.216216220657413,11442736835.92,17204736835.92,9.535614029933331,2.716054316619986,15.505063463306232,36.32614868546032,3.377431179433294,3.377431179433294,4.0837258096178495,24.862336468092483,23.31265153918699,54.6182121775238,0.0262175041077819,0.027528379313171,1.8890200708382527,0.380273321449792,8.326589595375722,1.2641758968424532,0.0,2.46,0.0061174176251491,0.2333333333333333,0.0,0.0,0.0101010101010101,0.573170731707317,0.10040351293615,2.5636363636363635,0.0,6.13925217890012,0.0276255595661057,0.0180072028811524,-11.078733114096613,1598000000.0,3218000000.0,-5795000000.0,5412000000.0,4296500000.0,2637000000.0,2054500000.0,91.53809636838358,78.4950963814677,58.46804193439296,0.9831971995332556,1.146568437378829,1.5393024466423737,0.0885478158205431,0.5430405408340759,1996-01-18,0.31,bmo,,2025-04-25,1995-12-31,0.2258064516129032,14.34063492063492,3149733.333333333
1995-09-30,CAT,USD,18230,1995-10-27,1995-10-27 00:00:00,1995,Q3,3733000000.0,2709000000.0,1024000000.0,0.2743102063,0,0.0,0.0,498000000.0,169000000.0,667000000.0,3376000000.0,0.0,0.0,169000000.0,526000000.0,0.140905438,357000000.0,0.0956335387,-75000000.0,282000000.0,0.0755424591,69000000.0,213000000.0,0.057058666,0.27,0.27,788888889,788888889,https://www.sec.gov/Archives/edgar/data/18230/000001823095000017/0000018230-95-000017-index.html,https://www.sec.gov/Archives/edgar/data/18230/,4.7319718303194405,0.2699999999619718,0.7149295773640945,0.6908450703252331,1.13704225336098,4.429014083883238,4.12478873181341,4.429014083883238,8.571549294567387,11218000001.58,17083000001.58,13.166666668521128,3.005089740578623,19.890070924787235,20.583486241431192,3.210646823577562,3.210646823577562,4.576212162223412,32.47718631479088,30.289007095,31.34495413133945,0.0189873417694776,0.0485826350439685,1.9353176874642244,0.3867093674939952,11.15019011406844,1.4136874361593463,0.0,2.647887323943662,0.0061508290239152,0.323943661971831,0.0,0.0,0.0137252659270273,0.0336879432624113,0.005089740155371,0.1124260355029585,0.0,5.187124497811968,0.0195610399833306,0.0123506900150759,-11.116901406884944,2430000000.0,3254000000.0,-5688000000.0,6219000000.0,4472500000.0,2761500000.0,2199500000.0,103.8628448968658,89.53488372093024,72.69102990033223,0.86652739090065,1.0051948051948052,1.2381170018281535,0.0609616485403548,0.0240845070388613,1995-10-17,0.26,bmo,,2025-04-25,1995-09-30,0.0384615384615384,16.616190476190475,3274908.0
1995-06-30,CAT,USD,18230,1995-08-04,1995-08-04 00:00:00,1995,Q2,4213000000.0,2936000000.0,1277000000.0,0.3031094232,0,0.0,0.0,535000000.0,174000000.0,709000000.0,3645000000.0,0.0,0.0,174000000.0,742000000.0,0.1761215286,568000000.0,0.1348207928,-89000000.0,479000000.0,0.1136957038,156000000.0,323000000.0,0.0766674579,0.41,0.41,797530864,797530864,https://www.sec.gov/Archives/edgar/data/18230/000001823095000010/0000018230-95-000010-index.html,https://www.sec.gov/Archives/edgar/data/18230/,5.282554180874936,0.4050000001003096,0.5868111456561761,0.4363467493340797,0.8726934986681594,4.235572756467015,3.9396594437002257,4.235572756467015,8.655464398428599,12808345675.839998,19015345675.84,9.913580244458204,3.040195982872062,27.36825999111111,36.80559102252873,3.791694989887507,3.791694989887507,4.513492920920958,25.627150506522906,40.631080503931614,54.641797919080446,0.0252179327584252,0.0271697851391083,2.0435168738898755,0.3861170153260991,8.365229110512129,1.4300675675675676,0.0,1.4489164086687307,0.0039037047613661,0.1547987616099071,0.0,0.0,0.0132005817205503,0.2564102564102564,0.0284832660811773,0.6896551724137931,0.0,6.212620763644376,0.0277165217294091,0.0183085817934474,-11.561621519891425,2546000000.0,3142000000.0,-6034000000.0,6422000000.0,4568000000.0,2831500000.0,2153000000.0,99.0576786138144,86.68937329700272,67.7758855585831,0.9085615699805908,1.0381895332390385,1.3279059249208502,0.095618709295441,0.1504643963220964,1995-07-19,0.39,bmo,,2025-04-25,1995-06-30,0.0512820512820511,14.846507936507937,3525676.1904761903
1995-03-31,CAT,USD,18230,1995-05-02,1995-05-02 00:00:00,1995,Q1,3913000000.0,2716000000.0,1197000000.0,0.3059033989,0,0.0,0.0,501000000.0,174000000.0,675000000.0,3391000000.0,0.0,0.0,174000000.0,696000000.0,0.177868643,522000000.0,0.1334014822,-79000000.0,443000000.0,0.113212369,143000000.0,300000000.0,0.0766675185,0.38,0.38,800000000,800000000,https://www.sec.gov/Archives/edgar/data/18230/000001823095000005/0000018230-95-000005-index.html,https://www.sec.gov/Archives/edgar/data/18230/,4.89125,0.375,0.525,0.37875,0.58125,3.97625,3.68,3.97625,7.48375,11104000000.0,16626000000.0,9.253333333333334,2.837720419115768,26.43809523809524,36.646864686468646,3.490726186733732,3.490726186733732,4.248913876820853,23.88793103448276,39.58571428571429,54.87128712871287,0.0270172910662824,0.0272874639769452,1.882112543225401,0.356411477556852,7.933908045977011,1.3871304347826088,0.0,1.4,0.0045028818443804,0.1666666666666666,0.0,0.0,0.0141088224788665,0.2785714285714286,0.0299003322259136,0.6724137931034483,0.0,5.792202463225884,0.0277886071324446,0.0181148481371897,-10.9128125,2226000000.0,2944000000.0,-5641000000.0,6171000000.0,4394500000.0,2729500000.0,1965000000.0,103.47814975721953,93.94329896907216,69.4219440353461,0.8697488330740164,0.9580246913580248,1.2964200477326968,0.0943099654196793,0.14625,1995-04-19,0.32,bmo,,2025-04-25,1995-03-31,0.1875,13.197777777777778,4034768.253968254
1994-12-31,CAT,USD,18230,1995-02-23,1995-02-23 00:00:00,1994,Q4,3928000000.0,2264000000.0,1664000000.0,0.4236252546,0,0.0,0.0,740000000.0,454000000.0,1194000000.0,3458000000.0,0.0,0.0,174000000.0,610000000.0,0.1552953157,621000000.0,0.158095723,-219000000.0,402000000.0,0.1023421589,100000000.0,279000000.0,0.0710285132,0.35,0.35,800000000,800000000,https://www.sec.gov/Archives/edgar/data/18230/000095013195000431/0000950131-95-000431-index.html,https://www.sec.gov/Archives/edgar/data/18230/,4.91,0.34875,0.7325,0.025,0.52375,3.63875,3.3425,3.63875,7.37875,11024000000.0,16508000000.0,9.878136200716844,2.806517311608961,18.812286689419796,551.2,3.787014771556166,3.787014771556166,4.2026476578411405,27.062295081967218,28.170648464163826,825.4,0.0253084179970972,0.0018142235123367,2.0278254895225007,0.3632615384615384,8.99016393442623,1.3475809385230992,0.0,2.100358422939068,0.002721335268505,0.1075268817204301,0.0,0.0,0.0145846153846153,0.9658703071672357,0.1440936863543788,3.2528735632183907,0.0,5.343483545988516,0.0376683397706662,0.0174233435333791,-10.98125,1911000000.0,2674000000.0,-5930000000.0,5924000000.0,4233000000.0,2564000000.0,1783000000.0,98.29429735234216,104.31095406360424,72.94611307420494,0.9156177156177157,0.8628048780487805,1.2337874659400545,0.0958433527997251,0.7075,1995-01-19,0.3,bmo,,2025-04-25,1994-12-31,0.1666666666666666,13.744126984126984,3100888.888888889
1994-09-30,CAT,USD,18230,1994-11-07,1994-11-07 00:00:00,1994,Q3,3509000000.0,2674000000.0,835000000.0,0.2379595326,69000000,0.0,0.0,378000000.0,0.0,447000000.0,3121000000.0,0.0,103000000.0,170000000.0,585000000.0,0.1667141636,334000000.0,0.0951838131,-22000000.0,312000000.0,0.0889142206,75000000.0,244000000.0,0.0695354802,0.3,0.3,812000000,820800000,https://www.sec.gov/Archives/edgar/data/18230/000001823094000035/0000018230-94-000035-index.html,https://www.sec.gov/Archives/edgar/data/18230/,4.321428571428571,0.3004926108374384,0.5886699507389163,0.7401477832512315,0.4100985221674877,3.4470443349753697,3.0123152709359604,3.4470443349753697,7.12192118226601,10986360000.0,16333360000.0,11.256516393442622,3.130909090909091,22.98401673640167,18.280133111480865,3.9251018220793137,3.9251018220793137,4.654705044172129,27.920273504273503,34.17020920502092,27.17697171381032,0.0222093577854721,0.0547041968404457,2.029296177206145,0.3569408659586501,9.14017094017094,1.2936755270394134,3.2427184466019416,1.959016393442623,0.0028216807022526,0.1270491803278688,0.0,0.0196637218580792,0.022183120718909,0.2573221757322175,0.0350527215730977,0.7235294117647059,0.0,4.827603485944748,0.020717911029033,0.0156812339331619,-10.817118226600986,1602000000.0,2446000000.0,-6057000000.0,5652000000.0,4108500000.0,2425500000.0,1701500000.0,107.10743801652892,84.27823485415108,58.26103216155572,0.8402777777777778,1.067891373801917,1.5447718082033506,0.0871739907109682,0.1514778325123152,1994-10-24,0.21,bmo,,2025-04-25,1994-09-30,0.4285714285714285,13.5846875,2960875.0
1994-06-30,CAT,USD,18230,1994-08-12,1994-08-12 00:00:00,1994,Q2,3605000000.0,2560000000.0,1045000000.0,0.2898751734,0,0.0,0.0,460000000.0,170000000.0,630000000.0,3190000000.0,0.0,0.0,170000000.0,585000000.0,0.1622746186,415000000.0,0.1151178918,-75000000.0,340000000.0,0.0943134535,100000000.0,240000000.0,0.0665742025,0.3,0.3,813559322,813559322,https://www.sec.gov/Archives/edgar/data/18230/000001823094000032/0000018230-94-000032-index.html,https://www.sec.gov/Archives/edgar/data/18230/,4.431145833517965,0.2950000000122916,0.6649791666943742,0.5051875000210495,0.2126458333421935,3.1614166667983925,2.72752083344698,3.1614166667983925,6.808354166950348,10169491525.0,15535491525.0,10.593220338541666,2.820940783633842,18.79758137707948,24.74328838199513,3.953923610031104,3.953923610031104,4.3094289944521496,26.556395769230768,28.71625050831793,37.79924945255475,0.0236000000009833,0.0404150000016839,2.1535769828926905,0.3586273875040466,9.172649572649572,1.2992233009708738,0.0,2.254166666666667,0.0014750000000614,0.0625,0.0,0.0,0.0228552929750728,0.2402957486136783,0.0360610263522884,0.7647058823529411,0.0,4.58081904540538,0.0246417544137439,0.0159024648820567,-10.85753645878573,1541000000.0,2219000000.0,-6182000000.0,5612000000.0,4081000000.0,2329000000.0,1675000000.0,100.88488210818308,82.51171875,58.78125,0.8921059143776293,1.0907541542394543,1.5311004784688995,0.093312597200622,0.1597916666733246,1994-07-21,0.26,bmo,,2025-04-25,1994-06-30,0.1538461538461537,13.582258064516129,4085664.516129032
1994-03-31,CAT,USD,18230,1994-05-16,1994-05-16 00:00:00,1994,Q1,3286000000.0,2314000000.0,972000000.0,0.2958003652,0,0.0,0.0,432000000.0,169000000.0,601000000.0,2915000000.0,0.0,0.0,169000000.0,540000000.0,0.1643335362,371000000.0,0.1129032258,-100000000.0,271000000.0,0.0824710895,79000000.0,192000000.0,0.0584297018,0.24,0.24,800000000,800000000,https://www.sec.gov/Archives/edgar/data/18230/000001823094000014/0000018230-94-000014-index.html,https://www.sec.gov/Archives/edgar/data/18230/,4.1075,0.24,0.19,0.03875,0.08,2.94125,2.50125,2.94125,6.28875,11240000000.0,16207000000.0,14.635416666666668,3.420572124163116,73.94736842105263,362.5806451612903,4.77688057798555,4.77688057798555,4.932136335970785,30.012962962962963,106.625,522.8064516129032,0.0170818505338078,0.0027580071174377,2.138121546961326,0.3310521813515825,9.198148148148148,1.3111853744839788,0.0,0.7916666666666666,0.0013345195729537,0.078125,0.0,0.0,0.0231624662762387,0.7960526315789473,0.0368228849665246,0.7159763313609467,0.0,3.985316800456395,0.0235316659343853,0.0129336476928258,-11.0628125,1583000000.0,2001000000.0,-6174000000.0,5704000000.0,3873000000.0,2183000000.0,1601500000.0,112.86975045648204,89.88331892826274,65.26361279170268,0.797379276874545,1.0012981393336218,1.3790226460071513,0.0815979600509987,0.15125,1994-04-20,0.16,bmo,,2025-04-25,1994-03-31,0.4999999999999999,13.23095238095238,4524571.428571428
1993-12-31,CAT,USD,18230,1994-03-02,1994-03-02 00:00:00,1993,Q4,3168000000.0,2216000000.0,952000000.0,0.3005050505,0,0.0,0.0,494000000.0,165000000.0,659000000.0,2875000000.0,0.0,0.0,165000000.0,458000000.0,0.1445707071,293000000.0,0.0924873737,-81000000.0,212000000.0,0.0669191919,64000000.0,119000000.0,0.0375631313,0.15,0.15,807476636,807476636,https://www.sec.gov/Archives/edgar/data/18230/000001823094000007/0000018230-94-000007-index.html,https://www.sec.gov/Archives/edgar/data/18230/,3.923333330972068,0.1473726850964886,0.9424421290624192,0.6377893514679972,0.1027893517899879,2.723298609472089,2.286134257883345,2.723298609472089,6.722175921880172,8987214958.68,14332214958.68,18.88070369470589,2.836873408674242,11.8097437039159,17.45090283238835,4.086955415497954,4.086955415497954,4.524057752108586,31.293045761310044,18.833396791957952,27.82954360908738,0.0132410319044464,0.0573036254688227,2.468394724874943,0.3665833727291146,11.670305676855897,1.299721687004924,0.0,5.141891891891892,0.0017803068106818,0.134453781512605,0.0,0.0,0.0238400756399,0.3232588699080158,0.0776515151515151,1.490909090909091,0.0,3.0050201561624013,0.0175291087335093,0.0082330150823301,-11.200014460851843,1400000000.0,1846000000.0,-6537000000.0,5580000000.0,3732000000.0,2005500000.0,1520000000.0,102.98295454545456,83.46119133574007,61.93592057761733,0.8739310344827587,1.078345498783455,1.4531147540983609,0.0541155070486584,0.3046527775944219,1994-01-21,0.11,bmo,,2025-04-25,1993-12-31,0.6363636363636362,10.80546875,3202437.5
1993-09-30,CAT,USD,18230,1993-09-30,1993-09-29 20:00:00,1993,Q3,2845000000.0,2055000000.0,790000000.0,0.2776801406,0,0.0,0.0,425000000.0,169000000.0,594000000.0,2649000000.0,251000000.0,110000000.0,169000000.0,73000000.0,0.025659051,196000000.0,0.0688927944,180000000.0,378000000.0,0.1328646749,-54000000.0,432000000.0,0.1518453427,0.53,0.53,812000000,819200000,,,3.5036945812807883,0.5320197044334976,0.4088669950738916,0.2179802955665024,0.105911330049261,2.6391625615763545,2.1970443349753697,2.6391625615763545,7.201970443349754,8022560000.000001,13674560000.0,4.642685185185186,2.819880492091389,24.16433734939759,45.325197740113,3.7436117592160527,3.7436117592160527,4.806523725834798,187.3227397260274,41.18843373493976,77.2574011299435,0.0538481482220139,0.0220627829520751,2.6775548296780216,0.3870489038785835,77.42465753424658,1.3050353724511028,1.7818181818181815,0.7685185185185185,0.0018697273688199,0.0347222222222222,0.0,0.0,0.0242158516020236,0.466867469879518,0.0544815465729349,0.9171597633136096,0.0,5.620671306360175,0.0188393608074011,0.0298631273330568,-11.033559113300493,1466000000.0,1784000000.0,-6410000000.0,5592000000.0,3671500000.0,1919500000.0,1540500000.0,121.44463971880492,85.66423357664235,66.35036496350365,0.7410784058348528,1.0506134969325154,1.3564356435643563,0.2015865608959402,0.1908866995073891,1993-10-22,0.07,bmo,,2025-04-25,1993-09-30,0.7142857142857141,9.88171875,2570462.5
1993-06-30,CAT,USD,18230,1993-06-30,1993-06-29 20:00:00,1993,Q2,2905000000.0,2130000000.0,775000000.0,0.2667814114,0,0.0,0.0,427000000.0,168000000.0,595000000.0,2725000000.0,0.0,0.0,168000000.0,348000000.0,0.1197934596,180000000.0,0.0619621343,-91000000.0,89000000.0,0.030636833,22000000.0,67000000.0,0.0230636833,0.085,0.085,788235294,788235294,,,3.6854477617440966,0.0850000000126865,0.2588059701878815,0.0786567164296502,0.0976865671787591,2.12246268688395,1.664477612188728,2.12246268688395,7.344253732439441,7377882351.839999,13089882351.84,27.52941176059701,2.539718537638554,36.16608996,118.99810244903225,4.409971519330544,4.409971519330544,4.505983597879518,37.61460445931034,64.16608996,211.1271347070968,0.0090811965825519,0.0084034953450481,3.4602510460251046,0.4031617800682499,16.413793103448278,1.3221218961625285,0.0,3.044776119402985,0.0020331037125116,0.2238805970149253,0.0,0.0,0.0251410265338811,0.696078431372549,0.048881239242685,0.8452380952380952,0.0,2.0147480957358925,0.0118025971585687,0.0047863980568652,-11.669104479353598,1427000000.0,1312000000.0,-6829000000.0,5623000000.0,3401500000.0,1891000000.0,1610000000.0,108.55765920826164,79.56338028169014,66.16901408450704,0.8290525114155252,1.1311736590547,1.3601532567049808,0.0400478182904961,0.1801492537582312,1993-07-23,0.07,bmo,,2025-04-25,1993-06-30,0.1428571428571427,8.654920634920634,3958869.8412698414
1993-03-31,CAT,USD,18230,1993-03-31,1993-03-30 19:00:00,1993,Q1,2697000000.0,2006000000.0,691000000.0,0.2562106044,0,0.0,0.0,396000000.0,166000000.0,562000000.0,2568000000.0,0.0,0.0,166000000.0,295000000.0,0.1093807935,129000000.0,0.0478309232,-85000000.0,44000000.0,0.0163144234,10000000.0,34000000.0,0.0126065999,0.045,0.045,755555556,755555556,,,3.569558821429671,0.0449999999735294,0.1429411763865052,0.025147058808737,0.1138235293448096,2.1149999987558825,1.6372058813898789,2.1149999987558825,7.559999995552941,5583555558.84,11209555558.84,41.05555557970588,2.0702838557063403,51.699588507777776,293.87134520210526,3.494089836570713,3.494089836570713,4.156305361082684,37.99849341979661,103.79218110037036,589.97660836,0.0060893098746318,0.0034028496358236,3.574468085106383,0.4031905131643961,19.07118644067797,1.2929583702391496,0.0,3.176470588235294,0.0026864602388081,0.4411764705882353,0.0,0.0,0.0254817533705089,0.8240740740740741,0.0329996292176492,0.536144578313253,0.0,1.463365127875016,0.008799595531587,0.0024626973779516,-12.152316169322168,1323000000.0,1237000000.0,-6730000000.0,5559000000.0,3123500000.0,1835500000.0,1664500000.0,110.08898776418242,85.19940179461615,74.2073778664008,0.8175204607456805,1.0563454449710374,1.2128174123337363,0.0212765957446808,0.1177941175777681,1993-04-22,,bmo,,2025-04-25,1993-03-31,,7.166774193548386,2272077.419354839
1992-12-31,CAT,USD,18230,1992-12-31,1992-12-30 19:00:00,1992,Q4,2734000000.0,2147000000.0,587000000.0,0.2147037308,0,0.0,0.0,512000000.0,157000000.0,669000000.0,2816000000.0,0.0,0.0,157000000.0,75000000.0,0.0274323336,-82000000.0,-0.0299926847,-39000000.0,-121000000.0,-0.0442574982,-65000000.0,-2273000000.0,-0.8313825896,-2.96,-2.96,766666667,766666667,,,3.5660869549712664,-2.964782607406616,0.146086956458223,1.5886956514831758,0.155217391236862,2.0543478251937617,1.5886956514831758,2.0543478251937617,7.398260866348582,5136666668.900001,10689666668.900002,-0.5649655377144743,1.8788100471470377,45.86309525803571,4.217296115681445,3.261375662793651,3.261375662793651,3.909900025201171,142.5288889186667,95.44345240089288,8.776409416174056,-0.4425048667771069,0.2371187539527127,3.601269841269841,0.4070326515966989,74.04,1.3099124674710196,0.0,-2.0,0.002920181698925,-0.0065992080950285,0.0,0.0,0.0256189451022604,9.875,0.4045354791514264,7.044585987261146,0.0,,-0.003370074879952,-0.1674031521579025,-11.99021738609121,1310000000.0,1218000000.0,-6823000000.0,5621000000.0,2979500000.0,1812000000.0,1717500000.0,97.04462326261888,74.28039124359572,70.21425244527248,0.9274084124830394,1.2116252821670428,1.2817910447761194,-1.443174603174603,1.4426086950249528,1992-12-30,,bmo,,2025-04-25,1992-12-31,,6.6184375,2197037.5
1992-09-30,CAT,USD,18230,1992-09-30,1992-09-29 20:00:00,1992,Q3,2677000000.0,1954000000.0,723000000.0,0.270078446,0,0.0,0.0,406000000.0,165000000.0,571000000.0,2525000000.0,0.0,0.0,165000000.0,317000000.0,0.1184161375,152000000.0,0.0567799776,-110000000.0,42000000.0,0.0156892043,19000000.0,23000000.0,0.0085917071,0.03,0.03,766666667,766666667,,,3.491739128916635,0.0299999999869565,0.198260869479017,-1.802608694868431,0.1604347825389414,5.045217389110775,4.893913041350473,5.045217389110775,7.249565214239319,4998666668.839999,10433666668.84,54.33333335695651,1.8672643514531189,32.88596492657894,-3.6169802234732265,1.292312996080662,1.292312996080662,3.897522102667165,32.91377498056782,68.64254387394737,-7.54968644633864,0.0046012269918644,-0.2764737262068146,1.436918304033092,0.4513195290296387,17.145110410094638,1.4611477907567294,0.0,6.608695652173913,0.0030008002120855,0.6521739130434783,0.0,0.0,0.0094194072269589,10.092105263157896,0.5730295106462457,9.296969696969697,0.0,1.8454055749805005,0.0086051995490639,0.0018854004426592,-6.764021736189556,1816000000.0,3752000000.0,-2693000000.0,5849000000.0,2917000000.0,1805000000.0,1757500000.0,101.22898767276804,85.30194472876151,81.06448311156602,0.8890733975423447,1.0550755939524838,1.1102272727272726,0.0059462254395036,2.000869564347448,1993-02-01,-0.05,bmo,,2025-04-25,1992-09-30,0.6,6.43578125,2388425.0
1992-06-30,CAT,USD,18230,1992-06-30,1992-06-29 20:00:00,1992,Q2,2600000000.0,2037000000.0,563000000.0,0.2165384615,0,0.0,0.0,416000000.0,116000000.0,532000000.0,2569000000.0,0.0,0.0,166000000.0,197000000.0,0.0757692308,31000000.0,0.0119230769,-95000000.0,-64000000.0,-0.0246153846,-11000000.0,-53000000.0,-0.0203846154,-0.065,-0.065,815384615,815384615,,,3.188679246787113,-0.0650000000306603,-0.0502830188916429,-0.1594339623393556,0.091981132118859,4.693490568251646,4.54754717195639,4.693490568251646,6.643490569171457,5479384612.8,10821384612.8,-25.846153833962266,2.107455620307692,-133.6435271414634,-42.14911240615385,1.4317702149986935,1.4317702149986935,4.162071004923076,54.93088635939086,-263.93621006829267,-83.24142009846153,-0.0096726190521816,-0.023725292014785,1.415469035798275,0.448352921701705,27.11675126903553,1.4014102241249056,0.0,0.7735849056603774,0.0027375336940136,-0.2830188679245283,0.0,0.0,0.0098493626882966,-2.1707317073170733,0.0342307692307692,0.536144578313253,0.0,,0.0027054352408051,-0.0044303268410933,-6.359268870924184,1594000000.0,3708000000.0,-2690000000.0,5677000000.0,2686000000.0,1727500000.0,1799000000.0,97.71923076923078,77.67304860088366,77.54050073637703,0.9210060219624512,1.158703071672355,1.1606837606837608,-0.0138489678599425,0.1091509434477127,1992-06-29,,bmo,,2025-04-25,1992-06-30,,6.921746031746031,2958806.3492063493
1992-03-31,CAT,USD,18230,1992-03-31,1992-03-30 19:00:00,1992,Q1,2183000000.0,1702000000.0,481000000.0,0.2203389831,0,0.0,0.0,385000000.0,166000000.0,551000000.0,2253000000.0,0.0,0.0,166000000.0,96000000.0,0.0439761796,-70000000.0,-0.0320659643,-119000000.0,-189000000.0,-0.0865781035,-57000000.0,-132000000.0,-0.0604672469,-0.16,-0.16,800000000,800000000,,,2.72875,-0.165,0.35,0.19625,0.12125,4.91125,4.75875,4.91125,6.52625,5000000000.0,10124000000.0,-9.469696969696969,2.2904260192395784,17.857142857142858,31.84713375796178,1.2725884448969205,1.2725884448969205,4.637654603756299,105.45833333333331,36.15714285714286,64.48407643312102,-0.0264,0.0314,1.3288368541613642,0.4380768585333109,53.375,1.3918884009299923,0.0,-2.121212121212121,0.003,-0.1136363636363636,0.0,0.0,0.0102366168820271,0.4392857142857143,0.0563444800732936,0.7409638554216867,0.0,,-0.0051992862797925,-0.0111902339776195,-6.3234375,1517000000.0,3807000000.0,-2601000000.0,5658000000.0,2611000000.0,1679500000.0,1882000000.0,105.08932661475036,89.73560517038777,97.45593419506464,0.856414280109847,1.002946375957572,0.9234943027672272,-0.0335963349452786,0.15375,1992-03-30,,bmo,,2025-04-25,1992-03-31,,6.02015873015873,2560266.6666666665
1991-12-31,CAT,USD,18230,1991-12-31,1991-12-30 19:00:00,1991,Q4,2458000000.0,1925000000.0,533000000.0,0.2168429618,0,0.0,0.0,735000000.0,152000000.0,887000000.0,2812000000.0,0.0,0.0,152000000.0,-202000000.0,-0.0821806347,-354000000.0,-0.1440195281,-69000000.0,-423000000.0,-0.172091131,-105000000.0,-318000000.0,-0.1293734744,-0.43,-0.43,740000000,740000000,,,3.3216216216216217,-0.4297297297297297,0.504054054054054,0.1324324324324324,0.1405405405405405,5.464864864864865,5.302702702702702,5.464864864864865,7.09054054054054,4055200000.000001,9198200000.0,-3.188050314465409,1.6497965825874696,10.871849865951743,41.3795918367347,1.0027695351137489,1.0027695351137489,3.742148087876322,-45.535643564356434,24.66005361930295,93.8591836734694,-0.0784178338922864,0.024166502268692,1.2974777448071215,0.4357249626307922,-25.46039603960396,1.4433791137600414,0.0,-1.1729559748427674,0.0076445058196883,-0.0974842767295597,0.0,0.0,0.0099651220727453,0.7372654155495979,0.1118795768917819,1.8092105263157896,0.0,,-0.0279018305278326,-0.0266733769501761,-6.660472972972973,1711000000.0,3924000000.0,-2428000000.0,5880000000.0,2812000000.0,1656000000.0,2013500000.0,97.87225386493084,77.70389610389611,89.81298701298702,0.9195660306771418,1.1582430806257522,1.002082248828735,-0.0786350148367952,0.3716216216216216,1991-12-30,,bmo,,2025-04-25,1991-12-31,,5.514375,2492337.5
1991-09-30,CAT,USD,18230,1991-09-30,1991-09-29 20:00:00,1991,Q3,2358000000.0,1776000000.0,582000000.0,0.2468193384,0,0.0,0.0,404000000.0,150000000.0,554000000.0,2330000000.0,0.0,0.0,150000000.0,178000000.0,0.0754877014,28000000.0,0.0118744699,-86000000.0,-58000000.0,-0.0245971162,-21000000.0,-37000000.0,-0.0156912638,-0.05,-0.05,740000000,740000000,,,3.1864864864864866,-0.05,0.2783783783783783,0.0432432432432432,0.1351351351351351,5.9391891891891895,5.710810810810811,5.9391891891891895,7.144594594594595,4129200000.0,9316200000.0,-27.9,1.751145038167939,20.04466019417476,129.0375,0.9395221843003412,0.9395221843003412,3.9508905852417295,52.33820224719101,45.224271844660194,291.13125,-0.0089605734767025,0.00774968516904,1.202957906712173,0.4306075908128359,29.140449438202246,1.4617283950617284,0.0,-5.567567567567568,0.007265329845975,-0.8108108108108109,0.0,0.0,0.0137644567519139,0.8446601941747572,0.0737913486005089,1.16,0.0,,0.001796085366065,-0.003055578495334,-6.103716216216216,1870000000.0,4226000000.0,-1963000000.0,6034000000.0,2990000000.0,1622500000.0,2119500000.0,112.63358778625954,83.61486486486487,106.72297297297298,0.799051169095222,1.0763636363636364,0.8433048433048433,-0.0084186575654152,0.2351351351351351,1991-09-29,,bmo,,2025-04-25,1991-09-30,,5.93984375,1700212.5
1991-06-30,CAT,USD,18230,1991-06-30,1991-06-29 20:00:00,1991,Q2,2691000000.0,2088000000.0,603000000.0,0.2240802676,0,0.0,0.0,387000000.0,148000000.0,535000000.0,2623000000.0,0.0,0.0,148000000.0,216000000.0,0.0802675585,68000000.0,0.0252694166,-96000000.0,-28000000.0,-0.0104050539,-11000000.0,-17000000.0,-0.0063173541,-0.02,-0.02,850000000,850000000,,,3.1658823529411766,-0.02,0.1188235294117647,-0.1058823529411764,0.1176470588235294,5.210588235294118,5.009411764705883,5.210588235294118,6.135294117647059,5287000000.0,10402000000.0,-77.75,1.964697138610182,52.34653465346535,-58.74444444444445,1.193723188078573,1.193723188078573,3.865477517651431,48.157407407407405,102.990099009901,-115.57777777777778,-0.0032154340836012,-0.0170228863249479,1.17746669677128,0.4259924848880901,23.68055555555556,1.4932869219293885,0.0,-5.941176470588236,0.0056742954416493,-1.7647058823529411,0.0,0.0,0.0139683058323803,1.891089108910891,0.070977331846897,1.2905405405405406,0.0,,0.0041648052341081,-0.0014083340236931,-5.146764705882353,1984000000.0,4258000000.0,-1807000000.0,6162000000.0,3016500000.0,1608000000.0,2133000000.0,101.30434782608695,68.75,91.9396551724138,0.8884120171673819,1.309090909090909,0.978902953586498,-0.003838338225333,0.2247058823529411,1991-06-29,,bmo,,2025-04-25,1991-06-30,,6.18859375,2190487.5
1991-03-31,CAT,USD,18230,1991-03-31,1991-03-30 19:00:00,1991,Q1,2675000000.0,2060000000.0,615000000.0,0.2299065421,0,0.0,0.0,385000000.0,152000000.0,537000000.0,2597000000.0,0.0,0.0,152000000.0,230000000.0,0.0859813084,78000000.0,0.0291588785,-125000000.0,-47000000.0,-0.0175700935,-15000000.0,-32000000.0,-0.0119626168,-0.04,-0.04,800000000,800000000,,,3.34375,-0.04,-0.04875,-0.21625,0.10625,5.64125,5.42375,5.64125,6.2025,4752000000.0,9629000000.0,-37.125,1.776448598130841,-121.84615384615384,-27.46820809248555,1.0529581209838246,1.0529581209838246,3.599626168224299,41.86521739130435,-246.89743589743588,-55.65895953757225,-0.0067340067340067,-0.0364057239057239,1.0994903611788167,0.4111019055509528,21.20434782608696,1.4493778970480604,0.0,1.21875,0.0063131313131313,-0.9375,0.0,0.0,0.0144159072079536,-3.435897435897436,0.0500934579439252,0.881578947368421,0.0,,0.0054540806181291,-0.0026899798251513,-5.190625,1842000000.0,4339000000.0,-1616000000.0,5975000000.0,2984500000.0,1653000000.0,2119000000.0,101.06915887850468,70.82038834951456,93.18932038834951,0.890479360852197,1.270820481184454,0.9657759024847632,-0.0070906270773321,0.1675,1991-03-30,,bmo,,2025-04-25,1991-03-31,,6.182950819672132,3232327.868852459
1990-12-31,CAT,USD,18230,1990-12-31,1990-12-30 19:00:00,1990,Q4,2757000000.0,2083000000.0,674000000.0,0.2444686253,0,0.0,0.0,465000000.0,128000000.0,593000000.0,2676000000.0,0.0,0.0,128000000.0,209000000.0,0.0758070366,81000000.0,0.0293797606,-68000000.0,13000000.0,0.0047152702,2000000.0,11000000.0,0.003989844,0.0143,0.0143,771428571,771428571,,,3.573888890874383,0.014259259267181,0.2190740741957819,-0.2618518519973251,0.1425925926718107,5.885185188454733,5.657037040179835,5.885185188454733,6.119814818214712,4535999997.48,9146999997.48,103.09090903363636,1.6452665932100108,26.84023667147929,-22.455445532079207,0.9991189421762114,0.9991189421762114,3.3177366693797605,43.76555022717703,54.12426034011834,-45.28217820534653,0.002425044093058,-0.0445326278907015,1.0398678414096916,0.3950297046272278,22.0622009569378,1.385536510918056,0.0,15.363636363636363,0.0068342151713452,2.8181818181818183,0.0,0.0,0.01472680110451,2.195266272189349,0.1345665578527385,2.8984375,0.0,1.3741046475232055,0.0071971502193071,0.0009341825902335,-5.217268521417001,1642000000.0,4364000000.0,-1510000000.0,5804000000.0,3039000000.0,1646000000.0,2040500000.0,96.78998911860718,72.80364858377341,90.95055208833412,0.9298482293423272,1.2362017804154302,0.9895486935866984,0.0024229074889867,0.480925926193107,1990-12-30,,bmo,,2025-04-25,1990-12-31,,5.3315625,2161325.0
1990-09-30,CAT,USD,18230,1990-09-30,1990-09-29 20:00:00,1990,Q3,2795000000.0,2105000000.0,690000000.0,0.2468694097,0,0.0,0.0,411000000.0,135000000.0,546000000.0,2651000000.0,0.0,0.0,138000000.0,282000000.0,0.1008944544,144000000.0,0.0515205725,-70000000.0,74000000.0,0.0264758497,20000000.0,54000000.0,0.0193202147,0.07,0.07,771428571,771428571,,,3.623148150161008,0.0700000000388888,0.5029629632423869,0.2087037038196502,0.1412962963747942,5.912407410692079,5.733518521703807,5.912407410692079,5.733518521703807,4119428569.14,8433428569.139999,19.071428560833333,1.4738563753631484,10.617083941082472,25.58651285180124,0.9031853911729883,0.9031853911729883,3.017326858368515,29.905775067872337,21.7356406421134,52.38154390770186,0.0131086142394923,0.0390830906029307,0.969743477307608,0.3854466230936819,15.297872340425531,1.4115942028985506,0.0,7.185185185185185,0.0072825634663846,0.5555555555555556,0.0,0.0,0.0120261437908496,0.5850515463917526,0.081216457960644,1.644927536231884,0.0,3.0515638084453323,0.0113724113724113,0.0047631648584281,-4.514027780285571,1704000000.0,4423000000.0,-1070000000.0,5604000000.0,3121000000.0,1529500000.0,1999000000.0,100.23971377459748,68.70783847980998,84.48456057007127,0.8978477353035657,1.3098942128189173,1.0652834008097165,0.0118395088796316,0.2942592594227366,1990-09-29,,bmo,,2025-04-25,1990-09-30,,5.843015873015873,2666692.0634920634
1990-06-30,CAT,USD,18230,1990-06-30,1990-06-29 20:00:00,1990,Q2,2947000000.0,2271000000.0,676000000.0,0.2293858161,0,0.0,0.0,406000000.0,134000000.0,540000000.0,2811000000.0,0.0,0.0,131000000.0,270000000.0,0.0916185952,136000000.0,0.0461486257,-81000000.0,55000000.0,0.0186630472,9000000.0,46000000.0,0.015609094,0.06,0.06,766666667,766666667,,,3.8439130418069936,0.059999999973913,0.2256521738149338,-0.119999999947826,0.1069565216926275,5.894347823524196,5.711739127951418,5.894347823524196,5.787391301831569,5044666668.86,9399666668.86,27.41666667858696,1.7117973087410925,29.159922941387286,-54.83333335717391,1.116323670913919,1.116323670913919,3.189571316206312,34.81358025503704,54.33333334601157,-102.17028987891304,0.00911854102947,-0.0182370820589401,0.9818543925647268,0.3909595559080095,16.12962962962963,1.3840903742056954,0.0,3.760869565217391,0.0061451037372515,0.6739130434782609,0.0,0.0,0.0123358886245484,1.5317919075144508,0.0899219545300305,2.0229007633587788,0.0,2.820880989743796,0.0123448507212344,0.0041038451244535,-4.422065215468668,1632000000.0,4379000000.0,-949000000.0,5442000000.0,3078500000.0,1476000000.0,2047000000.0,95.5581947743468,57.54293262879789,80.1321003963012,0.941834451901566,1.5640495867768596,1.1231454005934718,0.0101792431953972,0.3456521737627599,1990-06-29,,bmo,,2025-04-25,1990-06-30,,7.898888888888889,4358324.063492063
1990-03-31,CAT,USD,18230,1990-03-31,1990-03-30 19:00:00,1990,Q1,2937000000.0,2226000000.0,711000000.0,0.2420837589,0,0.0,0.0,394000000.0,136000000.0,530000000.0,2756000000.0,0.0,0.0,136000000.0,317000000.0,0.1079332652,181000000.0,0.0616275111,-35000000.0,146000000.0,0.049710589,47000000.0,99000000.0,0.0337078652,0.13,0.13,792000000,792000000,,,3.7083333333333335,0.125,0.1136363636363636,-0.1085858585858585,0.1148989898989899,5.763888888888889,5.584595959595959,5.763888888888889,4.771464646464646,6050880000.0,9738880000.0,15.28,2.060224719101124,67.232,-70.35906976744187,1.3254939759036144,1.3254939759036144,3.3159278175008517,30.722018927444797,108.20977777777776,-113.24279069767442,0.0163612565445026,-0.0142128087154265,0.8278203723986857,0.339349856321839,11.634069400630915,1.4348682590494952,0.0,0.9090909090909092,0.0049579565286371,0.303030303030303,0.0,0.0,0.0127514367816091,1.9555555555555555,0.0599250936329588,1.2941176470588236,0.0,4.026280852101602,0.0142629723082311,0.0090049117700563,-4.006313131313132,1766000000.0,4423000000.0,-744000000.0,5456000000.0,2920500000.0,1525000000.0,2096000000.0,92.78855975485187,60.64690026954178,83.77358490566039,0.9699471598414796,1.484,1.0743243243243243,0.0216867469879518,0.2222222222222222,1990-03-30,,bmo,,2025-04-25,1990-03-31,,7.293015873015872,2730641.26984127
1989-12-31,CAT,USD,18230,1989-12-31,1989-12-30 19:00:00,1989,Q4,2762000000.0,2071000000.0,691000000.0,0.2501810282,0,0.0,0.0,417000000.0,121000000.0,538000000.0,2609000000.0,0.0,0.0,121000000.0,274000000.0,0.0992034757,153000000.0,0.0553946416,-22000000.0,131000000.0,0.047429399,24000000.0,107000000.0,0.0387400434,0.13,0.13,800000000,800000000,,,3.4525,0.13375,0.445,-0.1,0.185,5.5925,5.40875,5.5925,4.9925,5888000000.0,9734000000.0,13.757009345794392,2.1317885590152064,16.53932584269663,-73.6,1.3160482789450156,1.3160482789450156,3.524257784214337,35.52554744525548,27.34269662921348,-121.675,0.018172554347826,-0.0135869565217391,0.8927134555207867,0.3655500640673622,14.036496350364963,1.462090163934426,0.0,3.3271028037383177,0.0050951086956521,0.2803738317757009,0.0,0.0,0.0134541460735859,1.2247191011235956,0.1578566256335988,3.603305785123967,0.0,4.102429729745532,0.0143182247535351,0.0099267093422395,-3.9178125,1804000000.0,4327000000.0,-744000000.0,5456000000.0,2793000000.0,1488000000.0,2112500000.0,91.66183924692253,67.35876388218252,92.12940608401738,0.9818698897973692,1.3361290322580646,0.9768867924528302,0.0239159588734912,0.545,1989-12-30,,bmo,,2025-04-25,1989-12-31,,,
1989-09-30,CAT,USD,18230,1989-09-30,1989-09-29 20:00:00,1989,Q3,2643000000.0,1957000000.0,686000000.0,0.2595535376,0,0.0,0.0,404000000.0,117000000.0,521000000.0,2478000000.0,0.0,0.0,118000000.0,283000000.0,0.1070752932,165000000.0,0.0624290579,-50000000.0,115000000.0,0.0435111616,7000000.0,108000000.0,0.0408626561,0.14,0.14,800000000,800000000,,,3.30375,0.135,0.44,0.09125,0.11875,5.51,5.26375,5.51,4.67375,6104000000.0,9748000000.0,14.129629629629628,2.309496783957624,17.34090909090909,83.61643835616438,1.3847549909255898,1.3847549909255898,3.6882330684827846,34.4452296819788,27.693181818181817,133.53424657534248,0.0176933158584534,0.011959370904325,0.8482304900181489,0.3544075829383886,12.876325088339222,1.550123592419665,0.0,3.259259259259259,0.0049148099606815,0.2777777777777778,0.0,0.0,0.0186729857819905,0.7926136363636364,0.1055618615209988,2.364406779661017,0.0,4.091042043294104,0.0182947487295313,0.0104317589104607,-3.6434375,2003000000.0,4211000000.0,-498000000.0,5394000000.0,2848500000.0,1418500000.0,2091000000.0,94.42678774120316,65.5799693408278,96.80633622892182,0.9531193653083304,1.372370266479663,0.9296912114014252,0.0245009074410163,0.34875,1989-09-29,,bmo,,2025-04-25,1989-09-30,,,
1989-06-30,CAT,USD,18230,1989-06-30,1989-06-29 20:00:00,1989,Q2,3041000000.0,2274000000.0,767000000.0,0.2522196646,0,0.0,0.0,387000000.0,116000000.0,503000000.0,2777000000.0,0.0,0.0,116000000.0,380000000.0,0.1249588951,264000000.0,0.0868135482,-57000000.0,207000000.0,0.0680697139,66000000.0,141000000.0,0.0463663269,0.18,0.18,805714286,805714286,,,3.774290778803443,0.1749999999379432,,,0.1054964538632991,5.374113473271591,5.128368792507671,5.374113473271591,4.527659572862532,5841428573.5,9404428573.5,10.357142860815603,1.920890685136468,0.0,0.0,1.3490597167436489,1.3490597167436489,3.092544746300559,24.748496246052632,0.0,0.0,0.0241379310259232,,0.8424942263279446,0.3494587604176645,9.376315789473685,1.595298068849706,0.0,0.0,0.0051724137931034,0.2142857143617021,0.0,0.0,0.0189673340358271,0.0,,0.0,,4.600062151047869,0.021655357292452,0.0137681867005175,-3.4658687930972096,2127000000.0,4132000000.0,-409000000.0,5371000000.0,,,,86.53732324893127,55.844327176781,82.20316622691293,1.0400136798905608,1.6116229624379872,1.0948483389504091,0.0325635103926097,,1989-06-29,,bmo,,2025-04-25,1989-06-30,,,
1989-03-31,CAT,USD,18230,1989-03-31,1989-03-30 19:00:00,1989,Q1,2680000000.0,0.0,2680000000.0,1.0,0,0.0,0.0,0.0,0.0,0.0,0.0,0.0,0.0,0.0,2680000000.0,1.0,2680000000.0,1.0,-2680000000.0,0.0,0.0,0.0,0.0,0.0,0.18,0.18,811312000,811312000,,,3.3032914587729505,0.0,,,,,,,,5792767680.0,,0.0,2.1614804776119403,0.0,0.0,0.0,0.0,,,0.0,0.0,0.0,,0.0,0.0,,0.0,0.0,0.0,0.0052521008403361,0.0,0.0,0.0,0.0,0.0,,0.0,,,0.0,0.0,,,,,,,,,,0.0,0.0,0.0,0.0,0.0,0.0,,1989-03-30,,bmo,,2025-04-25,1989-03-31,,,
1988-12-31,CAT,USD,18230,1988-12-31,1988-12-30 19:00:00,1988,Q4,2662000000.0,0.0,2662000000.0,1.0,0,0.0,0.0,0.0,-9435000000.0,-9435000000.0,-9435000000.0,0.0,0.0,0.0,-6773000000.0,-2.5443275733,-6773000000.0,-2.5443275733,6773000000.0,0.0,0.0,0.0,0.0,0.0,0.2,0.2,811304000,811304000,,,3.281137526747064,0.0,,,0.0912111859426306,5.069616321378916,4.982102886217743,5.069616321378916,4.018222515851025,6449866800.0,9635866800.0,0.0,2.422940195341848,0.0,0.0,1.5681660102115245,1.5681660102115245,3.619784673178061,-1.4226881441015795,0.0,0.0,0.0,,0.7926088013615366,0.3365682428246954,-0.4703971652148235,1.5478893740902475,0.0,0.0,0.0029874213836477,0.0,0.0,0.0,0.0073301672517034,0.0,,0.0,,0.0,,0.0,-3.0866974648220644,1882000000.0,4042000000.0,-256000000.0,4862000000.0,,,,90.236664162284,0.0,0.0,0.9973772948669912,0.0,0.0,0.0,,1988-12-30,,bmo,,2025-04-25,1988-12-31,,,
1988-09-30,CAT,USD,18230,1988-09-30,1988-09-29 20:00:00,1988,Q3,2789000000.0,0.0,2789000000.0,1.0,0,0.0,0.0,0.0,0.0,0.0,0.0,0.0,0.0,0.0,2789000000.0,1.0,2789000000.0,1.0,-2789000000.0,0.0,0.0,0.0,0.0,0.0,0.24,0.24,811304000,811304000,,,3.437675643162119,0.0,,,,,,,,5833275760.0,,0.0,2.0915294944424523,0.0,0.0,0.0,0.0,,,0.0,0.0,0.0,,0.0,0.0,,0.0,0.0,0.0,0.0033031988873435,0.0,0.0,0.0,0.0,0.0,,0.0,,,0.0,0.0,,,,,,,,,,0.0,0.0,0.0,0.0,0.0,0.0,,1988-09-29,,bmo,,2025-04-25,1988-09-30,,,
1988-06-30,CAT,USD,18230,1988-06-30,1988-06-29 20:00:00,1988,Q2,2602000000.0,0.0,2602000000.0,1.0,0,0.0,0.0,0.0,0.0,0.0,0.0,0.0,0.0,0.0,2602000000.0,1.0,2602000000.0,1.0,-2602000000.0,0.0,0.0,0.0,0.0,0.0,0.18,0.18,811384000,811384000,,,3.206866292655512,0.0,,,,,,,,6872422480.000001,,0.0,2.6412077171406616,0.0,0.0,0.0,0.0,,,0.0,0.0,0.0,,0.0,0.0,,0.0,0.0,0.0,0.0027597402597402,0.0,0.0,0.0,0.0,0.0,,0.0,,,0.0,0.0,,,,,,,,,,0.0,0.0,0.0,0.0,0.0,0.0,,1988-06-29,,bmo,,2025-04-25,1988-06-30,,,
1988-03-31,CAT,USD,18230,1988-03-31,1988-03-30 19:00:00,1988,Q1,2382000000.0,0.0,2382000000.0,1.0,0,0.0,0.0,0.0,0.0,0.0,0.0,0.0,0.0,0.0,2382000000.0,1.0,2382000000.0,1.0,-2382000000.0,0.0,0.0,0.0,0.0,0.0,0.14,0.14,811232000,811232000,,,2.936274703167528,0.0,,,,,,,,6327609600.0,,0.0,2.656427204030227,0.0,0.0,0.0,0.0,,,0.0,0.0,0.0,,0.0,0.0,,0.0,0.0,0.0,0.0029967948717948,0.0,0.0,0.0,0.0,0.0,,0.0,,,0.0,0.0,,,,,,,,,,0.0,0.0,0.0,0.0,0.0,0.0,,1988-03-30,,bmo,,2025-04-25,1988-03-31,,,
1987-12-31,CAT,USD,18230,1987-12-31,1987-12-30 19:00:00,1987,Q4,2241000000.0,0.0,2241000000.0,1.0,0,0.0,0.0,0.0,-7698000000.0,-7698000000.0,-7698000000.0,0.0,0.0,0.0,-5457000000.0,-2.4350736278,-5457000000.0,-2.4350736278,5457000000.0,0.0,0.0,0.0,0.0,0.0,0.17,0.17,811320000,811320000,,,2.762165360153823,0.0,,,0.1269536064684711,4.394073854952423,4.336143568505645,4.394073854952423,1.8291179805748656,6287730000.0,7668730000.0,0.0,2.805769745649264,0.0,0.0,1.7637391304347827,1.7637391304347827,3.422012494422133,-1.4053014476818766,0.0,0.0,0.0,,0.4162692847124825,0.2161374890766093,-0.2530694520798974,1.5940635451505016,0.0,0.0,0.002016129032258,0.0,0.0,0.0,0.0068453247888144,0.0,,0.0,,0.0,,0.0,-1.247041857713356,1421000000.0,3518000000.0,512000000.0,3932000000.0,,,,81.64658634538152,0.0,0.0,1.1023118544023611,0.0,0.0,0.0,,1987-12-30,,bmo,,2025-04-25,1987-12-31,,,
1987-09-30,CAT,USD,18230,1987-09-30,1987-09-29 20:00:00,1987,Q3,2250000000.0,0.0,2250000000.0,1.0,0,0.0,0.0,0.0,0.0,0.0,0.0,0.0,0.0,0.0,2250000000.0,1.0,2250000000.0,1.0,-2250000000.0,0.0,0.0,0.0,0.0,0.0,0.19,0.19,811320000,811320000,,,2.7732583937287383,0.0,,,,,,,,7456030800.0,,0.0,3.313791466666667,0.0,0.0,0.0,0.0,,,0.0,0.0,0.0,,0.0,0.0,,0.0,0.0,0.0,0.0017002176278563,0.0,0.0,0.0,0.0,0.0,,0.0,,,0.0,0.0,,,,,,,,,,0.0,0.0,0.0,0.0,0.0,0.0,,1987-09-29,,bmo,,2025-04-25,1987-09-30,,,
1987-06-30,CAT,USD,18230,1987-06-30,1987-06-29 20:00:00,1987,Q2,2042000000.0,0.0,2042000000.0,1.0,0,0.0,0.0,0.0,0.0,0.0,0.0,0.0,0.0,0.0,2042000000.0,1.0,2042000000.0,1.0,-2042000000.0,0.0,0.0,0.0,0.0,0.0,0.15,0.15,790656000,790656000,,,2.582665533430468,0.0,,,,,,,,5289488640.0,,0.0,2.5903470323212536,0.0,0.0,0.0,0.0,,,0.0,0.0,0.0,,0.0,0.0,,0.0,0.0,0.0,0.0023355754857997,0.0,0.0,0.0,0.0,0.0,,0.0,,,0.0,0.0,,,,,,,,,,0.0,0.0,0.0,0.0,0.0,0.0,,1987-06-29,,bmo,,2025-04-25,1987-06-30,,,
1987-03-31,CAT,USD,18230,1987-03-31,1987-03-30 19:00:00,1987,Q1,1647000000.0,0.0,1647000000.0,1.0,0,0.0,0.0,0.0,0.0,0.0,0.0,0.0,0.0,0.0,1647000000.0,1.0,1647000000.0,1.0,-1647000000.0,0.0,0.0,0.0,0.0,0.0,-0.11,-0.11,790656000,790656000,,,2.0830803788246723,0.0,,,,,,,,4767655680.0,,0.0,2.894751475409836,0.0,0.0,0.0,0.0,,,0.0,0.0,0.0,,0.0,0.0,,0.0,0.0,0.0,0.0025912106135986,0.0,0.0,0.0,0.0,0.0,,0.0,,,0.0,0.0,,,,,,,,,,0.0,0.0,0.0,0.0,0.0,0.0,,1987-03-30,,bmo,,2025-04-25,1987-03-31,,,
1986-12-31,CAT,USD,18230,1986-12-31,1986-12-30 19:00:00,1986,Q4,1775000000.0,0.0,1775000000.0,1.0,0,0.0,0.0,0.0,-7072000000.0,-7072000000.0,-7072000000.0,0.0,0.0,0.0,-5297000000.0,-2.9842253521,-5297000000.0,-2.9842253521,5297000000.0,0.0,0.0,0.0,0.0,0.0,-0.18,-0.18,788368000,788368000,,,2.251486615387737,0.0,,,0.1572869522862419,3.9943275221723855,3.918220932356463,3.9943275221723855,2.006677084813184,3957607359.999999,5415607360.0,0.0,2.2296379492957743,0.0,0.0,1.256782267386472,1.256782267386472,3.0510464,-1.0223914215593732,0.0,0.0,0.0,,0.5023817084788822,0.251590330788804,-0.275250141589579,1.5426605504587156,0.0,0.0,0.0031125498007968,0.0,0.0,0.0,0.0095419847328244,0.0,,0.0,,0.0,,0.0,-1.4124114626671809,1183000000.0,3089000000.0,224000000.0,3676000000.0,,,,87.6169014084507,0.0,0.0,1.0271990740740742,0.0,0.0,0.0,,1986-12-30,,bmo,,2025-04-25,1986-12-31,,,
1986-09-30,CAT,USD,18230,1986-09-30,1986-09-29 20:00:00,1986,Q3,1822000000.0,0.0,1822000000.0,1.0,0,0.0,0.0,0.0,0.0,0.0,0.0,0.0,0.0,0.0,1822000000.0,1.0,1822000000.0,1.0,-1822000000.0,0.0,0.0,0.0,0.0,0.0,-0.035,-0.035,788368000,788368000,,,2.3111034440768776,0.0,,,,,,,,3728980640.000001,,0.0,2.0466414050493964,0.0,0.0,0.0,0.0,,,0.0,0.0,0.0,,0.0,0.0,,0.0,0.0,0.0,0.0033033826638477,0.0,0.0,0.0,0.0,0.0,,0.0,,,0.0,0.0,,,,,,,,,,0.0,0.0,0.0,0.0,0.0,0.0,,1986-09-29,,bmo,,2025-04-25,1986-09-30,,,
1986-06-30,CAT,USD,18230,1986-06-30,1986-06-29 20:00:00,1986,Q2,1989000000.0,0.0,1989000000.0,1.0,0,0.0,0.0,0.0,0.0,0.0,0.0,0.0,0.0,0.0,1989000000.0,1.0,1989000000.0,1.0,-1989000000.0,0.0,0.0,0.0,0.0,0.0,0.18,0.18,787720000,787720000,,,2.525008886406338,0.0,,,,,,,,4899618400.0,,0.0,2.463357667169432,0.0,0.0,0.0,0.0,,,0.0,0.0,0.0,,0.0,0.0,,0.0,0.0,0.0,0.0025120578778135,0.0,0.0,0.0,0.0,0.0,,0.0,,,0.0,0.0,,,,,,,,,,0.0,0.0,0.0,0.0,0.0,0.0,,1986-06-29,,bmo,,2025-04-25,1986-06-30,,,
1986-03-31,CAT,USD,18230,1986-03-31,1986-03-30 19:00:00,1986,Q1,1735000000.0,0.0,1735000000.0,1.0,0,0.0,0.0,0.0,0.0,0.0,0.0,0.0,0.0,0.0,1735000000.0,1.0,1735000000.0,1.0,-1735000000.0,0.0,0.0,0.0,0.0,0.0,0.14,0.14,787720000,787720000,,,2.202559285025136,0.0,,,,,,,,5183197600.0,,0.0,2.987433775216138,0.0,0.0,0.0,0.0,,,0.0,0.0,0.0,,0.0,0.0,,0.0,0.0,0.0,0.0023746200607902,0.0,0.0,0.0,0.0,0.0,,0.0,,,0.0,0.0,,,,,,,,,,0.0,0.0,0.0,0.0,0.0,0.0,,1986-03-30,,bmo,,2025-04-25,1986-03-31,,,
1985-12-31,CAT,USD,18230,1985-12-31,1985-12-30 19:00:00,1985,Q4,1805000000.0,0.0,1805000000.0,1.0,0,0.0,0.0,0.0,-6423000000.0,-6423000000.0,-6423000000.0,0.0,0.0,0.0,-4618000000.0,-2.5584487535,-4618000000.0,-2.5584487535,4618000000.0,0.0,0.0,0.0,0.0,0.0,0.11,0.11,782272000,782272000,,,2.307381575717909,0.0,,,0.3604884234639613,3.9219095148490553,3.823478278654995,3.9219095148490553,1.794772150863127,4106928000.0,5228928000.0,0.0,2.275306371191136,0.0,0.0,1.3386336375488916,1.3386336375488916,2.8969130193905817,-1.1322927674317886,0.0,0.0,0.0,,0.4576271186440678,0.233377659574468,-0.2429623213512343,1.7118254879448909,0.0,0.0,0.0029761904761904,0.0,0.0,0.0,0.0127992021276595,0.0,,0.0,,0.0,,0.0,-1.4873343287245355,1240000000.0,2991000000.0,34000000.0,3969000000.0,,,,62.02770083102493,0.0,0.0,1.4509646302250805,0.0,0.0,0.0,,1985-12-30,,bmo,,2025-04-25,1985-12-31,,,
1985-09-30,CAT,USD,18230,1985-09-30,1985-09-29 20:00:00,1985,Q3,1806000000.0,0.0,1806000000.0,1.0,0,0.0,0.0,0.0,0.0,0.0,0.0,0.0,0.0,0.0,1806000000.0,1.0,1806000000.0,1.0,-1806000000.0,0.0,0.0,0.0,0.0,0.0,0.17,0.17,782272000,782272000,,,2.308659903460689,0.0,,,,,,,,3457642240.0,,0.0,1.9145305869324472,0.0,0.0,0.0,0.0,,,0.0,0.0,0.0,,0.0,0.0,,0.0,0.0,0.0,0.0035350678733031,0.0,0.0,0.0,0.0,0.0,,0.0,,,0.0,0.0,,,,,,,,,,0.0,0.0,0.0,0.0,0.0,0.0,,1985-09-29,,bmo,,2025-04-25,1985-09-30,,,
