date,symbol,reportedCurrency,cik,fillingDate,acceptedDate,calendarYear,period,revenue,costOfRevenue,grossProfit,grossProfitRatio,researchAndDevelopmentExpenses,generalAndAdministrativeExpenses,sellingAndMarketingExpenses,sellingGeneralAndAdministrativeExpenses,otherExpenses,operatingExpenses,costAndExpenses,interestIncome,interestExpense,depreciationAndAmortization,ebitda,ebitdaratio,operatingIncome,operatingIncomeRatio,totalOtherIncomeExpensesNet,incomeBeforeTax,incomeBeforeTaxRatio,incomeTaxExpense,netIncome,netIncomeRatio,eps,epsdiluted,weightedAverageShsOut,weightedAverageShsOutDil,link,finalLink,revenuePerShare,netIncomePerShare,operatingCashFlowPerShare,freeCashFlowPerShare,cashPerShare,bookValuePerShare,tangibleBookValuePerShare,shareholdersEquityPerShare,interestDebtPerShare,marketCap,enterpriseValue,peRatio,priceToSalesRatio,pocfratio,pfcfRatio,pbRatio,ptbRatio,evToSales,enterpriseValueOverEBITDA,evToOperatingCashFlow,evToFreeCashFlow,earningsYield,freeCashFlowYield,debtToEquity,debtToAssets,netDebtToEBITDA,currentRatio,interestCoverage,incomeQuality,dividendYield,payoutRatio,salesGeneralAndAdministrativeToRevenue,researchAndDdevelopementToRevenue,intangiblesToTotalAssets,capexToOperatingCashFlow,capexToRevenue,capexToDepreciation,stockBasedCompensationToRevenue,grahamNumber,roic,returnOnTangibleAssets,grahamNetNet,workingCapital,tangibleAssetValue,netCurrentAssetValue,investedCapital,averageReceivables,averagePayables,averageInventory,daysSalesOutstanding,daysPayablesOutstanding,daysOfInventoryOnHand,receivablesTurnover,payablesTurnover,inventoryTurnover,roe,capexPerShare,report_date,epsEstimated,time,revenueEstimated,updatedFromDate,fiscalDateEnding,surprise(%),QuarterAvgPrice,QuarterAvgVolume
2025-03-31,CB,USD,896159,2025-04-28,2025-04-28 16:12:05,2025,Q1,13480000000.0,0.0,13480000000.0,1.0,0,1080000000.0,0.0,1080000000.0,10736000000.0,11816000000.0,11816000000.0,17000000.0,181000000.0,75000000.0,1920000000.0,0.1424332344,1664000000.0,0.1234421365,0.0,1664000000.0,0.1234421365,321000000.0,1331000000.0,0.0987388724,3.3212851696744408,3.2888559426735853,400748485,404700000,https://www.sec.gov/Archives/edgar/data/896159/000089615925000007/0000896159-25-000007-index.htm,https://www.sec.gov/Archives/edgar/data/896159/000089615925000007/cb-20250331.htm,33.03646377236549,3.293007809557288,3.8744179036564335,3.8744179036564335,0.0,175.0539200339789,110.53224410201456,162.6117440202572,36.3418420094568,122061262300.51,136569262300.51,22.92660824577573,9.141111533027036,77.94461194157726,77.94461194157728,1.8571229391794724,1.8571229391794724,10.227608949337975,74.02128037968022,87.20897975766923,87.20897975766923,0.0109043604409327,0.0128296231784378,0.2207345647080303,0.0576281419809971,7.863414634146341,0.0,9.679558011049725,1.1660461653015637,0.0029984943060716,0.2749812171299775,0.0,0.0,0.103590040992723,0.0,0.0,0.0,0.0,109.7649270812396,0.0327055403830586,0.0058979142387436,-419.3043005650299,15358000000.0,44676000000.0,-165639000000.0,41437000000.0,24925000000.0,4060500000.0,0.0,103.51381711974838,0.0,0.0,0.8694491470243522,0.0,0.0,0.0202507379119374,0.0,2025-04-22,3.17,amc,12936982500.0,2025-05-11,2025-03-31,0.1608832807570978,277.869,1795714.05
2024-12-31,CB,USD,896159,2025-02-27,2025-02-27 15:56:15,2024,Q4,14278000000.0,18000000.0,14260000000.0,0.9987393192,0,1122000000.0,0.0,1122000000.0,10037000000.0,11159000000.0,11159000000.0,0.0,189000000.0,82000000.0,3390000000.0,0.2374282112,3119000000.0,0.2184479619,0.0,3119000000.0,0.2184479619,479000000.0,2575000000.0,0.1803473876,6.37,6.37,404189749,404189749,https://www.sec.gov/Archives/edgar/data/896159/000089615925000004/0000896159-25-000004-index.htm,https://www.sec.gov/Archives/edgar/data/896159/000089615925000004/cb-20241231.htm,35.324992866159995,6.370770180022552,11.294200338564252,11.294200338564252,96.947040584149,169.21260415241258,97.02126314935316,158.39342823115487,38.02174606857731,111677627648.7,124568627648.7,10.84248812123301,7.8216576305294865,24.463883384162106,24.463883384162106,1.744390553860452,1.744390553860452,8.724515173602747,36.74590786097345,27.28776071165389,27.28776071165389,0.0230574382194084,0.0408765846491648,0.2370940785054903,0.0615661047747294,3.802654867256637,0.0,16.502645502645503,1.7291666666666667,0.0032862445928244,0.1425242718446601,0.0785824345146379,0.0,0.1183501792754352,0.0,0.0,0.0,0.0,150.68006805463068,3.3,0.0118462154217022,-279.8190708196313,0.0,39215000000.0,-178154000000.0,29179000000.0,35049500000.0,8408500000.0,0.0,217.4170051827987,40605.0,0.0,0.413951061115621,0.0022164758034724,0.0,0.040221177426157,0.0,2025-01-28,5.33,amc,12197912500.0,2025-04-28,2024-12-31,0.1294559099437147,283.96953125,1468805.796875
2024-09-30,CB,USD,896159,2024-10-30,2024-10-30 13:30:51,2024,Q3,14849000000.0,0.0,14849000000.0,1.0,0,1094000000.0,0.0,1094000000.0,0.0,14872000000.0,14872000000.0,0.0,192000000.0,0.0,0.0,0.0,2838000000.0,0.1911239814,156000000.0,2994000000.0,0.2016297394,504000000.0,2324000000.0,0.1565088558,5.75,5.7,403831412,407878727,https://www.sec.gov/Archives/edgar/data/896159/000089615924000013/0000896159-24-000013-index.htm,https://www.sec.gov/Archives/edgar/data/896159/000089615924000013/cb-20240930.htm,36.77029462977981,5.754876740494868,10.69258079408642,10.69258079408642,98.82836949791316,173.63681456260764,107.80736393037202,162.83280112939804,40.42033263128129,116460940906.68,130066940906.68,12.528070235228055,7.843015752352346,26.97103772734599,26.97103772734599,1.77108050711985,1.77108050711985,8.759306411656004,0.0,30.12203355874942,30.12203355874942,0.0199551882537358,0.0370768084679996,0.2453122861444409,0.0643805601120703,0.0,25.40420114576703,14.78125,1.734136546184739,0.0031856174019518,0.1596385542168674,0.0736749949491548,0.0,0.1060996100687667,0.0,0.0,0.0,0.0,145.20454795118155,0.0346786047963163,0.0103762507087907,-281.8546220470833,38339000000.0,43536000000.0,-140527000000.0,64923000000.0,17803500000.0,8911000000.0,-35548500000.0,215.8145329651828,0.0,0.0,0.4170247423259471,0.0,0.0,0.0353422449320984,0.0,2024-10-29,4.98,amc,14157324800.0,2025-04-25,2024-09-30,0.14859437751004,274.153125,1550217.28125
2024-06-30,CB,USD,896159,2024-07-26,2024-07-26 15:52:33,2024,Q2,13875000000.0,29000000.0,13846000000.0,0.9979099099,0,1094000000.0,0.0,1094000000.0,-3429000000.0,3429000000.0,-11079000000.0,0.0,182000000.0,80000000.0,2968000000.0,0.2139099099,2774000000.0,0.1999279279,-10027000000.0,2706000000.0,0.195027027,490000000.0,2230000000.0,0.1607207207,5.51,5.46,404615765,408606667,https://www.sec.gov/Archives/edgar/data/896159/000089615924000010/0000896159-24-000010-index.htm,https://www.sec.gov/Archives/edgar/data/896159/000089615924000010/cb-20240630.htm,34.291792856860134,5.511401662760224,10.081169229775316,10.081169229775316,89.6900297495823,217.4112024527764,124.24132806589976,150.85423080338947,47.383225416340366,103104189237.3,119694189237.3,11.55876560956278,7.430932557643244,25.27682991843589,25.27682991843589,1.6891803341737934,1.6891803341737934,8.626608233318919,40.32823087510108,29.34400324523168,29.34400324523168,0.0216286071060365,0.0395619230428353,0.31111766440578,0.0796056189242551,5.589622641509434,0.0305526205237228,15.24175824175824,1.8407039711191333,0.0033849255067294,0.1565022421524663,0.0788468468468468,0.0,0.1580291006954487,0.0,0.0,0.0,0.0,136.7732094230988,0.0137928756667927,0.0111026472096508,-370.33035526927625,-76153000000.0,50270000000.0,-148183000000.0,-37712000000.0,0.0,8815500000.0,-35548500000.0,0.0,28322.06896551724,-220645.8620689655,0.0,0.0031777339469647,-0.0004078934413547,0.0365346177790884,0.0,2024-07-23,5.15,amc,13040647200.0,2025-04-25,2024-06-30,0.0446601941747571,256.8014285714286,1581801.396825397
2024-03-31,CB,USD,896159,2024-04-26,2024-04-26 14:53:38,2024,Q1,12883000000.0,-11000000.0,12894000000.0,1.0008538384,0,1070000000.0,0.0,1070000000.0,-3336000000.0,3336000000.0,-10243000000.0,0.0,178000000.0,80000000.0,2894000000.0,0.2246371187,2768000000.0,0.214856788,-9289000000.0,2636000000.0,0.2046107273,342000000.0,2143000000.0,0.166343243,5.28,5.23,405662694,409739635,https://www.sec.gov/Archives/edgar/data/896159/000089615924000006/0000896159-24-000006-index.htm,https://www.sec.gov/Archives/edgar/data/896159/000089615924000006/cb-20240331.htm,31.757911660469325,5.282714017572442,7.9376290884662914,7.9376290884662914,6.182476321078714,158.82899993756882,66.24222635567273,149.22496176096487,38.67991864196415,104417577435.6,117422577435.6,12.18123861824545,8.105066943693238,32.42781907937888,32.42781907937888,1.7249124875790864,1.7249124875790864,9.114536787673678,40.57449116641327,36.46663895515528,36.46663895515528,0.0205233644816334,0.0308377198464113,0.2562649706781201,0.0660501475303043,4.493780234968901,0.0326851900119897,15.55056179775281,1.4036617262423714,0.0033423491386327,0.1628558096126925,0.0830551890087712,0.0,0.1599160375872302,0.0,0.0,0.0,0.0,133.18047131052327,0.0150179180273897,0.0108611916394672,-413.959682474524,-74224000000.0,26872000000.0,-167928000000.0,-35903000000.0,0.0,8403500000.0,0.0,0.0,-69586.36363636363,0.0,0.0,-0.0012933568489124,0.0,0.0354010076815065,0.0,2024-04-23,5.31,amc,11754313333.0,2025-04-25,2024-03-31,0.0188323917137477,245.87360655737703,1797147.836065574
2023-12-31,CB,USD,896159,2024-02-23,2024-02-23 17:08:16,2023,Q4,13260000000.0,0.0,13260000000.0,1.0,0,1048000000.0,0.0,1048000000.0,-3249000000.0,3249000000.0,-10475000000.0,0.0,173000000.0,84000000.0,2869000000.0,0.2163650075,2588000000.0,0.195173454,-9386000000.0,2612000000.0,0.1969834087,-678000000.0,3300000000.0,0.2488687783,8.04,8.04,407200000,410700000,https://www.sec.gov/Archives/edgar/data/896159/000089615924000003/0000896159-24-000003-index.htm,https://www.sec.gov/Archives/edgar/data/896159/000089615924000003/cb-20231231.htm,32.56385068762279,8.104125736738704,7.824165029469548,7.824165029469548,6.014243614931238,156.41208251473478,60.66797642436149,146.13703339882122,36.02161100196464,92027200000.0,104073200000.0,6.971757575757575,6.940211161387632,28.88487131198995,28.88487131198996,1.5464936898180046,1.5464936898180046,7.848657616892911,36.275078424538165,32.66578782172002,32.66578782172002,0.0358589634368969,0.0346201992454404,0.2435847883442284,0.0628354184548426,4.198675496688741,0.032992051731106,14.959537572254336,0.96838905775076,0.0038032233948224,0.106060606060606,0.0790346907993966,0.0,0.1690075515211416,0.0,0.0,0.0,0.0,163.23921129068742,0.02064295487971,0.017214846500952,-404.08153241650297,-71781000000.0,24704000000.0,-164542000000.0,-30810000000.0,0.0,8391500000.0,0.0,0.0,0.0,0.0,0.0,0.0,0.0,0.0554556606785756,0.0,2024-01-30,5.07,amc,10541000000.0,2025-04-25,2023-12-31,0.6370808678500987,218.6879365079365,1925410.1587301588
2023-09-30,CB,USD,896159,2023-11-01,2023-11-01 16:14:17,2023,Q3,13872000000.0,0.0,13872000000.0,1.0,0,1060000000.0,0.0,1060000000.0,-12447000000.0,-11387000000.0,11727000000.0,0.0,174000000.0,84000000.0,2711000000.0,0.1954296424,2485000000.0,0.1791378316,-10238000000.0,2145000000.0,0.1546280277,413000000.0,2043000000.0,0.1472750865,5.0,4.95,409505454,412600000,https://www.sec.gov/Archives/edgar/data/896159/000089615923000016/0000896159-23-000016-index.htm,https://www.sec.gov/Archives/edgar/data/896159/000089615923000016/cb-20230930.htm,33.875006705038906,4.988944542848507,11.4284192170979,11.4284192170979,6.314934208422045,140.42303817521318,50.24353106662164,127.8932905250146,35.67718050465819,85250845413.72,97100845413.72,10.432066252290747,6.145533838935986,18.21599260976923,18.21599260976923,1.6277632637756096,1.6277632637756096,6.999772593261246,35.81735352774622,20.74804389182051,20.74804389182051,0.0239645717304664,0.0548968162988658,0.2756382105283256,0.0648086627040422,4.371080781999262,0.0353172543770997,14.281609195402298,2.294117647058824,0.0041759116671786,0.1742535487028879,0.0764129181084198,0.0,0.1657882450123008,0.0,0.0,0.0,0.0,119.81728594494818,0.0134193125646117,0.0109945699847701,-397.2059429518612,-70636000000.0,20575000000.0,-162658000000.0,-33158000000.0,0.0,8455000000.0,0.0,0.0,0.0,0.0,0.0,0.0,0.0,0.0390086494949687,0.0,2023-10-24,4.44,amc,9805330000.0,2025-04-25,2023-09-30,0.1148648648648648,202.15666666666667,1666559.126984127
2023-06-30,CB,USD,896159,2023-07-28,2023-07-28 14:46:32,2023,Q2,11845000000.0,0.0,11845000000.0,1.0,0,969000000.0,0.0,969000000.0,-10622000000.0,-9653000000.0,9860000000.0,0.0,165000000.0,70000000.0,2420000000.0,0.2043056142,2192000000.0,0.1850569861,-8845000000.0,1985000000.0,0.1675812579,392000000.0,1793000000.0,0.1513718869,4.37,4.32,412487400,415600000,https://www.sec.gov/Archives/edgar/data/896159/000089615923000013/0000896159-23-000013-index.htm,https://www.sec.gov/Archives/edgar/data/896159/000089615923000013/cb-20230630.htm,28.716028659299653,4.346799441631429,6.097155937369238,6.097155937369238,5.539563147868274,128.18573367331948,50.89125146610539,128.18573367331948,35.506539108830964,79428573744.0,91624573744.0,11.074815078639151,6.705662620852681,31.581937870377736,31.58193787037773,1.5021952481134753,1.5021952481134753,7.7352953772899955,37.86139410909091,36.431242045328034,36.431242045328034,0.0225737403491453,0.0316636681417181,0.2738723404255319,0.0704849889023013,5.039669421487603,0.0325253014106159,13.284848484848483,1.4026770775237032,0.0043183451978565,0.1912994980479643,0.0818066694807935,0.0,0.1551876873953506,0.0,0.0,0.0,0.0,111.96851209164456,0.0130117342400188,0.0103304237605508,-364.3456745587865,-67968000000.0,20992000000.0,-150288000000.0,-35542000000.0,0.0,8103500000.0,0.0,0.0,0.0,0.0,0.0,0.0,0.0,0.0339101654846335,0.0,2023-07-25,4.41,amc,11619800000.0,2025-04-25,2023-06-30,0.1156462585034013,195.91467741935483,1777900.0483870967
2023-03-31,CB,USD,896159,2023-05-02,2023-05-02 17:21:49,2023,Q1,11197000000.0,0.0,11197000000.0,1.0,0,930000000.0,0.0,930000000.0,-10699000000.0,-9769000000.0,9283000000.0,0.0,160000000.0,72000000.0,2508000000.0,0.2239885684,1579000000.0,0.141019916,-7693000000.0,1914000000.0,0.1709386443,384000000.0,1892000000.0,0.1689738323,4.57,4.53,414289150,417900000,https://www.sec.gov/Archives/edgar/data/896159/000089615923000010/0000896159-23-000010-index.htm,https://www.sec.gov/Archives/edgar/data/896159/000089615923000010/cb-20230331.htm,27.027017241460463,4.566858678292685,5.433403216087122,5.433403216087122,5.522712820260922,127.89859449613874,52.0143962254382,127.89859449613874,35.08419180178868,80446667147.0,92533667147.0,10.629845024709304,7.184662601321783,35.738190647267885,35.73819064726788,1.51823404131202,1.51823404131202,8.264148177815485,36.89540157376396,41.10780415237672,41.10780415237672,0.0235186871886532,0.0279812710685298,0.2712929586502349,0.0713700568478018,4.819377990430622,0.0336193722816504,9.86875,1.1897463002114166,0.0042885555391571,0.1823467230443974,0.0830579619540948,0.0,0.1560856937169525,0.0,0.0,0.0,0.0,114.6391431399541,0.0094647532701052,0.0111309177123963,-352.7487987556517,-65768000000.0,21549000000.0,-146140000000.0,-33759000000.0,0.0,7779000000.0,0.0,0.0,0.0,0.0,0.0,0.0,0.0,0.0357068714967822,0.0,2023-04-25,4.45,amc,10618100000.0,2025-04-25,2023-03-31,-0.0089887640449438,210.155,1903417.6935483871
2022-12-31,CB,USD,896159,2023-02-24,2023-02-24 15:47:16,2022,Q4,11500000000.0,0.0,11500000000.0,1.0,0,916000000.0,0.0,916000000.0,-10608000000.0,-9692000000.0,9846000000.0,0.0,154000000.0,74000000.0,1882000000.0,0.1636521739,1808000000.0,0.1572173913,-345000000.0,1654000000.0,0.143826087,342000000.0,1312000000.0,0.1140869565,3.16,3.13,414594856,418900000,https://www.sec.gov/Archives/edgar/data/896159/000089615923000007/0000896159-23-000007-index.htm,https://www.sec.gov/Archives/edgar/data/896159/000089615923000007/cb-20221231.htm,27.737922537080397,3.1645351624912585,6.394194143113054,6.394194143113054,4.852930447357021,121.85148770876212,46.11007522968399,121.85148770876212,36.25467075259612,91459625233.6,104324625233.6,17.427520052134145,7.95301088987826,34.5000472401358,34.50004724013579,1.8104005469942,1.8104005469942,9.071706542052173,55.43285081487778,39.35293294364391,39.35293294364391,0.0143451276631516,0.0289854675571761,0.2944832637225598,0.0747524080857414,6.835812964930924,0.0292170074349442,11.74025974025974,2.020579268292683,0.0037721562833744,0.2629573170731707,0.0796521739130434,0.0,0.1577855158102071,0.0,0.0,0.0,0.0,93.14544885696566,0.0110190098935834,0.0078274617426841,-353.32324528406593,-66852000000.0,19117000000.0,-146486000000.0,-32443000000.0,0.0,7804500000.0,0.0,0.0,0.0,0.0,0.0,0.0,0.0,0.0259704269680714,0.0,2023-01-31,4.25,amc,9247830000.0,2025-04-25,2022-12-31,-0.0470588235294118,208.04619047619047,1655005.873015873
2022-09-30,CB,USD,896159,2022-10-28,2022-10-28 16:08:42,2022,Q3,12082000000.0,0.0,12082000000.0,1.0,0,883000000.0,0.0,883000000.0,325000000.0,1208000000.0,11005000000.0,0.0,150000000.0,69000000.0,1274000000.0,0.1054461182,1227000000.0,0.1015560338,1055000000.0,1077000000.0,0.0891408707,265000000.0,812000000.0,0.067207416,1.95,1.94,416542101,419618956,https://www.sec.gov/Archives/edgar/data/896159/000089615922000014/0000896159-22-000014-index.htm,https://www.sec.gov/Archives/edgar/data/896159/000089615922000014/cb-20220930.htm,29.00547140611844,1.9493827827982264,8.244064625774767,8.244064625774767,5.108727292850525,114.36779112035065,41.40517839275987,114.36779112035065,37.61684584195248,75760677329.88,89151677329.88,23.32533169023399,6.270541080109254,22.061932827571344,22.061932827571347,1.590307884923697,1.590307884923697,7.378884069680517,69.97776870477237,25.96146689862551,25.96146689862551,0.0107179611985827,0.0453269442807057,0.3257625055101912,0.0783348728742977,10.510989010989013,0.0301480484522207,8.18,4.335858585858586,0.0046066114018539,0.4298029556650246,0.0730839265022347,0.0,0.1534089475092246,0.0,0.0,0.0,0.0,70.82583261512143,0.0071711996186507,0.0048414312033818,-356.13206838844843,-68457000000.0,17247000000.0,-148344000000.0,-37607000000.0,0.0,7858500000.0,0.0,0.0,0.0,0.0,0.0,0.0,0.0,0.0170448582044123,0.0,2022-10-25,3.02,amc,11674800000.0,2025-04-25,2022-09-30,0.0496688741721854,189.8925,1621879.765625
2022-06-30,CB,USD,896159,2022-07-29,2022-07-29 14:16:03,2022,Q2,9923000000.0,0.0,9923000000.0,1.0,0,818000000.0,0.0,818000000.0,-9099000000.0,-8281000000.0,8415000000.0,0.0,134000000.0,71000000.0,1686000000.0,0.1699082939,1642000000.0,0.165474151,1481000000.0,1508000000.0,0.1519701703,293000000.0,1215000000.0,0.1224428096,2.88,2.86,421624660,425418346,https://www.sec.gov/Archives/edgar/data/896159/000089615922000011/0000896159-22-000011-index.htm,https://www.sec.gov/Archives/edgar/data/896159/000089615922000011/cb-20220630.htm,23.535150908867617,2.881710002446252,6.45597911659152,6.45597911659152,16.891801347672597,122.54264254846952,60.54437138472878,122.54264254846952,37.75633047649537,82882975662.8,91545975662.8,17.054110218683128,8.352612683946388,30.44929304290963,30.449293042909627,1.6041762762072505,1.6041762762072505,9.225634955436863,54.29773170984579,33.63187937648788,33.63187937648788,0.0146592227207561,0.032841484976048,0.3055141579731744,0.0806793729651266,5.138196915776987,0.1006700025443134,12.25373134328358,2.287394957983193,0.0041021693210346,0.279835390946502,0.0824347475561826,0.0,0.1336052460759209,0.0,0.0,0.0,0.0,89.1374111810395,0.0104682280361565,0.0071676764339777,-324.60625049777684,-63624000000.0,25527000000.0,-136862000000.0,-37051000000.0,0.0,7644500000.0,0.0,0.0,0.0,0.0,0.0,0.0,0.0,0.0235159773162753,0.0,2022-07-26,3.59,amc,9935867236.0,2025-04-25,2022-06-30,0.16991643454039,205.99306451612904,1789437.5161290322
2022-03-31,CB,USD,896159,2022-04-29,2022-04-29 13:41:49,2022,Q1,9638000000.0,0.0,9638000000.0,1.0,0,778000000.0,0.0,778000000.0,-7955000000.0,-7177000000.0,7309000000.0,0.0,132000000.0,71000000.0,2509000000.0,0.2603237186,2461000000.0,0.2553434322,2306000000.0,2329000000.0,0.2416476447,355000000.0,1974000000.0,0.2048142768,4.64,4.59,425805105,429790834,https://www.sec.gov/Archives/edgar/data/896159/000089615922000008/0000896159-22-000008-index.htm,https://www.sec.gov/Archives/edgar/data/896159/000089615922000008/cb-20220331.htm,22.634768552152515,4.635923752017956,5.739715121546042,5.739715121546042,4.072285605875956,133.1548150414965,71.01136093706533,133.1548150414965,38.02443843410473,91079711959.5,105404711959.5,11.53491792800152,9.450063494449056,37.26665792123568,37.26665792123568,1.6064007894370174,1.6064007894370174,10.936367706941274,42.0106464565564,43.12795088359247,43.12795088359247,0.0216733228238333,0.0268336377818889,0.2832375039683939,0.0811101570786403,5.709445994420087,0.0254386479666686,18.64393939393939,1.2514080901177675,0.0037439731929722,0.1727456940222897,0.0807221415231375,0.0,0.1336481640486893,0.0,0.0,0.0,0.0,117.85223934781514,0.0158863653977776,0.0115082580788088,-327.7508849970223,-66430000000.0,30237000000.0,-139558000000.0,-39532000000.0,0.0,7322000000.0,0.0,0.0,0.0,0.0,0.0,0.0,0.0,0.0348160428939292,0.0,2022-04-26,3.48,amc,8972558739.0,2025-04-25,2022-03-31,0.0977011494252873,203.21887096774196,2054455.0806451607
2021-12-31,CB,USD,896159,2022-02-24,2022-02-24 17:10:38,2021,Q4,10483000000.0,3000000.0,10480000000.0,0.9997138224,0,811000000.0,85000000.0,811000000.0,-8620000000.0,-7809000000.0,7938000000.0,0.0,126000000.0,71000000.0,2742000000.0,0.2615663455,2671000000.0,0.2547934752,-6776000000.0,2545000000.0,0.2427740151,404000000.0,2141000000.0,0.2042354288,5.02,4.95,426572612,432800000,https://www.sec.gov/Archives/edgar/data/896159/000089615922000005/0000896159-22-000005-index.htm,https://www.sec.gov/Archives/edgar/data/896159/000089615922000005/cb-20211231.htm,24.57494856702146,5.019075158064766,6.095093606243994,6.095093606243994,3.8891385741379945,139.9855460012515,78.05705069504087,139.9855460012515,38.197482776976784,82460751625.72,96969751625.72,9.628765953493694,7.866140572900887,31.7156737022,31.7156737022,1.380928285255049,1.380928285255049,9.250190940162168,35.36460671981036,37.29605831758462,37.29605831758462,0.0259638671463699,0.0315301516023174,0.2707572763506045,0.0808181790916452,5.291393143690737,0.0246610774170531,21.1984126984127,1.2143858010275572,0.0041838085779998,0.1611396543671181,0.0773633501860154,0.0,0.1320493466763973,0.0,0.0,0.0,0.0,125.73167647620792,0.0167960953221366,0.0123303213024873,-325.10526015673975,-65613000000.0,33297000000.0,-138681000000.0,-36751000000.0,0.0,7173500000.0,0.0,0.0,217290.0,0.0,0.0,0.0004141930139444,0.0,0.0358542385370264,0.0,2022-02-01,3.29,amc,8868613040.0,2025-04-25,2021-12-31,0.1580547112462006,187.84640625,1661417.515625
2021-09-30,CB,USD,896159,2021-10-28,2021-10-28 09:59:06,2021,Q3,10845000000.0,24000000.0,10821000000.0,0.9977869986,0,806000000.0,0.0,806000000.0,-9454000000.0,-8648000000.0,8794000000.0,0.0,122000000.0,71000000.0,2244000000.0,0.2069156293,2173000000.0,0.2003688336,-7858000000.0,2051000000.0,0.1891194099,218000000.0,1833000000.0,0.1690179806,4.21,4.18,435318088,438441638,https://www.sec.gov/Archives/edgar/data/896159/000089615921000013/0000896159-21-000013-index.htm,https://www.sec.gov/Archives/edgar/data/896159/000089615921000013/cb-20210930.htm,24.91281731440482,4.210714074440205,7.631201394048207,7.631201394048207,3.721416694267939,136.2635774509788,74.83263594597062,136.2635774509788,34.33121759002121,75518981906.23999,88721981906.23999,10.299915699159849,6.963483808781926,22.73298672674292,22.73298672674292,1.2731208386365014,1.2731208386365014,8.180911194674042,39.5374250919073,26.707399730957253,26.707399730957253,0.0242720433158877,0.0439889404775663,0.2498904211200647,0.07446722999789,5.883689839572193,0.0242293713824202,17.811475409836067,1.812329514457174,0.004674321489639,0.1925804691762138,0.0743199631166436,0.0,0.1343454539974077,0.0,0.0,0.0,0.0,113.62111017167634,0.0146908888291491,0.0106376804865592,-317.27604206513007,-65241000000.0,32576000000.0,-138116000000.0,-38065000000.0,0.0,7314500000.0,0.0,0.0,26640.0,0.0,0.0,0.0033783783783783,0.0,0.0309012441417444,0.0,2021-10-26,2.48,amc,9189140000.0,2025-04-25,2021-09-30,0.0645161290322581,175.2978125,1700222.21875
2021-06-30,CB,USD,896159,2021-07-29,2021-07-29 16:57:50,2021,Q2,9664000000.0,0.0,9664000000.0,1.0,0,775000000.0,0.0,775000000.0,-7750000000.0,-6975000000.0,8636000000.0,0.0,122000000.0,73000000.0,2777000000.0,0.2873551325,2704000000.0,0.2798013245,-6343000000.0,1028000000.0,0.1063741722,317000000.0,2265000000.0,0.234375,5.09,5.06,445094678,447951920,https://www.sec.gov/Archives/edgar/data/896159/000089615921000009/0000896159-21-000009-index.htm,https://www.sec.gov/Archives/edgar/data/896159/000089615921000009/cb-20210630.htm,21.71223444734156,5.088804948595678,7.014237990956162,7.014237990956162,4.140692061925755,134.94207630134818,74.14602247839053,134.94207630134818,33.871445211933086,70743348121.31999,83854348121.31999,7.80831656968212,7.320296784076986,22.659624638475336,22.65962463847533,1.1778387020299024,1.1778387020299024,8.676981386725993,30.19602020933381,26.85917620798206,26.85917620798206,0.032017144511109,0.04413135768816,0.2489760580733242,0.0758416424072139,4.721281958948506,0.0279823269513991,22.16393442622951,1.378366445916115,0.0049615972288738,0.1549668874172185,0.080194536423841,0.0,0.1372391897511842,0.0,0.0,0.0,0.0,124.3004942760153,0.0142423634602344,0.0133146007971125,-303.910621011739,-64020000000.0,33002000000.0,-135269000000.0,-36531000000.0,0.0,7045500000.0,0.0,0.0,0.0,0.0,0.0,0.0,0.0,0.0377110319336685,0.0,2021-07-27,3.01,amc,9189140000.0,2025-04-25,2021-06-30,0.2026578073089702,165.7368253968254,2037141.126984127
2021-03-31,CB,USD,896159,2021-04-30,2021-04-30 13:12:56,2021,Q1,9971000000.0,0.0,9971000000.0,1.0,0,744000000.0,0.0,744000000.0,-7959000000.0,-7215000000.0,8313000000.0,0.0,122000000.0,72000000.0,2832000000.0,0.2840236686,2760000000.0,0.2768027279,-6593000000.0,1658000000.0,0.1662822184,338000000.0,2300000000.0,0.2306689399,5.1,5.07,450539568,453335539,https://www.sec.gov/Archives/edgar/data/896159/000089615921000006/0000896159-21-000006-index.htm,https://www.sec.gov/Archives/edgar/data/896159/000089615921000006/cb-20210331.htm,22.131241533928936,5.104990023872887,4.672175652283664,4.672175652283664,3.737740521826931,131.12277854361506,71.50093418653964,131.12277854361506,33.29563276005094,71171735556.96,84366735556.96,7.7360582127130435,7.137873388522716,33.81080073964846,33.81080073964846,1.2047487229494211,1.2047487229494211,8.461211067792599,29.79051396785311,40.079209290717344,40.079209290717344,0.0323161994294669,0.0295763477387077,0.2518620082605457,0.0775040760091052,4.659251412429379,0.0265665425632611,22.62295081967213,0.915217391304348,0.0049457835648575,0.1530434782608695,0.074616387523819,0.0,0.1399230116107658,0.0,0.0,0.0,0.0,122.72351330642428,0.0170881350678615,0.0139296853708021,-291.24411998370806,-61704000000.0,32214000000.0,-131217000000.0,-34394000000.0,0.0,6637000000.0,0.0,0.0,0.0,0.0,0.0,0.0,0.0,0.038932899993229,0.0,2021-04-27,2.45,amc,7694290000.0,2025-04-25,2021-03-31,0.0285714285714285,161.12622950819673,1960997.7213114756
2020-12-31,CB,USD,896159,2021-02-25,2021-02-25 16:51:27,2020,Q4,9848000000.0,-50000000.0,9898000000.0,1.005077173,0,778000000.0,99000000.0,778000000.0,-7798000000.0,-7020000000.0,7096000000.0,0.0,126000000.0,73000000.0,2951000000.0,0.2996547522,2878000000.0,0.2922420796,-6269000000.0,2752000000.0,0.2794476036,334000000.0,2418000000.0,0.2455320877,5.36,5.34,450732625,453300000,https://www.sec.gov/Archives/edgar/data/896159/000089615921000003/0000896159-21-000003-index.htm,https://www.sec.gov/Archives/edgar/data/896159/000089615921000003/cb-20201231.htm,21.848873264942824,5.364599467367156,5.644144352763459,5.644144352763459,3.875912022121762,131.8764089908069,72.24904121373508,131.8764089908069,33.44333017828474,69376765640.0,82577765640.0,7.172949301075269,7.044756868399675,27.27074121069182,27.270741210691824,1.167153406571222,1.167153406571222,8.385232091795288,27.982977173839377,32.45981353773585,32.45981353773585,0.034853167017718,0.0366693370111971,0.2514762537642368,0.0783544927505844,4.473398847848187,0.0282275004039424,22.84126984126984,1.0521091811414391,0.0050881587912549,0.1459884201819685,0.0790008123476848,0.0,0.1408787360961137,0.0,0.0,0.0,0.0,126.16632891617104,0.0196200292420875,0.0147530781339613,-287.50082157909026,-60143000000.0,32565000000.0,-129586000000.0,-30794000000.0,0.0,6564000000.0,0.0,0.0,-12074.4,0.0,0.0,-0.0074537865235539,0.0,0.0406789926145253,0.0,2021-02-02,2.87,amc,8590808510.0,2025-04-25,2020-12-31,0.1080139372822299,140.1709375,1902911.375
2020-09-30,CB,USD,896159,2020-10-30,2020-10-30 13:04:59,2020,Q3,9464000000.0,-24000000.0,9488000000.0,1.0025359256,0,733000000.0,0.0,733000000.0,-8755000000.0,-8022000000.0,8128000000.0,0.0,130000000.0,72000000.0,1538000000.0,0.1625105664,1466000000.0,0.1549027895,-7419000000.0,1336000000.0,0.1411665258,142000000.0,1194000000.0,0.1261622992,2.64,2.63,451794046,453265480,https://www.sec.gov/Archives/edgar/data/896159/000089615920000014/0000896159-20-000014-index.htm,https://www.sec.gov/Archives/edgar/data/896159/000089615920000014/cb-20200930.htm,20.947597879587818,2.642797112027457,7.8442822152640765,7.8442822152640765,3.7782702430744295,124.8644166505904,65.84637461114306,124.8644166505904,35.98985011856487,52462324621.52,66885324621.52,10.98457383197655,5.543356363220626,14.803139001557565,14.803139001557565,0.929968706176236,0.929968706176236,7.067341992975487,43.48850755625488,18.872834261151244,18.872834261151244,0.0227591897349936,0.0675532398834315,0.2859270026412351,0.0858956471728456,9.3777633289987,0.0270013761685569,11.276923076923078,2.9681742043551087,0.0068048833629754,0.2989949748743719,0.077451394759087,0.0,0.1419914157604933,0.0,0.0,0.0,0.0,86.1673064084134,0.0104092624336048,0.0074105336328992,-287.00245421118274,-61512000000.0,29749000000.0,-129666000000.0,-34378000000.0,0.0,6334500000.0,0.0,0.0,-24075.0,0.0,0.0,-0.0037383177570093,0.0,0.0211653342314714,0.0,2020-10-27,2.19,amc,10363080000.0,2025-04-25,2020-09-30,-0.0867579908675798,125.6096875,1676733.171875
2020-06-30,CB,USD,896159,2020-07-31,2020-07-31 09:05:25,2020,Q2,8985000000.0,0.0,8985000000.0,1.0,0,727000000.0,0.0,727000000.0,-10017000000.0,-9290000000.0,9378000000.0,0.0,128000000.0,72000000.0,-193000000.0,-0.0214802449,-265000000.0,-0.0294936004,-393000000.0,-393000000.0,-0.0437395659,-62000000.0,-331000000.0,-0.0368391764,-0.73,-0.73,451402807,451402807,https://www.sec.gov/Archives/edgar/data/896159/000089615920000010/0000896159-20-000010-index.htm,https://www.sec.gov/Archives/edgar/data/896159/000089615920000010/cb-20200630.htm,19.90461703088169,-0.7332696980769994,4.397402872153607,4.397402872153607,3.449247492162804,121.3107210474214,62.32570902023655,121.3107210474214,33.41583119575063,57156623422.34,70555623422.34,-43.16965515282477,6.361338166092376,28.794268726619645,28.79426872661965,1.043765950006209,1.043765950006209,7.8526013825642735,-365.5731783540933,35.54439467120403,35.54439467120403,-0.0057911048655583,0.0347291334082578,0.2731190650109569,0.0824140097204007,-69.42487046632124,0.0254071342319114,-2.0703125,-5.996978851963746,0.0059310711462969,-1.0241691842900302,0.0809126321647189,0.0,0.1467207423652975,0.0,0.0,0.0,0.0,,-0.0018371035477555,-0.0021375800785286,-277.2623432091329,-59725000000.0,28134000000.0,-125157000000.0,-32616000000.0,0.0,6166500000.0,0.0,0.0,0.0,0.0,0.0,0.0,0.0,-0.006044558071585,0.0,2020-07-28,-0.66,amc,9579428571.0,2025-04-25,2020-06-30,-0.1515151515151514,115.88888888888889,3080054.4603174604
2020-03-31,CB,USD,896159,2020-04-29,2020-04-29 16:54:19,2020,Q1,7697000000.0,56000000.0,7641000000.0,0.9927244381,0,741000000.0,0.0,741000000.0,-7783000000.0,-7042000000.0,7230000000.0,0.0,132000000.0,73000000.0,672000000.0,0.0873067429,599000000.0,0.0778225283,-6433000000.0,467000000.0,0.0606729895,215000000.0,252000000.0,0.0327400286,0.56,0.55,451868658,454520268,https://www.sec.gov/Archives/edgar/data/896159/000089615920000006/0000896159-20-000006-index.htm,https://www.sec.gov/Archives/edgar/data/896159/000089615920000006/cb-3312020x10q.htm,17.03371071157584,0.5576841755641304,3.7887115419277433,3.7887115419277433,3.3461050533847825,115.51365441238458,57.257788390360105,115.51365441238458,33.06713075904459,50469210412.02,63767210412.02,50.06866112303571,6.556997585035727,29.47967897898364,29.47967897898364,0.9668986802310476,0.9668986802310476,8.284683696507729,94.89168216074404,37.24720234346962,37.24720234346962,0.0049931433034661,0.0339216719664047,0.2837327815774852,0.08554413811826,19.78869047619047,0.0263185378590078,4.537878787878788,6.7936507936507935,0.0067169665868056,1.3452380952380951,0.0962712745225412,0.0,0.152050229022625,0.0,0.0,0.0,0.0,38.07168351105369,0.0027631852591165,0.001716586173307,-264.27590824411635,-55938000000.0,25873000000.0,-119418000000.0,-29105000000.0,0.0,6134000000.0,0.0,0.0,9777.857142857143,0.0,0.0,0.0092044707429322,0.0,0.0048278636703258,0.0,2020-04-21,2.61,amc,7474097014.0,2025-04-25,2020-03-31,0.0268199233716476,143.4016129032258,2437996.483870968
2019-12-31,CB,USD,896159,2020-02-27,2020-02-27 14:44:51,2019,Q4,8762000000.0,0.0,8762000000.0,1.0,0,810000000.0,109000000.0,810000000.0,-8096000000.0,-7286000000.0,7420000000.0,0.0,134000000.0,76000000.0,1552000000.0,0.1771285095,1476000000.0,0.1684546907,-6501000000.0,1342000000.0,0.1531613787,169000000.0,1173000000.0,0.1338735449,2.6,2.57,451971567,455900000,https://www.sec.gov/Archives/edgar/data/896159/000089615920000003/0000896159-20-000003-index.htm,https://www.sec.gov/Archives/edgar/data/896159/000089615920000003/cb-12312019x10k.htm,19.386175236992287,2.5952960001132106,3.1617033113058635,3.1617033113058635,3.400656395715264,122.42141771719017,62.88891177085925,122.42141771719017,33.17022816171974,70353894119.22,83674894119.22,14.994436086790282,8.029433248027848,49.23295599665501,49.23295599665501,1.2715095356892157,1.2715095356892157,9.549748244603972,53.91423590155928,58.55485942562631,58.55485942562631,0.0166728510864268,0.0203115977855959,0.2685293958178959,0.0839705441865459,8.58311855670103,0.0269120324975486,11.014925373134329,1.2182438192668372,0.0048327104598338,0.2898550724637681,0.0924446473407897,0.0,0.152065919533409,0.0,0.0,0.0,0.0,84.54996069730768,0.0106507486691085,0.0078181236503239,-265.66936676350707,-55575000000.0,28424000000.0,-120075000000.0,-26217000000.0,0.0,6262500000.0,0.0,0.0,0.0,0.0,0.0,0.0,0.0,0.0211996891435181,0.0,2020-02-04,2.12,amc,7378157894.0,2025-04-25,2019-12-31,0.0754716981132074,153.0175,1550411.171875
2019-09-30,CB,USD,896159,2019-10-31,2019-10-31 12:37:31,2019,Q3,9079000000.0,41000000.0,9038000000.0,0.9954840842,0,752000000.0,0.0,752000000.0,6832000000.0,7584000000.0,7758000000.0,0.0,138000000.0,76000000.0,1535000000.0,0.1690714836,1459000000.0,0.1607005177,-6965000000.0,1321000000.0,0.1455006058,230000000.0,1091000000.0,0.1201674193,2.4,2.38,454975143,458150369,https://www.sec.gov/Archives/edgar/data/896159/000089615919000016/0000896159-19-000016-index.htm,https://www.sec.gov/Archives/edgar/data/896159/000089615919000016/cb-93019x10q.htm,19.954936307366577,2.397933198737409,4.84641860973051,4.84641860973051,3.248529117996233,119.94501422685414,61.04069733761257,119.94501422685414,29.524689879596345,73451187085.92,85268187085.92,16.8311611104308,8.09022877915189,33.31119595733333,33.31119595733333,1.3459500675423297,1.3459500675423297,9.391803842484856,55.549307547830615,38.67037963080272,38.67037963080272,0.0148534018752317,0.0300199368789055,0.2436231034230008,0.075907232740311,7.698371335504886,0.026292382680471,10.57246376811594,2.0210815765352885,0.0046697679589408,0.3143904674610449,0.082828505341998,0.0,0.1530134514810331,0.0,0.0,0.0,0.0,80.44534145521479,0.0101314405293544,0.0073543290101652,-261.7681467490632,-54736000000.0,27772000000.0,-119098000000.0,-27359000000.0,0.0,6356000000.0,0.0,0.0,13919.268292682927,0.0,0.0,0.006465857120328,0.0,0.0199919372572014,0.0,2019-10-29,2.61,amc,8049433333.0,2025-04-25,2019-09-30,0.0344827586206897,154.72828125,1520464.765625
2019-06-30,CB,USD,896159,2019-07-31,2019-07-31 15:46:22,2019,Q2,8524000000.0,0.0,8524000000.0,1.0,0,758000000.0,0.0,758000000.0,6267000000.0,7025000000.0,7166000000.0,0.0,140000000.0,77000000.0,1575000000.0,0.1847724073,1498000000.0,0.1757390896,-6408000000.0,1358000000.0,0.1593148756,208000000.0,1150000000.0,0.1349131863,2.52,2.5,457224455,460169692,https://www.sec.gov/Archives/edgar/data/896159/000089615919000013/0000896159-19-000013-index.htm,https://www.sec.gov/Archives/edgar/data/896159/000089615919000013/cb-63019x10q.htm,18.642922325753556,2.515176052864452,3.0313339211044608,3.0313339211044608,2.777629206206829,117.67087130105496,58.70858329307867,117.67087130105496,29.5697219432412,67596063427.200005,79706063427.20001,14.694796397217392,7.930087215767246,48.77060853333333,48.77060853333334,1.256385699921936,1.256385699921936,9.350781725387144,50.60702439822223,57.50798227070708,57.50798227070708,0.0170128250329034,0.0205041526048732,0.2486896397903423,0.0766691879254624,7.688888888888889,0.0221706265384145,10.7,1.2052173913043478,0.0049559099008892,0.2913043478260869,0.0889253871421867,0.0,0.1544786724426413,0.0,0.0,0.0,0.0,81.6037164984686,0.0108208158200415,0.0077935984060397,-261.23712039855786,-56013000000.0,26843000000.0,-119444000000.0,-28453000000.0,0.0,6420000000.0,0.0,0.0,0.0,0.0,0.0,0.0,0.0,0.0213746700866138,0.0,2019-07-23,2.56,amc,7769600000.0,2025-04-25,2019-06-30,0.015625,144.3836507936508,1386214.2698412698
2019-03-31,CB,USD,896159,2019-05-02,2019-05-02 15:28:29,2019,Q1,7906000000.0,0.0,7906000000.0,1.0,0,710000000.0,0.0,710000000.0,5795000000.0,6505000000.0,6678000000.0,0.0,140000000.0,76000000.0,1444000000.0,0.1826460916,1368000000.0,0.1730331394,-5968000000.0,1228000000.0,0.1553250696,188000000.0,1040000000.0,0.1315456615,2.27,2.25,458805185,461536940,https://www.sec.gov/Archives/edgar/data/896159/000089615919000009/0000896159-19-000009-index.htm,https://www.sec.gov/Archives/edgar/data/896159/000089615919000009/cb-33119x10q.htm,17.231714589276056,2.2667572948200228,2.881397253607759,2.881397253607759,2.7702389631887008,114.11161362529066,55.88210604027938,114.11161362529066,27.72418537510643,64902581470.100006,76211581470.1,15.601582084158654,8.209281744257527,49.094237118078674,49.094237118078674,1.2396634795167607,1.2396634795167607,9.639714327105995,52.77810351114959,57.64870005302572,57.64870005302572,0.0160240159396297,0.0203689894924908,0.2402826855123674,0.0734182681926149,7.831717451523546,0.0221954456552109,9.771428571428572,1.271153846153846,0.0051769897651111,0.3230769230769231,0.0898052112319757,0.0,0.1559175240885454,0.0,0.0,0.0,0.0,76.28843283026764,0.0101554725528282,0.0071907129177009,-256.581668753373,-55993000000.0,25639000000.0,-117721000000.0,-28669000000.0,0.0,6453000000.0,0.0,0.0,0.0,0.0,0.0,0.0,0.0,0.0198643873555534,0.0,2019-04-30,2.56,amc,7193196850.0,2025-04-25,2019-03-31,-0.0078125,133.0206557377049,1609785.0983606558
2018-12-31,CB,USD,896159,2019-02-28,2019-02-28 17:28:33,2018,Q4,7626000000.0,20000000.0,7606000000.0,0.9973773931,0,728000000.0,114000000.0,728000000.0,6211000000.0,6939000000.0,7112000000.0,0.0,153000000.0,86000000.0,753000000.0,0.0987411487,667000000.0,0.0874639392,-6250000000.0,514000000.0,0.0674009966,159000000.0,355000000.0,0.046551272,0.77,0.76,460636999,463420222,https://www.sec.gov/Archives/edgar/data/896159/000089615919000005/0000896159-19-000005-index.htm,https://www.sec.gov/Archives/edgar/data/896159/000089615919000005/cb-12312018x10k.htm,16.55533536506042,0.7706719190396601,3.436545486872625,3.436545486872625,2.7071207973026934,109.2226636358405,51.37885157158208,109.2226636358405,27.67689097418768,59505087530.82,70854087530.82,41.904991218887325,7.802922571573564,37.59007424562224,37.59007424562223,1.1827215680318812,1.1827215680318812,9.29112084065303,94.09573377266932,44.75937304536956,44.75937304536956,0.0059658764440289,0.0266027673546417,0.250357767530609,0.0750785296624565,15.07171314741036,0.0219519064887511,4.359477124183006,4.459154929577465,0.0056465760146302,0.9464788732394366,0.095462890112772,0.0,0.1588176740914699,0.0,0.0,0.0,0.0,43.51935081322183,0.0041515000786345,0.0025154826183694,-252.2854226913718,-55559000000.0,23667000000.0,-116212000000.0,-27214000000.0,0.0,6375000000.0,0.0,0.0,28966.5,0.0,0.0,0.0031070374398011,0.0,0.0070559707425663,0.0,2019-02-05,1.93,amc,7280222772.0,2025-04-25,2018-12-31,0.0466321243523316,129.22857142857143,1881954.0634920637
2018-09-30,CB,USD,896159,2018-10-30,2018-10-30 15:43:15,2018,Q3,8750000000.0,14000000.0,8736000000.0,0.9984,0,719000000.0,0.0,719000000.0,6437000000.0,7156000000.0,7336000000.0,0.0,164000000.0,83000000.0,1661000000.0,0.1898285714,1578000000.0,0.1803428571,-6603000000.0,1414000000.0,0.1616,183000000.0,1231000000.0,0.1406857143,2.66,2.64,462981973,466016498,https://www.sec.gov/Archives/edgar/data/896159/000089615918000019/0000896159-18-000019-index.htm,https://www.sec.gov/Archives/edgar/data/896159/000089615918000019/cb-93018x10q.htm,18.89922396611325,2.658850823118333,3.671849227702004,3.671849227702004,2.274386609864829,110.01292268457286,52.40592812454925,110.01292268457286,27.674943620321045,61655309344.41,73251309344.41,12.521386950530056,7.046321067932571,36.26782902612353,36.26782902612353,1.2104941560531275,1.2104941560531275,8.371578210789714,44.10072808212523,43.08900549671176,43.08900549671176,0.0199658393265625,0.0275726456987459,0.248340990301174,0.0754335535888933,6.981336544250452,0.0180583423367803,9.621951219512194,1.380991064175467,0.0055145291397491,0.2761982128350934,0.0821714285714285,0.0,0.1590551275017294,0.0,0.0,0.0,0.0,81.12600616173846,0.01256045921829,0.0087296915887187,-249.8952588808463,-57258000000.0,24263000000.0,-115697000000.0,-30587000000.0,0.0,6380500000.0,0.0,0.0,40583.57142857143,0.0,0.0,0.0022176461270394,0.0,0.0241685318254996,0.0,2018-10-23,2.36,amc,7743933609.0,2025-04-25,2018-09-30,0.0211864406779662,135.26444444444445,1428083.857142857
2018-06-30,CB,USD,896159,2018-08-01,2018-08-01 15:38:04,2018,Q2,8500000000.0,0.0,8500000000.0,1.0,0,747000000.0,0.0,747000000.0,6071000000.0,6818000000.0,6988000000.0,0.0,167000000.0,85000000.0,1764000000.0,0.2075294118,1679000000.0,0.1975294118,-6241000000.0,1512000000.0,0.1778823529,218000000.0,1294000000.0,0.1522352941,2.78,2.76,465276597,468380324,https://www.sec.gov/Archives/edgar/data/896159/000089615918000013/0000896159-18-000013-index.htm,https://www.sec.gov/Archives/edgar/data/896159/000089615918000013/cb-63018x10q.htm,18.268703078568983,2.7811413863139136,3.537680619685241,3.537680619685241,2.149259185713998,109.5498899550282,51.54998156935024,109.5498899550282,27.835055714181987,59099433350.94,70883433350.94,11.417973985884853,6.952874511875294,35.90488052912515,35.90488052912515,1.1594717260979772,1.1594717260979772,8.339227453051764,40.18335223976191,43.064054283681656,43.064054283681656,0.0218953029941262,0.0278513668688808,0.2508092837103451,0.0763068988981341,6.680272108843537,0.0170062242780857,10.053892215568862,1.2720247295208655,0.0056007305185902,0.2557959814528593,0.0878823529411764,0.0,0.161077751381809,0.0,0.0,0.0,0.0,82.7958875092926,0.0132152628266927,0.0092068190226826,-248.3748392786667,-57802000000.0,23985000000.0,-115563000000.0,-30816000000.0,0.0,6298000000.0,0.0,0.0,0.0,0.0,0.0,0.0,0.0,0.0253869847560377,0.0,2018-07-24,2.62,amc,7492417910.0,2025-04-25,2018-06-30,0.0229007633587786,132.88,1763010.09375
2018-03-31,CB,USD,896159,2018-05-02,2018-05-02 16:39:23,2018,Q1,7837000000.0,0.0,7837000000.0,1.0,0,692000000.0,0.0,692000000.0,5755000000.0,6447000000.0,6620000000.0,0.0,157000000.0,85000000.0,1459000000.0,0.1861681766,1374000000.0,0.1753221896,-5928000000.0,1217000000.0,0.1552890137,135000000.0,1082000000.0,0.1380630343,2.32,2.3,465703240,469473591,https://www.sec.gov/Archives/edgar/data/896159/000089615918000006/0000896159-18-000006-index.htm,https://www.sec.gov/Archives/edgar/data/896159/000089615918000006/cb-33118x10q.htm,16.828313240852694,2.3233679885929077,1.183156896224299,1.183156896224299,4.26881290325573,110.12807211734236,51.53496462682974,110.12807211734236,31.37620429696817,63694232134.8,76161232134.8,14.71678191654344,8.127374267551358,115.59751748602542,115.5975174860254,1.2419176815723283,1.2419176815723283,9.71816155860661,52.200981586566144,138.22365178729584,138.22365178729584,0.016987409436228,0.0086507048053249,0.2818453019283639,0.0856435262262932,8.544893762851268,0.0334539335296592,8.751592356687897,0.5092421441774492,0.0051810028779623,0.3049907578558225,0.0882990940410871,0.0,0.1616710411716958,0.0,0.0,0.0,0.0,75.87510027383752,0.0110027851700104,0.0076469673625736,-248.0249010077748,-57437000000.0,24000000000.0,-115506000000.0,-30150000000.0,0.0,6008000000.0,0.0,0.0,0.0,0.0,0.0,0.0,0.0,0.0210969641429602,0.0,2018-04-24,2.26,amc,6786760683.0,2025-04-25,2018-03-31,0.0353982300884956,144.82360655737705,1780198.508196721
2017-12-31,CB,USD,896159,2018-02-23,2018-02-23 15:38:08,2017,Q4,8042000000.0,0.0,8042000000.0,1.0,0,737000000.0,116000000.0,737000000.0,5894000000.0,6631000000.0,6891000000.0,0.0,156000000.0,66000000.0,1373000000.0,0.1707286745,1307000000.0,0.1625217608,-6038000000.0,1151000000.0,0.1431236011,-382000000.0,1533000000.0,0.1906242228,3.29,3.27,465429008,469484754,https://www.sec.gov/Archives/edgar/data/896159/000089615918000002/0000896159-18-000002-index.htm,https://www.sec.gov/Archives/edgar/data/896159/000089615918000002/cb-12312017x10k.htm,17.278682380707995,3.293735400351325,2.346222476962588,2.346222476962588,1.5641483179750584,109.94587599920288,51.674905488486445,109.94587599920288,27.34036723383601,68013140939.04,79854140939.04001,11.091510264031312,8.457242096374037,62.28309609802197,62.28309609802198,1.3291085151848667,1.3291085151848667,9.929637023009205,58.16033571670795,73.12650269142858,73.12650269142858,0.0225397618582859,0.0160557207757653,0.2456226061127178,0.075253559411335,8.624180626365623,0.0126123941026662,8.378205128205128,0.7123287671232876,0.0048520035311378,0.2152641878669275,0.0916438696841581,0.0,0.1623798062530684,0.0,0.0,0.0,0.0,90.26618435370612,0.0157801739531702,0.0109577486937191,-247.34599266747892,-56993000000.0,24051000000.0,-115122000000.0,-28572000000.0,0.0,5847500000.0,0.0,0.0,0.0,0.0,0.0,0.0,0.0,0.0299577894160869,0.0,2018-01-30,2.31,amc,7249657894.0,2025-04-25,2017-12-31,0.3722943722943722,149.4026984126984,1394437.1904761903
2017-09-30,CB,USD,896159,2017-11-01,2017-11-01 17:01:25,2017,Q3,8610000000.0,0.0,8610000000.0,1.0,0,714000000.0,0.0,714000000.0,7851000000.0,8565000000.0,8765000000.0,0.0,150000000.0,65000000.0,60000000.0,0.0069686411,-5000000.0,-0.0005807201,-155000000.0,-155000000.0,-0.0180023229,-85000000.0,-70000000.0,-0.0081300813,-0.15,-0.15,466370784,466370784,https://www.sec.gov/Archives/edgar/data/896159/000089615917000020/0000896159-17-000020-index.htm,https://www.sec.gov/Archives/edgar/data/896159/000089615917000020/cb-93017x10q.htm,18.461705354167297,-0.1500951654810349,3.797407686670184,3.797407686670184,2.332907714905229,108.56168897578284,50.03529552142786,108.22075852847593,27.29373373440134,66481155259.200005,77972155259.20001,-237.4326973542857,7.72138853184669,37.53876638012422,37.53876638012423,1.3172149404450082,1.3172149404450082,9.05599944938444,1299.535920986667,44.02719099898364,44.02719099898364,-0.0010529299577764,0.0266391279317445,0.2492322323710645,0.0750635524949575,191.51666666666668,0.0183269885119428,-0.0333333333333333,-25.3,0.0049938963711683,-4.742857142857143,0.0829268292682926,0.0,0.1628793755743594,0.0,0.0,0.0,0.0,,-2.067218870046353e-05,-0.0004989913246793,-248.4289410376101,-58278000000.0,23335000000.0,-115860000000.0,-30983000000.0,0.0,5834000000.0,0.0,0.0,0.0,0.0,0.0,0.0,0.0,-0.0013869350716252,0.0,2017-10-26,-0.26,amc,14412923076.0,2025-04-25,2017-09-30,-0.5,144.70079365079366,1522532.349206349
2017-06-30,CB,USD,896159,2017-08-03,2017-08-03 14:59:49,2017,Q2,8108000000.0,0.0,8108000000.0,1.0,0,706000000.0,0.0,706000000.0,5678000000.0,6384000000.0,6603000000.0,0.0,147000000.0,65000000.0,1717000000.0,0.2117661569,1652000000.0,0.2037493833,-5913000000.0,1505000000.0,0.1856191416,200000000.0,1305000000.0,0.160952146,2.79,2.77,467981077,471853937,https://www.sec.gov/Archives/edgar/data/896159/000089615917000015/0000896159-17-000015-index.htm,https://www.sec.gov/Archives/edgar/data/896159/000089615917000015/cb-63017x10q.htm,17.325486859375726,2.78857429100707,1.3397977628056956,1.3397977628056956,2.7714795827097087,107.5876835079808,50.11527421225196,107.5876835079808,27.214775609399265,68035088974.26,79327088974.26,13.033541949091951,8.391106188241242,108.50891383454544,108.50891383454544,1.3512699154751833,1.3512699154751833,9.7838047575555,46.20098367749563,126.51848321253588,126.51848321253588,0.0191812786559848,0.0092158327335651,0.2500347573933941,0.077238815127494,6.576587070471753,0.0228534174404877,11.238095238095235,0.4804597701149425,0.0047328518982583,0.2467432950191571,0.087074494326591,0.0,0.1650182835546175,0.0,0.0,0.0,0.0,82.16060848019332,0.0133679098545038,0.0095891014901684,-237.9198764056009,-55456000000.0,23453000000.0,-111342000000.0,-28560000000.0,0.0,5819000000.0,0.0,0.0,0.0,0.0,0.0,0.0,0.0,0.0259190847881785,0.0,2017-07-25,2.47,amc,7150156000.0,2025-04-25,2017-06-30,0.0121457489878541,140.75063492063492,1366247.2857142857
2017-03-31,CB,USD,896159,2017-05-04,2017-05-04 15:19:44,2017,Q1,7510000000.0,0.0,7510000000.0,1.0,0,676000000.0,0.0,676000000.0,5348000000.0,6024000000.0,6289000000.0,0.0,154000000.0,64000000.0,1439000000.0,0.1916111851,1375000000.0,0.1830892144,-5643000000.0,1221000000.0,0.1625832224,128000000.0,1093000000.0,0.145539281,2.33,2.31,468903086,472731690,https://www.sec.gov/Archives/edgar/data/896159/000089615917000010/0000896159-17-000010-index.htm,https://www.sec.gov/Archives/edgar/data/896159/000089615917000010/cb-3311710xq.htm,16.016102738978347,2.330972076391922,2.1603611284400888,2.1603611284400888,2.2669929709099845,104.976916274763,47.79665706870609,104.976916274763,27.19965037722102,63888045467.5,75425045467.5,14.613002165484904,8.507063311251665,63.06815939536032,63.06815939536032,1.297904385411588,1.297904385411588,10.043281686751,52.414903035093815,74.45710312685094,74.45710312685094,0.0171080519368214,0.0158558614931382,0.2559726962457337,0.0782769139016071,8.01737317581654,0.0191936153693371,8.928571428571429,0.9268069533394327,0.0050713712969168,0.2964318389752973,0.0900133155792276,0.0,0.1665683028198326,0.0,0.0,0.0,0.0,74.20047750048256,0.0116575982711003,0.0081472923111326,-236.04024649136133,-54320000000.0,22412000000.0,-110680000000.0,-27508000000.0,0.0,5717000000.0,0.0,0.0,0.0,0.0,0.0,0.0,0.0,0.0222046156346497,0.0,2017-04-25,2.41,amc,6580854838.0,2025-04-25,2017-03-31,0.0290456431535269,134.5,1351220.9516129033
2016-12-31,CB,USD,896159,2017-02-28,2017-02-28 16:56:33,2016,Q4,8168000000.0,11000000.0,8157000000.0,0.9986532811,0,708000000.0,92000000.0,708000000.0,5306000000.0,6014000000.0,6299000000.0,0.0,154000000.0,3000000.0,2026000000.0,0.2480411361,2023000000.0,0.2476738492,-5398000000.0,1869000000.0,0.2288197845,259000000.0,1610000000.0,0.1971106758,3.44,3.41,468258439,471613230,https://www.sec.gov/Archives/edgar/data/896159/000089615917000004/0000896159-17-000004-index.htm,https://www.sec.gov/Archives/edgar/data/896159/000089615917000004/cb-12312016x10k.htm,17.443358879859932,3.438272257171216,3.1072584684373408,3.1072584684373408,2.1035392380830107,103.09477839437294,45.89559570115938,103.09477839437294,28.32623802429752,61866304960.68,73991304960.68,9.606569093273292,7.574229304686582,42.519797223835056,42.51979722383505,1.2815392016712586,1.2815392016712586,9.058680822806071,36.52088102698914,50.85313055716838,50.85313055716838,0.0260238590461036,0.0235184564671309,0.2715691351631279,0.0820472381810671,5.9846989141164855,0.0178613523854425,13.136363636363637,0.903726708074534,0.0052047718092207,0.2,0.0866797257590597,0.0,0.1676241973639743,0.0,0.0,0.0,0.0,89.30581234882311,0.0166540121372524,0.0121050811265996,-236.0363226683887,-54162000000.0,21491000000.0,-110526000000.0,-26178000000.0,0.0,5261000000.0,0.0,0.0,46120.909090909096,0.0,0.0,0.0019513925847081,0.0,0.033350595546349,0.0,2017-01-31,2.42,amc,6280433823.0,2025-04-25,2016-12-31,0.0578512396694215,127.50539682539684,1625745.3333333333
2016-09-30,CB,USD,896159,2016-11-03,2016-11-03 17:29:23,2016,Q3,8527000000.0,0.0,8527000000.0,1.0,0,772000000.0,0.0,772000000.0,5851000000.0,6623000000.0,6890000000.0,0.0,152000000.0,4000000.0,3719000000.0,0.4361440131,1789000000.0,0.2098041515,-289000000.0,1637000000.0,0.1919784215,277000000.0,1360000000.0,0.159493374,2.9,2.88,468021093,471396362,https://www.sec.gov/Archives/edgar/data/896159/000089615916000038/0000896159-16-000038-index.htm,https://www.sec.gov/Archives/edgar/data/896159/000089615916000038/cb-93016x10q.htm,18.219264318499423,2.905851937745892,3.5981284287971183,3.5981284287971183,1.8588905778227391,103.3543161269443,45.497949384088976,103.3543161269443,28.35983291889795,58806850335.450005,71057850335.45001,10.810082782251838,6.896546304145655,34.920932503236344,34.920932503236344,1.2157208785133964,1.2157208785133964,8.333276689978891,19.106708882885187,42.195873120813545,42.195873120813545,0.023126557403469,0.0286361196084131,0.2712519639460845,0.0810889314628267,3.294165098144662,0.0155827407712561,11.769736842105264,1.238235294117647,0.0054585477400835,0.2360294117647058,0.0905359446464172,0.0,0.1673444162907113,0.0,0.0,0.0,0.0,82.20387852964942,0.0140242857555319,0.0100941127571772,-240.51907421189668,-54961000000.0,21294000000.0,-112568000000.0,-27883000000.0,0.0,4914500000.0,0.0,0.0,0.0,0.0,0.0,0.0,0.0,0.0281154386835359,0.0,2016-10-25,2.58,amc,6887166666.0,2025-04-25,2016-09-30,0.1162790697674417,126.8875,1253063.96875
2016-06-30,CB,USD,896159,2016-08-05,2016-08-05 13:48:22,2016,Q2,7897000000.0,0.0,7897000000.0,1.0,0,829000000.0,0.0,829000000.0,5936000000.0,6765000000.0,7016000000.0,0.0,153000000.0,5000000.0,2171000000.0,0.2749145245,1029000000.0,0.1303026466,-251000000.0,881000000.0,0.1115613524,155000000.0,726000000.0,0.0919336457,1.55,1.54,467701328,471157297,https://www.sec.gov/Archives/edgar/data/896159/000089615916000036/0000896159-16-000036-index.htm,https://www.sec.gov/Archives/edgar/data/896159/000089615916000036/cb-63016x10q.htm,16.884707242054272,1.5522726931406106,2.4224861726285285,2.4224861726285285,2.161635940447875,100.97469725379956,42.70674211128176,100.97469725379956,28.402741674490176,61133240582.880005,73253240582.88,21.051391385289257,7.741324627438268,53.956964327343336,53.95696432734334,1.2944827125498666,1.2944827125498666,9.276084662894773,33.74170455222478,64.65422822849074,64.65422822849074,0.0118756995879474,0.0185332887508876,0.2780459916147885,0.0819647572142843,5.58268079226163,0.0,6.725490196078432,1.5606060606060606,0.0051036064344898,0.4297520661157025,0.104976573382297,0.0,0.1701091739855059,0.0,0.0,0.0,0.0,59.38565456418998,0.0052765748460917,0.0054606584380711,-239.3963696421234,1011000000.0,19974000000.0,-111966000000.0,28263000000.0,0.0,4838500000.0,0.0,0.0,0.0,0.0,0.0,0.0,0.0,0.0153728878160335,0.0,2016-07-26,2.26,amc,7306266666.0,2025-04-25,2016-06-30,-0.0044247787610618,123.266875,1579713.96875
2016-03-31,CB,USD,896159,2016-05-10,2016-05-09 18:20:07,2016,Q1,6877000000.0,3000000.0,6874000000.0,0.9995637633,0,772000000.0,0.0,772000000.0,5248000000.0,6020000000.0,6314000000.0,0.0,146000000.0,7000000.0,1573000000.0,0.2287334594,702000000.0,0.1020793951,-294000000.0,563000000.0,0.0818670932,124000000.0,439000000.0,0.063835975,0.98,0.97,446739586,450009742,https://www.sec.gov/Archives/edgar/data/896159/000089615916000030/0000896159-16-000030-index.htm,https://www.sec.gov/Archives/edgar/data/896159/000089615916000030/cb-33116x10q.htm,15.393755591652448,0.9826753969369528,2.2832093505141047,2.2832093505141047,2.442138628834204,102.73770545151557,42.0200058116184,102.73770545151557,29.7309672485572,53229021671.9,65274021671.9,30.3126547106492,7.74015147184819,52.185315364607845,52.185315364607845,1.1597494753883697,1.1597494753883697,9.491641947346226,41.496517273935154,63.994138894019606,63.994138894019606,0.0082473805869656,0.0191624788125396,0.286206070113515,0.0838589412936339,7.6573426573426575,0.0,4.808219178082192,2.323462414578588,0.004095510177582,0.4965831435079726,0.1122582521448306,0.0,0.1731633512933786,0.0,0.0,0.0,0.0,47.6607894228746,0.0034833365268081,0.0033894640940711,-245.45843582350457,1091000000.0,18772000000.0,-109656000000.0,28216000000.0,0.0,4501500000.0,0.0,0.0,141990.0,0.0,0.0,0.000633847454046,0.0,0.0095648953090615,0.0,2016-05-04,2.19,amc,6305097345.0,2025-04-25,2016-03-31,0.0319634703196346,114.91540983606558,2621496.557377049
2015-12-31,CB,USD,896159,2016-02-26,2016-02-26 17:40:22,2015,Q4,4692000000.0,0.0,4692000000.0,1.0,0,570000000.0,78000000.0,570000000.0,3242000000.0,3812000000.0,3942000000.0,0.0,93000000.0,35000000.0,843000000.0,0.1796675192,808000000.0,0.1722080136,-3294000000.0,750000000.0,0.1598465473,67000000.0,683000000.0,0.1455669224,1.53,1.53,446739586,446739586,https://www.sec.gov/Archives/edgar/data/896159/000089615916000027/0000896159-16-000027-index.htm,https://www.sec.gov/Archives/edgar/data/896159/000089615916000027/cb-1231201510k.htm,10.50276301236488,1.5288548886285622,2.607783228773463,2.607783228773463,3.973231958002486,65.08265869235058,44.99937016998534,65.21696512473376,21.35472274892604,52201520624.1,59873520624.1,19.10743800296486,11.125643781777493,44.80817220952789,44.808172209527896,1.7917117083954006,1.7917117083954006,12.76076739644075,71.02434237734282,51.39357993484978,51.39357993484978,0.0130839100438901,0.0223173575419209,0.3242491848292432,0.0923406251832737,9.100830367734282,0.0,8.688172043010752,1.705710102489019,0.0041761235572006,0.3191800878477306,0.1214833759590792,0.0,0.0876976912400054,0.0,0.0,0.0,0.0,47.36468841796093,0.0071923315022253,0.0073178048728223,-159.95000720621164,1775000000.0,20103000000.0,-71456000000.0,11685000000.0,0.0,4247500000.0,0.0,0.0,0.0,0.0,0.0,0.0,0.0,0.0234425948172301,0.0,2016-01-26,2.28,amc,3994882352.0,2025-04-25,2015-12-31,0.043859649122807,113.14984375,2064966.796875
2015-09-30,CB,USD,896159,2015-11-04,2015-11-04 15:57:46,2015,Q3,4871000000.0,51000000.0,4820000000.0,0.9895298707,0,568000000.0,0.0,568000000.0,3566000000.0,4134000000.0,4211000000.0,0.0,68000000.0,51000000.0,1465000000.0,0.3007595976,677000000.0,0.1389858345,-26000000.0,660000000.0,0.1354957914,132000000.0,528000000.0,0.1083966331,1.63,1.62,324210936,327173420,https://www.sec.gov/Archives/edgar/data/896159/000089615915000021/0000896159-15-000021-index.htm,https://www.sec.gov/Archives/edgar/data/896159/000089615915000021/ace-9302015x10q.htm,15.024169326601616,1.628569370651951,2.49220464296738,2.49220464296738,3.201619330940768,89.83965920261247,62.28969401575029,89.83965920261247,19.518157154328687,33523410782.4,38745410782.4,15.872827075000002,6.882244053048655,41.48936978019802,41.489369780198025,1.1509393614996395,1.1509393614996395,7.954303178484911,26.44737937365188,47.95224106732673,47.95224106732673,0.0157501873370594,0.0241025594097425,0.2149208638033439,0.0640343698854337,3.564505119453925,0.0,9.955882352941176,1.5303030303030305,0.0064730883563293,0.4109848484848485,0.1166084992814617,0.0,0.0913666121112929,0.0,0.0,0.0,0.0,57.37575827875086,0.0054234300992359,0.005944071689107,-208.490807972005,1038000000.0,20195000000.0,-67595000000.0,9970000000.0,0.0,4413500000.0,0.0,0.0,7455.882352941177,0.0,0.0,0.0120710059171597,0.0,0.0181275105572149,0.0,2015-10-20,2.39,amc,4081762773.0,2025-04-25,2015-09-30,0.1464435146443514,104.56390625,2751216.171875
2015-06-30,CB,USD,896159,2015-08-04,2015-08-04 10:08:06,2015,Q2,5048000000.0,-6000000.0,5054000000.0,1.0011885895,0,578000000.0,0.0,578000000.0,3314000000.0,3892000000.0,3963000000.0,0.0,71000000.0,55000000.0,2367000000.0,0.4688985737,1101000000.0,0.2181061807,-71000000.0,1085000000.0,0.2149366086,143000000.0,942000000.0,0.1866085578,2.89,2.86,325463196,328685758,https://www.sec.gov/Archives/edgar/data/896159/000089615915000015/0000896159-15-000015-index.htm,https://www.sec.gov/Archives/edgar/data/896159/000089615915000015/ace-6302015x10q.htm,15.510202265696426,2.8943364766810684,2.507195928844747,2.507195928844747,2.4273097840531253,90.80903881986092,62.51398084347454,90.80903881986092,19.44920371272947,33093097769.280003,38562097769.28,8.782669259363058,6.555684978066561,40.55526687411765,40.55526687411765,1.1197123251321266,1.1197123251321266,7.639084344152139,16.291549543422054,47.25747275647058,47.25747275647058,0.0284651502427327,0.0246577097644054,0.2117746574183725,0.0626903044871795,2.3105196451204058,0.0,15.507042253521126,0.8662420382165605,0.0064363874752676,0.2261146496815286,0.1145007923930269,0.0,0.0922375801282051,0.0,0.0,0.0,0.0,76.90070255235051,0.0093768147009047,0.0103937946177356,-213.52644739591383,790000000.0,20346000000.0,-69495000000.0,9999000000.0,0.0,4400000000.0,0.0,0.0,-69030.0,0.0,0.0,-0.0013037809647979,0.0,0.0318727795635256,0.0,2015-07-21,2.29,amc,4160166666.0,2025-04-25,2015-06-30,0.0480349344978165,107.68571428571428,1403222.5873015872
2015-03-31,CB,USD,896159,2015-04-29,2015-04-29 14:34:26,2015,Q1,4389000000.0,0.0,4389000000.0,1.0,0,554000000.0,0.0,554000000.0,2966000000.0,3520000000.0,3588000000.0,0.0,68000000.0,30000000.0,1768000000.0,0.4028252449,839000000.0,0.1911597175,-68000000.0,801000000.0,0.1825017088,120000000.0,681000000.0,0.1551606288,2.08,2.05,328212376,331692720,https://www.sec.gov/Archives/edgar/data/896159/000089615915000011/0000896159-15-000011-index.htm,https://www.sec.gov/Archives/edgar/data/896159/000089615915000011/ace-3312015x10q.htm,13.372439069756467,2.0748760552527123,3.2753182957366604,3.2753182957366604,2.88837371568219,90.49628280927467,64.1749109424198,90.49628280927467,20.6482158978673,36592397800.24,42353397800.24,13.433332525785609,8.337297288730918,34.039439814176745,34.039439814176745,1.231984304095347,1.231984304095347,9.649896969751651,23.955541742217196,39.398509581618605,39.398509581618605,0.0186104229549978,0.029377686749813,0.2258770453168136,0.0681822801276448,3.258484162895928,0.0,12.338235294117649,1.57856093979442,0.0058482092692651,0.3142437591776799,0.126224652540442,0.0,0.0877964999288603,0.0,0.0,0.0,0.0,64.99840637686965,0.0070659446865266,0.0075869829209327,-206.4151292088998,948000000.0,21063000000.0,-67748000000.0,9587000000.0,0.0,4146500000.0,0.0,0.0,0.0,0.0,0.0,0.0,0.0,0.0229277489731331,0.0,2015-04-21,2.22,amc,3874640000.0,2025-04-25,2015-03-31,0.0135135135135134,112.43770491803278,1329423.31147541
2014-12-31,CB,USD,896159,2015-02-27,2015-02-27 15:45:00,2014,Q4,4734000000.0,0.0,4734000000.0,1.0,0,590000000.0,99000000.0,590000000.0,3293000000.0,3883000000.0,3947000000.0,0.0,67000000.0,30000000.0,854000000.0,0.1803971272,824000000.0,0.1740599916,-3258000000.0,787000000.0,0.166244191,232000000.0,555000000.0,0.1172370089,1.69,1.69,328212376,328212376,https://www.sec.gov/Archives/edgar/data/896159/000089615915000006/0000896159-15-000006-index.htm,https://www.sec.gov/Archives/edgar/data/896159/000089615915000006/ace-12312014x10k.htm,14.423587732109164,1.690978282915206,3.881633031412563,3.881633031412563,1.9956590546116395,90.14589992182378,63.28219628134924,90.14589992182378,18.207722916578867,37705037754.88,42959037754.88,16.98425124093694,7.964731253671314,29.595791016389324,29.595791016389324,1.2743785363463684,1.2743785363463684,9.074574937659484,50.30332289798594,33.71980985469388,33.71980985469388,0.014719518479415,0.03378858836536,0.199716091526684,0.0601437179382786,6.152224824355972,0.0,12.298507462686567,2.295495495495496,0.0057286774622588,0.3891891891891892,0.124630333755809,0.0,0.0897422848302255,0.0,0.0,0.0,0.0,58.56434135962907,0.0057648091002601,0.0062059017566615,-207.20120559987657,655000000.0,20770000000.0,-68006000000.0,9472000000.0,0.0,3949500000.0,0.0,0.0,0.0,0.0,0.0,0.0,0.0,0.0187582384155203,0.0,2015-01-27,2.27,amc,4051538461.0,2025-04-25,2014-12-31,0.0881057268722467,110.70875,1386799.15625
2014-09-30,CB,USD,896159,2014-10-29,2014-10-29 14:34:25,2014,Q3,5200000000.0,6000000.0,5194000000.0,0.9988461538,0,554000000.0,0.0,554000000.0,3615000000.0,4169000000.0,4239000000.0,0.0,70000000.0,27000000.0,2089000000.0,0.4017307692,1004000000.0,0.1930769231,-70000000.0,961000000.0,0.1848076923,176000000.0,785000000.0,0.1509615385,2.35,2.32,334472324,337673980,https://www.sec.gov/Archives/edgar/data/896159/000089615914000015/0000896159-14-000015-index.htm,https://www.sec.gov/Archives/edgar/data/896159/000089615914000015/ace-9302014x10q.htm,15.546876757432402,2.34698043357393,3.366496774782478,3.366496774782478,2.409765897402022,89.74434608227854,64.30726387992569,89.74434608227854,17.872928703063636,35076112617.880005,40178112617.880005,11.170736502509556,6.745406272669232,31.15107692529308,31.15107692529308,1.1685415803671253,1.1685415803671253,7.726560118823078,19.233179807505987,35.682160406642986,35.682160406642986,0.0223799030568697,0.0321016189070513,0.196821800979445,0.0605594677983127,2.442316898037338,0.0,14.342857142857143,1.4343949044585986,0.0062150558807612,0.2777070063694267,0.1065384615384615,0.0,0.0872105538300685,0.0,0.0,0.0,0.0,68.84137597606097,0.0082500892274983,0.0088153713124234,-199.5202449097104,806000000.0,21509000000.0,-66734000000.0,9314000000.0,0.0,3799000000.0,0.0,0.0,57059.99999999999,0.0,0.0,0.001577287066246,0.0,0.0261518472865376,0.0,2014-10-21,2.34,amc,4213772727.0,2025-04-25,2014-09-30,0.1282051282051283,104.296875,1231555.46875
2014-06-30,CB,USD,896159,2014-07-30,2014-07-30 12:04:20,2014,Q2,4815000000.0,0.0,4815000000.0,1.0,0,566000000.0,0.0,566000000.0,3265000000.0,3831000000.0,3903000000.0,0.0,72000000.0,30000000.0,1998000000.0,0.414953271,954000000.0,0.1981308411,-72000000.0,912000000.0,0.1894080997,133000000.0,779000000.0,0.1617860852,2.3,2.28,337846228,341132587,https://www.sec.gov/Archives/edgar/data/896159/000089615914000010/0000896159-14-000010-index.htm,https://www.sec.gov/Archives/edgar/data/896159/000089615914000010/ace-6302014x10q.htm,14.25204605214654,2.305782736162441,2.5040978110313548,2.5040978110313548,1.758196335404994,89.75977082686269,64.31032286084898,89.75977082686269,17.70036041367317,35034653843.6,40348653843.6,11.243470424775351,7.276148254122534,41.41212038250591,41.41212038250591,1.1553059800032977,1.1553059800032977,8.379782729719626,20.194521443243243,47.69344425957446,47.69344425957446,0.022235127638982,0.0241475198749407,0.1948227535037098,0.060627828460599,2.65965965965966,0.0,13.25,1.086007702182285,0.0061082378879873,0.2747111681643132,0.1175493250259605,0.0,0.0882325777089084,0.0,0.0,0.0,0.0,68.24036140310027,0.0082063586376362,0.0087676844984186,-196.9179895653593,594000000.0,21727000000.0,-66528000000.0,9192000000.0,0.0,3764000000.0,0.0,0.0,0.0,0.0,0.0,0.0,0.0,0.0256883759274525,0.0,2014-07-22,2.23,amc,3991884297.0,2025-04-25,2014-06-30,0.085201793721973,102.3868253968254,1052810.7142857143
2014-03-31,CB,USD,896159,2014-05-02,2014-05-02 12:11:44,2014,Q1,4419000000.0,6000000.0,4413000000.0,0.9986422267,0,535000000.0,0.0,535000000.0,2986000000.0,3521000000.0,3592000000.0,0.0,71000000.0,21000000.0,1817000000.0,0.4111789998,877000000.0,0.1984611903,-71000000.0,827000000.0,0.1871464132,93000000.0,734000000.0,0.1661009278,2.16,2.14,338869562,342040736,https://www.sec.gov/Archives/edgar/data/896159/000089615914000007/0000896159-14-000007-index.htm,https://www.sec.gov/Archives/edgar/data/896159/000089615914000007/ace-3312014x10q.htm,13.040415828199995,2.166025168114686,3.688734959323375,3.688734959323375,2.4994868084375192,86.66756561629457,62.1714144984199,86.66756561629457,17.056710451911286,33568418811.72,38430418811.72,11.433385153855586,7.596383528336728,26.854735049376,26.854735049376,1.14298814436038,1.14298814436038,8.696632453432903,21.15047815724821,30.744335049376,30.744335049376,0.0218657901081636,0.037237380974393,0.1943886410841363,0.0599817186564263,2.675839295542102,0.0,12.352112676056338,1.7029972752043596,0.006375039622816,0.2915531335149863,0.1210681149581353,0.0,0.0872146166696435,0.0,0.0,0.0,0.0,64.99071386469618,0.0080178952125149,0.0084486291120882,-191.70503133001955,847000000.0,21068000000.0,-64963000000.0,9148000000.0,0.0,3681000000.0,0.0,0.0,56009.99999999999,0.0,0.0,0.0016068559185859,0.0,0.0249923388607034,0.0,2014-04-29,2.14,amc,3742643171.0,2025-04-25,2014-03-31,0.0607476635514018,96.99590163934428,1899368.163934426
2013-12-31,CB,USD,896159,2014-02-28,2014-02-28 15:52:51,2013,Q4,5083000000.0,0.0,5083000000.0,1.0,0,570000000.0,128000000.0,570000000.0,3348000000.0,3918000000.0,3997000000.0,0.0,70000000.0,27000000.0,1156000000.0,0.2274247492,1129000000.0,0.2221129254,-3299000000.0,1086000000.0,0.2136533543,88000000.0,998000000.0,0.1963407437,2.95,2.95,338869562,338869562,https://www.sec.gov/Archives/edgar/data/896159/000089615914000003/0000896159-14-000003-index.htm,https://www.sec.gov/Archives/edgar/data/896159/000089615914000003/ace-12312013x10k.htm,14.999871838592574,2.945085991523783,3.794970526151889,3.794970526151889,1.7086220331585875,85.06222816199704,60.628047791439,85.06222816199704,17.05080847597637,35083165753.86,40212165753.86,8.788368174814629,6.902058971839465,27.28084428760497,27.28084428760497,1.2171089593706852,1.2171089593706852,7.911108745595121,34.785610513719725,31.2691802129549,31.2691802129549,0.0284466916982882,0.0366557570380748,0.1980225498699045,0.0603957253200719,4.436851211072664,0.0,16.12857142857143,1.2885771543086173,0.0049596436427877,0.1743486973947896,0.1121385008853039,0.0,0.0876097767432017,0.0,0.0,0.0,0.0,75.07729665333716,0.0107613825577509,0.0115736982488693,-192.12702260936612,579000000.0,20545000000.0,-65106000000.0,8859000000.0,0.0,3627500000.0,0.0,0.0,0.0,0.0,0.0,0.0,0.0,0.0346227233304423,0.0,2014-01-28,2.01,amc,3669301255.0,2025-04-25,2013-12-31,0.1890547263681594,98.22046875,1158111.0625
2013-09-30,CB,USD,896159,2013-10-30,2013-10-30 17:25:42,2013,Q3,5172000000.0,0.0,5172000000.0,1.0,0,563000000.0,0.0,563000000.0,3466000000.0,4029000000.0,4101000000.0,0.0,72000000.0,30000000.0,2316000000.0,0.4477958237,1113000000.0,0.2151972158,-72000000.0,1071000000.0,0.2070765661,155000000.0,916000000.0,0.1771075019,2.68,2.66,340888648,343817737,https://www.sec.gov/Archives/edgar/data/896159/000089615913000016/0000896159-13-000016-index.htm,https://www.sec.gov/Archives/edgar/data/896159/000089615913000016/ace-9302013x10q.htm,15.172109808713842,2.687094467281879,2.722296578206969,2.722296578206969,2.2529350992057675,82.77776384034942,58.59684714405626,82.77776384034942,16.958616938162166,31893541906.88,36834541906.880005,8.704569297729257,6.16657809491106,34.368040847931034,34.368040847931034,1.1302552238599477,1.1302552238599477,7.121914521825214,15.904379061692577,39.6923942962069,39.6923942962069,0.0287205479615421,0.0290967996815623,0.2023176695726132,0.0603590459274295,2.133419689119171,0.0,15.458333333333334,1.0131004366812226,0.0054556499402929,0.1899563318777292,0.1088553750966744,0.0,0.0871500465194959,0.0,0.0,0.0,0.0,70.74399340340352,0.0098659035365488,0.0106090964895009,-192.4323393720052,768000000.0,19975000000.0,-65598000000.0,9011000000.0,0.0,3625500000.0,0.0,0.0,0.0,0.0,0.0,0.0,0.0,0.0324615493656531,0.0,2013-10-22,2.23,amc,4128634538.0,2025-04-25,2013-09-30,0.1165919282511211,91.40421875,1187253.84375
2013-06-30,CB,USD,896159,2013-07-31,2013-07-31 16:19:15,2013,Q2,4126000000.0,0.0,4126000000.0,1.0,0,478000000.0,0.0,478000000.0,3062000000.0,3626000000.0,3245000000.0,0.0,69000000.0,23000000.0,1079000000.0,0.2615123606,1056000000.0,0.2559379544,-50000000.0,881000000.0,0.2135239942,105000000.0,776000000.0,0.188075618,2.31,2.29,340086269,344101265,https://www.sec.gov/Archives/edgar/data/896159/000089615913000012/0000896159-13-000012-index.htm,https://www.sec.gov/Archives/edgar/data/896159/000089615913000012/ace-6302013x10q.htm,12.132215781990304,2.2817739812953164,2.6316851974991087,2.6316851974991087,1.996552233633402,80.25904744775215,56.64151056919032,80.25904744775215,16.986866353019387,30529544368.13,35558544368.13,9.835549087670747,7.399307893390692,34.11122275768715,34.111222757687145,1.1185031825656713,1.1185031825656713,8.618163928291322,32.955092092798886,39.73021717109497,39.73021717109497,0.0254180013511787,0.0293158649604445,0.2091225499175673,0.0609256254803176,4.6607970342910106,0.0,15.304347826086955,1.0044893378226711,0.0054701111155242,0.2152061855670103,0.1158507028599127,0.0,0.0857313636751771,0.0,0.0,0.0,0.0,64.19106355382429,0.0097306491259062,0.0090594937891099,-193.2274425345882,679000000.0,19263000000.0,-65714000000.0,8711000000.0,0.0,3513000000.0,0.0,0.0,0.0,0.0,0.0,0.0,0.0,0.0284301154057519,0.0,2013-07-23,1.94,amc,3445406113.0,2025-04-25,2013-06-30,0.1804123711340206,89.58296875,1575917.15625
2013-03-31,CB,USD,896159,2013-05-01,2013-05-01 12:01:30,2013,Q1,3643000000.0,0.0,3643000000.0,1.0,0,429000000.0,0.0,429000000.0,2661000000.0,3175000000.0,2782000000.0,0.0,56000000.0,15000000.0,1135000000.0,0.3115564096,1120000000.0,0.307438924,-45000000.0,861000000.0,0.2363436728,109000000.0,752000000.0,0.2064232775,2.8,2.77,340778142,343906368,https://www.sec.gov/Archives/edgar/data/896159/000089615913000007/0000896159-13-000007-index.htm,https://www.sec.gov/Archives/edgar/data/896159/000089615913000007/ace-3312013x10q.htm,10.690239633972768,2.2067143027031357,2.679162444638248,2.679162444638248,2.508963735121251,81.99469554006782,60.10948906458913,81.99469554006782,16.917164833887732,30227021195.4,35081021195.4,10.048876727194148,8.29728827762833,33.10736165980285,33.10736165980285,1.0817772956624436,1.0817772956624436,9.629706614164151,30.9083887184141,38.4239005426068,38.4239005426068,0.0248784025107456,0.0302047626227536,0.2043160833154391,0.0610843025433068,4.276651982378855,0.0,20.0,0.9580272822665268,6.616596412432341e-05,0.0026595744680851,0.1177600878396925,0.0,0.0797979906057071,0.0,0.0,0.0,0.0,63.80536432280812,0.0103118326651468,0.008743881027406,-189.7539543483983,855000000.0,20484000000.0,-64664000000.0,8313000000.0,0.0,3437000000.0,0.0,0.0,0.0,0.0,0.0,0.0,0.0,0.0269128909884761,0.0,2013-04-22,1.94,amc,3194294930.0,2025-04-25,2013-03-31,0.1185567010309278,85.56099999999999,1450650.933333333
2012-12-31,CB,USD,896159,2013-02-28,2013-02-28 15:46:45,2012,Q4,3944000000.0,0.0,3944000000.0,1.0,0,462000000.0,91000000.0,462000000.0,3441000000.0,3994000000.0,3583000000.0,0.0,60000000.0,-660000000.0,0.0,0.0,693000000.0,0.1757099391,-63000000.0,361000000.0,0.0915314402,-149000000.0,510000000.0,0.1293103448,2.24,2.22,340821273,343741899,https://www.sec.gov/Archives/edgar/data/896159/000089615913000003/0000896159-13-000003-index.htm,https://www.sec.gov/Archives/edgar/data/896159/000089615913000003/ace-12312012x10k.htm,11.572047616875135,1.496385467699371,2.8460664777811564,2.8460664777811564,1.8044648286963003,80.77840845339487,58.79034434567117,80.77840845339487,14.145243803487585,27197537585.4,31343537585.4,13.33212626735294,6.895927379665314,28.038698541649484,28.03869854164948,0.9878877478260868,0.9878877478260868,7.947144418204868,0.0,32.312925345773195,32.312925345773195,0.0187516975902176,0.0356649934559042,0.1729323308270676,0.0514452428548273,0.0,0.0,11.55,1.2679738562091505,0.0121702194163961,0.6490196078431373,0.1171399594320486,0.0,0.0809768220865524,0.0,0.0,0.0,0.0,52.15076050792301,0.1029474732822426,0.0059964021587047,-188.95240732229763,615000000.0,20037000000.0,-64399000000.0,8109000000.0,2644000000.0,3460000000.0,0.0,0.0,0.0,0.0,0.0,0.0,0.0,0.018524572300316,0.0,2013-01-29,1.3,amc,4560592592.0,2025-04-25,2012-12-31,0.0999999999999999,79.01016129032259,1476145.7903225806
2012-09-30,CB,USD,896159,2012-10-31,2012-10-31 14:49:28,2012,Q3,4658000000.0,-480000000.0,5138000000.0,1.1030485187,0,519000000.0,-81000000.0,438000000.0,3769000000.0,4288000000.0,3871000000.0,0.0,63000000.0,0.0,862000000.0,0.1850579648,850000000.0,0.1824817518,-63000000.0,787000000.0,0.1689566337,147000000.0,640000000.0,0.1373980249,1.88,1.86,340207037,342872713,https://www.sec.gov/Archives/edgar/data/896159/000089615912000007/0000896159-12-000007-index.htm,https://www.sec.gov/Archives/edgar/data/896159/000089615912000007/ace-9302012x10q.htm,13.691662703614211,1.881207413120029,4.826472769286075,4.826472769286075,9.16794675237714,79.25468043743022,64.58714138826,79.25468043743022,14.182540262975218,26175529426.78,30247529426.78,10.224816182335935,5.619478193812795,15.941248128367842,15.941248128367844,0.9707944007261804,0.9707944007261804,6.493673127260626,35.089941330371225,18.42115068622412,18.42115068622412,0.0244503173007542,0.0627303453247475,0.176612394763194,0.0509261239680027,4.723897911832947,0.0,13.492063492063492,2.565625,0.0063418010498831,0.259375,0.1114212108200944,0.0,0.0533644180177097,0.0,0.0,0.0,0.0,57.91913395567509,0.007283031594032,0.0072301678754603,-174.7759262251827,52482000000.0,21973000000.0,-14063000000.0,57482000000.0,5136500000.0,3815000000.0,0.0,102.17260626878488,-646.5,0.0,0.8808623298033282,-0.1392111368909512,0.0,0.0237362311315506,0.0,2012-10-23,1.84,amc,4270447761.0,2025-04-25,2012-09-30,0.0923913043478259,73.7184126984127,1577967.0317460315
2012-06-30,CB,USD,896159,2012-08-01,2012-08-01 16:17:50,2012,Q2,3507000000.0,0.0,3507000000.0,1.0,0,514000000.0,-78000000.0,436000000.0,2874000000.0,3388000000.0,3031000000.0,0.0,62000000.0,0.0,550000000.0,0.1568291987,538000000.0,0.1534074708,-62000000.0,476000000.0,0.1357285429,148000000.0,328000000.0,0.0935272313,0.96,0.96,339766067,342674038,https://www.sec.gov/Archives/edgar/data/896159/000119312512328826/0001193125-12-328826-index.htm,https://www.sec.gov/Archives/edgar/data/896159/000119312512328826/d359498d10q.htm,10.321807680694612,0.965370093888746,2.38693642117004,2.38693642117004,8.467590732066837,75.8227571913472,61.61886672455728,75.8227571913472,14.19506086227263,25186858546.71,29330858546.71,19.197300721577744,7.181881535988024,31.056545680283595,31.0565456802836,0.9776748135513544,0.9776748135513544,8.36351826253493,53.328833721290906,36.16628674070284,36.16628674070284,0.0130226641560602,0.0321993311907465,0.184807080195637,0.0524911522474945,7.534545454545454,0.0,8.67741935483871,2.472560975609756,0.0063128158561389,0.4847560975609756,0.1465640148274878,0.0,0.0532077926373468,0.0,0.0,0.0,0.0,40.58242230505807,0.0040251318003477,0.0038195050946142,-171.657077220722,49988000000.0,20936000000.0,-14951000000.0,54596000000.0,4736000000.0,4102500000.0,0.0,127.92985457656115,0.0,0.0,0.7035105315947844,0.0,0.0,0.0127319307507181,0.0,2012-07-24,1.91,amc,3329737327.0,2025-04-25,2012-06-30,0.1361256544502617,73.47904761904762,1567394.0
2012-03-31,CB,USD,896159,2012-05-02,2012-05-02 16:48:13,2012,Q1,4185000000.0,0.0,4185000000.0,1.0,0,510000000.0,0.0,510000000.0,2530000000.0,3040000000.0,3102000000.0,0.0,62000000.0,0.0,1157000000.0,0.2764635603,1145000000.0,0.2735961768,-62000000.0,1083000000.0,0.258781362,110000000.0,973000000.0,0.2324970131,2.87,2.84,338567341,341690982,https://www.sec.gov/Archives/edgar/data/896159/000119312512204875/0001193125-12-204875-index.htm,https://www.sec.gov/Archives/edgar/data/896159/000119312512204875/d313747d10q.htm,12.36090872686979,2.873874358720264,1.6894718737800525,1.6894718737800525,8.311492749680188,75.1135650736023,60.75896139078577,75.1135650736023,14.629290543413637,24783129361.2,28959129361.2,6.367710524460432,5.921894709964158,43.327149232867136,43.327149232867136,0.9745243742361684,0.9745243742361684,6.919744172329749,25.029498151426104,50.62784853356643,50.62784853356643,0.0392605786710418,0.0230802168549187,0.1923243285753607,0.0544964289295702,3.60933448573898,0.0,18.467741935483872,0.5878725590955807,0.0064156546851959,0.1634121274409044,0.1218637992831541,0.0,0.0541510211812945,0.0,0.0,0.0,0.0,69.69222585614956,0.0112697488797874,0.0114620268821637,-171.7199001778497,61994000000.0,20571000000.0,-2324000000.0,66632000000.0,2243500000.0,3782500000.0,0.0,96.49462365591398,0.0,0.0,0.9326944506351684,0.0,0.0,0.0382603908615469,0.0,2012-04-24,1.87,amc,3084131707.0,2025-04-25,2012-03-31,0.0962566844919784,72.14483870967742,1805742.6129032257
2011-12-31,CB,USD,896159,2012-02-24,2012-02-24 16:11:01,2011,Q4,4479000000.0,0.0,4479000000.0,1.0,0,526000000.0,0.0,526000000.0,3035000000.0,3561000000.0,3607000000.0,0.0,63000000.0,0.0,935000000.0,0.2087519536,935000000.0,0.2087519536,2016000000.0,872000000.0,0.1946863139,122000000.0,750000000.0,0.1674480911,2.22,2.22,338219205,338567341,https://www.sec.gov/Archives/edgar/data/896159/000119312512078111/0001193125-12-078111-index.htm,https://www.sec.gov/Archives/edgar/data/896159/000119312512078111/d267038d10k.htm,13.242890805091925,2.217496785849284,1.3955446438944823,1.3955446438944823,8.618670841000883,72.48553493584139,58.20189897259087,72.48553493584139,13.819439969412736,23715930654.6,27712930654.6,7.905310218200001,5.294916422103149,50.24561579364407,50.24561579364407,0.9673654207293196,0.9673654207293196,6.18730311556151,29.639498026310164,58.71383613262712,58.71383613262712,0.0316243124051523,0.0199022339403092,0.1880812530592266,0.0526941317638992,4.274866310160427,0.0,14.841269841269842,0.6293333333333333,0.0049333927352037,0.156,0.1174369278856887,0.0,0.0552082738129249,0.0,0.0,0.0,0.0,60.13792411339013,0.0090606356732673,0.0090717758908483,-177.6185358841465,60677000000.0,19685000000.0,-2312000000.0,64896000000.0,2701500000.0,3517000000.0,0.0,0.0,0.0,0.0,0.0,0.0,0.0,0.0305922662750856,0.0,2012-01-31,1.78,amc,3515041237.0,2025-04-25,2011-12-31,0.0898876404494381,67.79777777777778,2307096.53968254
2011-09-30,CB,USD,896159,2011-11-03,2011-11-03 15:44:02,2011,Q3,3934000000.0,0.0,3934000000.0,1.0,0,517000000.0,-77000000.0,440000000.0,3589000000.0,4106000000.0,3800000000.0,0.0,62000000.0,0.0,0.0,0.0,196000000.0,0.0498220641,-70000000.0,134000000.0,0.0340620234,165000000.0,-31000000.0,-0.0078800203,-0.0916,-0.0909,338400000,340900000,https://www.sec.gov/Archives/edgar/data/896159/000119312511294993/0001193125-11-294993-index.htm,https://www.sec.gov/Archives/edgar/data/896159/000119312511294993/d237239d10q.htm,11.625295508274233,-0.0916075650118203,2.763002364066194,2.763002364066194,9.28486997635934,70.18321513002364,55.948581560283685,70.18321513002364,13.80614657210402,20507040000.0,24351040000.0,-165.3793548387097,5.212770716827657,21.93266310160428,21.93266310160428,0.8634543157894737,0.8634543157894737,6.189893238434164,0.0,26.043893048128343,26.043893048128343,-0.001511675990294,0.0455940984169338,0.1941052631578947,0.051961226330027,0.0,0.0,3.161290322580645,-23.97435897435897,0.0058028852530643,-3.838709677419355,0.1314184036603965,0.0,0.0542944093778178,0.0,0.0,0.0,0.0,,-0.0005039822561085,-0.0003694742738638,-170.73212174940898,61668000000.0,18933000000.0,-3302000000.0,65862000000.0,5163000000.0,3847500000.0,0.0,123.60701576004068,0.0,0.0,0.728114010734777,0.0,0.0,-0.0013052631578947,0.0,2011-10-25,1.78,amc,3600090090.0,2025-04-25,2011-09-30,0.2471910112359551,63.334375,2479230.171875
2011-06-30,CB,USD,896159,2011-08-04,2011-08-04 15:56:32,2011,Q2,3874000000.0,0.0,3874000000.0,1.0,0,515000000.0,-72000000.0,443000000.0,2961000000.0,3476000000.0,3389000000.0,0.0,62000000.0,0.0,0.0,0.0,791000000.0,0.2041817243,-76000000.0,485000000.0,0.1251935983,-122000000.0,607000000.0,0.1566855963,1.79,1.77,338920580,341688968,https://www.sec.gov/Archives/edgar/data/896159/000119312511210283/0001193125-11-210283-index.htm,https://www.sec.gov/Archives/edgar/data/896159/000119312511210283/d10q.htm,11.430406498183144,1.7909800579238948,3.127576377923111,3.127576377923111,9.480097077610337,71.14646151024526,56.81271995934859,71.14646151024526,14.227521975797398,22307752575.6,26234752575.6,9.187706991598022,5.758325393804853,21.04504959962264,21.04504959962264,0.9251338520963794,0.9251338520963794,6.772006343727413,0.0,24.74976658075472,24.74976658075472,0.0272102713145532,0.0475171130039974,0.1974038900178327,0.0533309431510072,0.0,0.0,12.758064516129032,1.7845117845117846,0.0049758486258902,0.1828665568369028,0.1329375322663913,0.0,0.0544289331570573,0.0,0.0,0.0,0.0,53.54430510825341,0.0109203476501454,0.0071922839945021,-171.82712834965642,60945000000.0,19255000000.0,-4196000000.0,65570000000.0,4512500000.0,4046500000.0,0.0,114.37016004130098,0.0,0.0,0.786918545602275,0.0,0.0,0.0251731431178202,0.0,2011-07-26,1.66,amc,3102796019.0,2025-04-25,2011-06-30,0.2108433734939758,66.55301587301588,1990486.984126984
2011-03-31,CB,USD,896159,2011-05-06,2011-05-06 13:04:01,2011,Q1,10688000000.0,6880000000.0,3808000000.0,0.3562874251,0,494000000.0,-68000000.0,426000000.0,2905000000.0,3399000000.0,10332000000.0,0.0,63000000.0,0.0,0.0,0.0,419000000.0,0.0392028443,-73000000.0,356000000.0,0.0333083832,97000000.0,259000000.0,0.0242327844,0.77,0.76,337088217,339661199,https://www.sec.gov/Archives/edgar/data/896159/000119312511130234/0001193125-11-130234-index.htm,https://www.sec.gov/Archives/edgar/data/896159/000119312511130234/d10q.htm,31.706833585346,0.7683448632676473,2.9754822311098463,2.9754822311098463,10.353372867969457,69.34683213800973,55.31786357278694,69.34683213800973,14.30486073620307,21809607639.9,25453607639.9,21.051744826158306,2.040569577086452,21.74437451635095,21.74437451635095,0.9329914288116018,0.9329914288116018,2.3815126908589077,0.0,25.37747521425723,25.37747521425723,0.0118755002050641,0.0459889061995339,0.2035848733744011,0.0551960102064486,0.0,0.0,6.650793650793651,4.012,0.0051353514400277,0.4324324324324324,0.0462200598802395,0.0,0.0548480630944096,0.0,0.0,0.0,0.0,34.6244328586806,0.003479009251925,0.0031782650844878,-166.95184572411205,57956000000.0,18647000000.0,-4888000000.0,62330000000.0,4167500000.0,3586000000.0,0.0,34.54154191616767,50.88662790697674,0.0,2.605558264261336,1.768637532133676,0.0,0.0110797399041752,0.0,2011-05-04,0.62,amc,2596936708.0,2025-04-25,2011-03-31,0.2741935483870968,62.251935483870966,1998850.7096774196
2010-12-31,CB,USD,896159,2011-02-25,2011-02-25 16:30:11,2010,Q4,4409000000.0,0.0,4409000000.0,1.0,0,502000000.0,0.0,502000000.0,2740000000.0,3242000000.0,3275000000.0,0.0,62000000.0,0.0,1196000000.0,0.271263325,1196000000.0,0.271263325,-62000000.0,1134000000.0,0.2572011794,133000000.0,1001000000.0,0.227035609,2.97,2.97,337088217,337088217,https://www.sec.gov/Archives/edgar/data/896159/000119312511047473/0001193125-11-047473-index.htm,https://www.sec.gov/Archives/edgar/data/896159/000119312511047473/d10k.htm,13.079662170451956,2.969549066142529,2.2872350949009883,2.2872350949009883,8.172934742480185,68.15426597957887,54.3181252757939,68.15426597957887,14.002269322869864,20983741508.25,24869741508.25,5.24069468238012,4.75929723480381,27.21626654766537,27.21626654766537,0.9133690915056152,0.9133690915056152,5.6406762323089135,20.79409825104515,32.25647407036316,32.25647407036316,0.0477035994561048,0.0367427324482086,0.2027509358405153,0.0558814708175874,3.249163879598662,0.0,19.29032258064516,0.7702297702297702,0.0053374656734103,0.1118881118881118,0.1138580176910864,0.0,0.0559534521024533,0.0,0.0,0.0,0.0,67.48123687440071,0.0124709514507321,0.0127206414964862,-161.53412446333002,56412000000.0,18310000000.0,-3969000000.0,60307000000.0,3963500000.0,1641000000.0,0.0,86.40734860512588,0.0,0.0,1.041578077013938,0.0,0.0,0.0435709932967702,0.0,2011-02-02,1.84,amc,3206087804.0,2025-04-25,2010-12-31,0.1141304347826085,60.23234375,1738740.296875
2010-09-30,CB,USD,896159,2010-11-08,2010-11-08 13:56:09,2010,Q3,3888000000.0,0.0,3888000000.0,1.0,0,433000000.0,0.0,433000000.0,2562000000.0,2995000000.0,3053000000.0,0.0,58000000.0,0.0,893000000.0,0.22968107,893000000.0,0.22968107,-58000000.0,835000000.0,0.2147633745,160000000.0,675000000.0,0.1736111111,1.99,1.97,339229422,341900000,https://www.sec.gov/Archives/edgar/data/896159/000119312510251774/0001193125-10-251774-index.htm,https://www.sec.gov/Archives/edgar/data/896159/000119312510251774/d10q.htm,11.461270007411091,1.989803820731092,3.1954775432185243,3.1954775432185243,122.60139393215722,67.34380486607674,55.82947342344615,67.34380486607674,0.1709757357072642,19760113831.5,19273113831.5,7.318560678333333,5.082333804398148,18.228887298431733,18.228887298431733,0.8649644925147735,0.8649644925147735,4.957076602752058,21.58243430179171,17.77962530581181,17.77962530581181,0.0341597222443105,0.0548579835745669,0.0,0.0,-0.5453527435610303,0.0,15.39655172413793,1.605925925925926,0.0057185905386771,0.1674074074074074,0.1113683127572016,0.0,0.0474098169636354,0.0,0.0,0.0,0.0,54.909212387945374,0.0087620312126148,0.00860069824928,-44.7558466788886,55152000000.0,18939000000.0,-4391000000.0,54279000000.0,1847000000.0,1665500000.0,1048500000.0,85.50925925925925,0.0,0.0,1.0525175961017867,0.0,0.0,0.0295469468154957,0.0,2010-10-27,1.86,amc,3166626865.0,2025-04-25,2010-09-30,0.0806451612903224,54.53203125,4350640.15625
2010-06-30,CB,USD,896159,2010-08-06,2010-08-06 09:43:43,2010,Q2,3760000000.0,0.0,3760000000.0,1.0,0,463000000.0,0.0,463000000.0,2426000000.0,2889000000.0,2935000000.0,0.0,52000000.0,0.0,871000000.0,0.2316489362,871000000.0,0.2316489362,-52000000.0,825000000.0,0.2194148936,142000000.0,677000000.0,0.1800531915,2.0,1.98,338478484,341200000,https://www.sec.gov/Archives/edgar/data/896159/000119312510180546/0001193125-10-180546-index.htm,https://www.sec.gov/Archives/edgar/data/896159/000119312510180546/d10q.htm,11.108534745150893,2.000127133634882,2.564417063508237,2.564417063508237,8.168909194239951,63.25365130151079,51.920582343426,63.25365130151079,9.917912537093494,17424872356.32,20061872356.32,6.43459097353028,4.634274562851064,20.07473773769585,20.07473773769585,0.8138660605474077,0.8138660605474077,5.335604350085107,23.03314851471871,23.112756170875578,23.112756170875578,0.0388525084233659,0.0498138512724987,0.1543671181690798,0.0412300399201596,3.027554535017221,0.0,16.75,1.2821270310192023,0.0060258691055442,0.155096011816839,0.1231382978723404,0.0,0.0478542914171656,0.0,0.0,0.0,0.0,53.35349328831898,0.0089790731099707,0.0088700801844767,-162.30426037951648,76324000000.0,17574000000.0,17574000000.0,79055000000.0,0.0,3239000000.0,2074500000.0,0.0,0.0,0.0,0.0,0.0,0.0,0.0316207379729098,0.0,2010-07-27,1.84,amc,2959562189.0,2025-04-25,2010-06-30,0.0923913043478259,51.87619047619047,2914273.4444444445
2010-03-31,CB,USD,896159,2010-05-07,2010-05-06 20:37:17,2010,Q1,3953000000.0,4000000.0,3949000000.0,0.9989881103,0,460000000.0,0.0,460000000.0,2558000000.0,3018000000.0,3074000000.0,0.0,52000000.0,0.0,931000000.0,0.2355173286,931000000.0,0.2355173286,-52000000.0,879000000.0,0.2223627625,124000000.0,755000000.0,0.1909941816,2.23,2.22,338610718,339900000,https://www.sec.gov/Archives/edgar/data/896159/000119312510111376/0001193125-10-111376-index.htm,https://www.sec.gov/Archives/edgar/data/896159/000119312510111376/d10q.htm,11.674172699991145,2.2296990610911496,2.4305196387788293,2.4305196387788293,8.20411124729962,60.94313884063174,49.47569320590732,60.94313884063174,9.922899132802996,17709340551.399998,20291340551.4,5.86402005013245,4.479974842246395,21.518032261725395,21.51803226172539,0.8581769990017445,0.8581769990017445,5.133149646192765,21.795210044468316,24.655334813365737,24.655334813365737,0.0426328692369244,0.0464726508370713,0.1603023841829812,0.0416997567094,2.773361976369495,0.0,17.903846153846153,1.0900662251655628,0.0059290745296385,0.1390728476821192,0.11636731596256,0.0,0.0489480517843411,0.0,0.0,0.0,0.0,55.29384538708032,0.0100613292989822,0.0100071574371073,-162.10059836322134,75446000000.0,16753000000.0,16753000000.0,78155000000.0,1835500000.0,3221000000.0,1026000000.0,0.0,70807.5,46170.0,0.0,0.0012710517953606,0.0019493177387914,0.0365865477805776,0.0,2010-04-28,1.66,amc,3199894117.0,2025-04-25,2010-03-31,0.0240963855421686,49.90786885245902,2509260.344262295
2009-12-31,CB,USD,896159,2010-02-25,2010-02-25 15:44:09,2009,Q4,4272000000.0,0.0,4272000000.0,1.0,0,486000000.0,0.0,486000000.0,2569000000.0,3055000000.0,3111000000.0,0.0,56000000.0,0.0,1217000000.0,0.2848782772,1217000000.0,0.2848782772,-56000000.0,1161000000.0,0.2717696629,208000000.0,953000000.0,0.2230805243,2.81,2.81,337398729,338610718,https://www.sec.gov/Archives/edgar/data/896159/000119312510040605/0001193125-10-040605-index.htm,https://www.sec.gov/Archives/edgar/data/896159/000119312510040605/d10k.htm,12.661577038720852,2.824551244827007,2.972743859980575,2.972743859980575,6.9235589799747,58.29008324450446,46.63917984113094,58.29008324450446,10.003001522865844,17004895941.6,19654895941.6,4.4608856090241344,3.980546802808989,16.95403384007976,16.95403384007976,0.8646410709106624,0.8646410709106624,4.600865154868914,16.150284257682824,19.596107618743765,19.596107618743765,0.0560426834291072,0.0589830130948526,0.1687598515279402,0.0425621954347268,2.1774856203779787,0.0,21.732142857142858,1.0524658971668417,0.0061746922980653,0.1101783840503672,0.1137640449438202,0.0,0.0504103616311874,0.0,0.0,0.0,0.0,60.86439732520184,0.0127841628542657,0.0128698564464071,-157.74733401559436,74049000000.0,15736000000.0,15736000000.0,76826000000.0,1835500000.0,3189000000.0,926500000.0,77.33848314606742,0.0,0.0,1.163715608825933,0.0,0.0,0.0484568058168505,0.0,2010-02-02,1.93,amc,3252194029.0,2025-04-25,2009-12-31,0.0414507772020724,51.513125,1868338.390625
2009-09-30,CB,USD,896159,2009-11-09,2009-11-06 18:00:39,2009,Q3,3681000000.0,0.0,3681000000.0,1.0,0,451000000.0,0.0,451000000.0,2582000000.0,3033000000.0,3093000000.0,0.0,60000000.0,0.0,648000000.0,0.1760391198,648000000.0,0.1760391198,-60000000.0,588000000.0,0.1597392013,94000000.0,494000000.0,0.1342026623,1.47,1.46,336159387,338400000,https://www.sec.gov/Archives/edgar/data/896159/000119312509227842/0001193125-09-227842-index.htm,https://www.sec.gov/Archives/edgar/data/896159/000119312509227842/d10q.htm,10.95016275716852,1.4695409948495652,3.004527135218747,3.004527135218747,7.719552391972918,55.72654140995325,44.50567373268086,55.72654140995325,10.652684822988448,17971080829.02,20750080829.02,9.094676532904858,4.882119214621027,17.793149335663365,17.793149335663365,0.959327434421609,0.959327434421609,5.637077106498234,32.02172967441358,20.54463448417821,20.54463448417821,0.0274886082089331,0.0562014054474138,0.187957081086852,0.0452448567867285,4.28858024691358,0.0,10.8,2.044534412955465,0.0057870754124069,0.2105263157894736,0.1225210540613963,0.0,0.048470207270531,0.0,0.0,0.0,0.0,42.92528200047071,0.0069777132216365,0.0066712582209077,-165.2980762961708,74049000000.0,14961000000.0,14961000000.0,76587000000.0,2008000000.0,3079000000.0,926500000.0,0.0,0.0,0.0,0.0,0.0,0.0,0.0263705759888966,0.0,2009-10-27,1.97,amc,3229086956.0,2025-04-25,2009-09-30,0.0507614213197968,48.851875,1732096.96875
2009-06-30,CB,USD,896159,2009-08-07,2009-08-07 14:22:56,2009,Q2,3547000000.0,0.0,3547000000.0,1.0,0,454000000.0,0.0,454000000.0,2401000000.0,2855000000.0,2911000000.0,0.0,56000000.0,0.0,692000000.0,0.195094446,692000000.0,0.195094446,-56000000.0,636000000.0,0.1793064562,101000000.0,535000000.0,0.1508316888,1.58,1.58,336898236,337508296,https://www.sec.gov/Archives/edgar/data/896159/000119312509168881/0001193125-09-168881-index.htm,https://www.sec.gov/Archives/edgar/data/896159/000119312509168881/d10q.htm,10.528401816861992,1.5880166258869934,2.2558740853721777,2.2558740853721777,8.118178451964349,49.15727727348504,38.0085100831457,49.15727727348504,10.667909819510008,14901008978.28,17785008978.28,6.963088307607475,4.201017473436707,19.606590760894733,19.606590760894736,0.8997650491081456,0.8997650491081456,5.014098950741471,25.700880026416183,23.401327603,23.401327603,0.0359036089958623,0.051003257638982,0.2136344423645915,0.0467649197012755,4.167630057803469,0.0,12.357142857142858,1.4205607476635511,0.0059056403581979,0.1644859813084112,0.1279954891457569,0.0,0.0496464212543784,0.0,0.0,0.0,0.0,41.90952046798794,0.0076723243167876,0.0074409936160447,-158.3475195162494,71899000000.0,12805000000.0,12805000000.0,74076000000.0,3934500000.0,3028000000.0,0.0,101.90019734987312,0.0,0.0,0.8832171314741036,0.0,0.0,0.0323048125113217,0.0,2009-07-27,1.94,amc,3031598086.0,2025-04-25,2009-06-30,0.0773195876288659,44.38349206349206,2741668.904761905
2009-03-31,CB,USD,896159,2009-05-08,2009-05-08 15:53:40,2009,Q1,3575000000.0,0.0,3575000000.0,1.0,0,420000000.0,0.0,420000000.0,2410000000.0,2830000000.0,2883000000.0,0.0,53000000.0,0.0,745000000.0,0.2083916084,745000000.0,0.2083916084,-53000000.0,692000000.0,0.1935664336,125000000.0,567000000.0,0.1586013986,1.69,1.69,335474828,336115564,https://www.sec.gov/Archives/edgar/data/896159/000119312509105303/0001193125-09-105303-index.htm,https://www.sec.gov/Archives/edgar/data/896159/000119312509105303/d10q.htm,10.656537246961491,1.6901417116159905,1.6752374637181422,1.6752374637181422,14.167978051694536,43.87214411210608,32.73867093241344,43.87214411210608,9.8994014537508,13553183051.2,15977183051.2,5.975830269488536,3.7911001541818177,24.11598407686833,24.11598407686833,0.9208576607691262,0.9208576607691262,4.469142112223776,21.44588329020134,28.4291513366548,28.4291513366548,0.0418351908815839,0.0414662738544094,0.2220410381845359,0.0446893760170662,3.2536912751677853,0.0,14.056603773584904,0.9911816578483243,0.0067142898945751,0.1604938271604938,0.1174825174825174,0.0,0.051075526139456,0.0,0.0,0.0,0.0,40.84578517659703,0.0082946244965966,0.0081709707170855,-151.32655496882765,69392000000.0,10983000000.0,10983000000.0,71175000000.0,3653000000.0,2911000000.0,0.0,96.9986013986014,0.0,0.0,0.927848429794965,0.0,0.0,0.0385242560130452,0.0,2009-04-28,1.96,bmo,3145849246.0,2025-04-25,2009-03-31,0.0153061224489796,41.84475409836066,3412748.8032786883
2008-12-31,CB,USD,896159,2009-02-27,2009-02-27 14:43:28,2008,Q4,3103000000.0,0.0,3103000000.0,1.0,0,444000000.0,0.0,444000000.0,2498000000.0,2942000000.0,2996000000.0,0.0,54000000.0,0.0,161000000.0,0.0518852723,161000000.0,0.0518852723,-54000000.0,107000000.0,0.0344827586,87000000.0,20000000.0,0.0064453754,0.0596,0.0596,333985390,335474828,https://www.sec.gov/Archives/edgar/data/896159/000119312509040758/0001193125-09-040758-index.htm,https://www.sec.gov/Archives/edgar/data/896159/000119312509040758/d10k.htm,9.29082556575304,0.059882858947812,2.877371372442369,2.877371372442369,12.626300809146173,43.25338901800465,32.03433539413206,43.25338901800465,9.973490157758098,17674506838.8,20084506838.8,220.931335485,5.6959416174025135,18.391786512799168,18.391786512799168,1.223487943984494,1.223487943984494,6.4726093582984205,124.74848968198758,20.899590883246617,20.899590883246617,0.0011315732983335,0.0543720969849276,0.2268448013290876,0.0454778855628183,14.968944099378882,0.0,2.9814814814814814,48.05,0.0048657651828343,4.3,0.1430873348372542,0.0,0.0520004996044797,0.0,0.0,0.0,0.0,7.634007686369614,0.0004149219328249,0.0002927829014785,-152.11518683496905,68310000000.0,10699000000.0,10699000000.0,70222000000.0,1726500000.0,2797500000.0,1512500000.0,100.15146632291332,0.0,0.0,0.8986388647552852,0.0,0.0,0.0013844662882458,0.0,2009-02-03,1.79,bmo,3087989304.0,2025-04-25,2008-12-31,0.0446927374301676,49.455,3891272.90625
2008-09-30,CB,USD,896159,2008-11-07,2008-11-07 16:17:37,2008,Q3,3613000000.0,0.0,3613000000.0,1.0,0,457000000.0,0.0,457000000.0,3047000000.0,3504000000.0,2528000000.0,0.0,68000000.0,0.0,115000000.0,0.0318295046,115000000.0,0.0318295046,-54000000.0,61000000.0,0.0168834763,7000000.0,54000000.0,0.0149460282,0.16,0.16,327889473,333000000,https://www.sec.gov/Archives/edgar/data/896159/000119312508230027/0001193125-08-230027-index.htm,https://www.sec.gov/Archives/edgar/data/896159/000119312508230027/d10q.htm,11.018956988594752,0.1646896422319724,3.2266970644708683,3.2266970644708683,10.652980005857035,46.832854557669805,35.19173669842093,46.832854557669805,10.378497268803748,17748657173.49,20604657173.49,82.16970913652779,4.912443170077498,16.77566840594518,16.775668405945183,1.1558125275781457,1.1558125275781457,5.702921996537504,179.1709319433913,19.47510129819471,19.47510129819471,0.0030424836917046,0.0596101434411762,0.2171789528523053,0.0443749584192668,24.83478260869565,0.0,1.6911764705882353,19.59259259259259,0.005521544477538,1.8148148148148149,0.1264876833656241,0.0,0.0507883707005521,0.0,0.0,0.0,0.0,13.173455749749358,0.0013486021445597,0.0007569598250581,-167.10966503032563,71338000000.0,11539000000.0,11539000000.0,73698000000.0,2043000000.0,3760000000.0,1512500000.0,0.0,0.0,0.0,0.0,0.0,0.0,0.0035165407658244,0.0,2008-10-28,1.46,bmo,3489496688.0,2025-04-25,2008-09-30,0.0342465753424657,52.48015625,6177666.9375
2008-06-30,CB,USD,896159,2008-08-08,2008-08-08 10:36:44,2008,Q2,3834000000.0,0.0,3834000000.0,1.0,0,461000000.0,0.0,461000000.0,2428000000.0,2889000000.0,2951000000.0,0.0,62000000.0,0.0,945000000.0,0.2464788732,945000000.0,0.2464788732,-62000000.0,883000000.0,0.2303077726,137000000.0,746000000.0,0.1945748565,2.2,2.18,333236903,335480745,https://www.sec.gov/Archives/edgar/data/896159/000119312508171282/0001193125-08-171282-index.htm,https://www.sec.gov/Archives/edgar/data/896159/000119312508171282/d10q.htm,11.50532838795468,2.238647620608813,3.2019262884579143,3.2019262884579143,11.160228553678522,48.99517386284195,38.15603819844647,48.99517386284195,12.363576671458864,18358020986.27,21834020986.27,6.152151805050268,4.7882162196844025,17.20526802836926,17.20526802836926,1.124396459010841,1.124396459010841,5.694841154478352,23.104784112455025,20.462999987132147,20.462999987132147,0.040636188430002,0.0581217333174426,0.2485453543210632,0.0521754782966467,3.6783068783068784,0.0,15.241935483870968,1.4302949061662198,0.0055561544502147,0.1367292225201072,0.1202399582681272,0.0,0.0464410615099773,0.0,0.0,0.0,0.0,49.67761982282103,0.0101283906446007,0.0100587886306024,-164.04395644020255,74164000000.0,12715000000.0,12715000000.0,76747000000.0,10901500000.0,6579500000.0,0.0,95.91549295774648,0.0,0.0,0.9383259911894272,0.0,0.0,0.0456911863783916,0.0,2008-07-29,1.9,bmo,2987706422.0,2025-04-25,2008-06-30,0.1473684210526317,59.03734375,2018782.671875
2008-03-31,CB,USD,896159,2008-05-08,2008-05-08 15:47:30,2008,Q1,3076000000.0,0.0,3076000000.0,1.0,0,375000000.0,0.0,375000000.0,2125000000.0,2500000000.0,2546000000.0,0.0,46000000.0,2000000.0,578000000.0,0.1879063719,576000000.0,0.1872561769,-46000000.0,530000000.0,0.1723016905,153000000.0,377000000.0,0.1225617685,1.11,1.1,330749894,333044594,https://www.sec.gov/Archives/edgar/data/896159/000119312508107734/0001193125-08-107734-index.htm,https://www.sec.gov/Archives/edgar/data/896159/000119312508107734/d10q.htm,9.300078566313918,1.1398340765605808,3.068784052278487,3.068784052278487,16.042333183635126,50.59714395554727,42.24339978170938,50.59714395554727,10.585037405937914,18211089163.64,21155089163.64,12.076319074031831,5.920380092210663,17.941959767133007,17.941959767133003,1.0882037145885868,1.0882037145885868,6.877467218348504,36.60050028311419,20.84245237797044,20.84245237797044,0.0207016722949615,0.0557352715633579,0.2064535404840155,0.0467403509246607,5.093425605536332,0.0,12.521739130434783,2.6923076923076925,0.0054911597599367,0.2652519893899204,0.1219115734720416,0.0,0.0373787524181874,0.0,0.0,0.0,0.0,36.02260192277086,0.0054440706180837,0.0052982179998875,-116.67501849599988,71156000000.0,13972000000.0,13972000000.0,72865000000.0,10628500000.0,5618000000.0,0.0,518.3777633289988,0.0,0.0,0.1736185584466896,0.0,0.0,0.0225276366895727,0.0,2008-04-29,1.92,bmo,2613333333.0,2025-04-25,2008-03-31,0.1250000000000001,57.66508196721312,2966549.4918032787
2007-12-31,CB,USD,896159,2008-02-29,2008-02-28 20:21:34,2007,Q4,3495000000.0,0.0,3495000000.0,1.0,0,385000000.0,0.0,385000000.0,2354000000.0,2739000000.0,2782000000.0,0.0,43000000.0,-1000000.0,755000000.0,0.2160228898,756000000.0,0.2163090129,-43000000.0,713000000.0,0.2040057225,141000000.0,572000000.0,0.1636623748,1.7,1.7,336607143,336607143,https://www.sec.gov/Archives/edgar/data/896159/000119312508042242/0001193125-08-042242-index.htm,https://www.sec.gov/Archives/edgar/data/896159/000119312508042242/d10k.htm,10.383023868272456,1.6993103441063937,2.4449867363628703,2.4449867363628703,9.331352781185632,49.54440316199707,41.43108751557301,49.54440316199707,6.613050395071385,20795589294.54,22468589294.54,9.088981335026224,5.950097079982833,25.2680307345565,25.2680307345565,1.2469622410829286,1.2469622410829286,6.428780914031474,29.75972091992053,27.300837538930743,27.300837538930743,0.0275058326983877,0.0395756998440089,0.1308988427175151,0.0302815924538771,2.2158940397350992,0.0,17.58139534883721,1.4388111888111887,0.0048087120102076,0.1748251748251748,0.1101573676680972,0.0,0.0378832015536135,0.0,0.0,0.0,0.0,43.52361000284306,0.0083698558373856,0.0082469470436424,-147.40328906211002,69359000000.0,13946000000.0,13946000000.0,71003000000.0,1770000000.0,5916000000.0,0.0,91.1587982832618,0.0,0.0,0.9872881355932204,0.0,0.0,0.0342987347844336,0.0,2008-02-05,1.9,bmo,2833317073.0,2025-04-25,2007-12-31,0.0789473684210525,60.23796875,1821806.671875
2007-09-30,CB,USD,896159,2007-11-07,2007-11-07 17:07:00,2007,Q3,3642000000.0,0.0,3642000000.0,1.0,0,358000000.0,0.0,358000000.0,2444000000.0,2802000000.0,2846000000.0,0.0,44000000.0,1000000.0,841000000.0,0.2309170785,840000000.0,0.2306425041,-44000000.0,796000000.0,0.2185612301,140000000.0,656000000.0,0.1801208127,1.98,1.95,325201688,330621041,https://www.sec.gov/Archives/edgar/data/896159/000119312507238605/0001193125-07-238605-index.htm,https://www.sec.gov/Archives/edgar/data/896159/000119312507238605/d10q.htm,11.199203861451052,2.017209701568339,4.563321946840572,4.563321946840572,10.59650096281173,49.307862141232185,40.90999675253838,49.307862141232185,6.761957520958501,20100716335.280003,21749716335.280003,7.660333969237805,5.519142321603515,13.544957099245282,13.544957099245284,1.253552624588712,1.253552624588712,5.971915523141132,25.86173167096314,14.656143083072775,14.656143083072775,0.0326356528323627,0.0738282146390644,0.1343935141877143,0.0299496900797731,1.9607609988109391,0.0,19.09090909090909,2.2621951219512195,0.0050246965488851,0.1539634146341463,0.0982976386600768,0.0,0.0379548044584039,0.0,0.0,0.0,0.0,47.306941374231485,0.0096092684239899,0.0094766190428036,-161.35525102194427,69223000000.0,13304000000.0,13304000000.0,70791000000.0,0.0,9096000000.0,0.0,0.0,0.0,0.0,0.0,0.0,0.0,0.0409105082631743,0.0,2007-10-23,1.81,bmo,2767718446.0,2025-04-25,2007-09-30,0.1381215469613259,58.93349206349206,2051492.174603175
2007-06-30,CB,USD,896159,2007-08-07,2007-08-07 17:18:05,2007,Q2,3468000000.0,0.0,3468000000.0,1.0,0,356000000.0,0.0,356000000.0,2256000000.0,2612000000.0,2654000000.0,0.0,42000000.0,-4000000.0,852000000.0,0.2456747405,856000000.0,0.246828143,-42000000.0,814000000.0,0.2347174164,165000000.0,649000000.0,0.1871395617,1.96,1.93,324541868,330073211,https://www.sec.gov/Archives/edgar/data/896159/000119312507173892/0001193125-07-173892-index.htm,https://www.sec.gov/Archives/edgar/data/896159/000119312507173892/d10q.htm,10.685832374638332,1.9997419870646704,3.5681066579674705,3.5681066579674705,10.907683565807291,46.78595120429885,38.37101227259837,46.78595120429885,6.747973731389258,20290357587.36,21817357587.36,7.816008315624037,5.850737481937716,17.5218977438342,17.5218977438342,1.3362985766174922,1.3362985766174922,6.291048900622838,25.607227215211267,18.84055059357513,18.84055059357513,0.0319856363893901,0.0570714436655065,0.1414646996838777,0.030245001408054,1.7922535211267605,0.0,20.38095238095238,1.7842835130970724,0.0045834579109603,0.1432973805855161,0.1026528258362168,0.0,0.0384539566319346,0.0,0.0,0.0,0.0,45.88132733618214,0.0095982910693549,0.0095037268081242,-161.13791518572268,68289000000.0,12453000000.0,12453000000.0,69857000000.0,0.0,8603000000.0,0.0,0.0,0.0,0.0,0.0,0.0,0.0,0.0427423603793466,0.0,2007-07-24,1.84,bmo,2795313131.0,2025-04-25,2007-06-30,0.076086956521739,60.57396825396825,1573581.746031746
2007-03-31,CB,USD,896159,2007-05-08,2007-05-08 17:13:38,2007,Q1,3549000000.0,0.0,3549000000.0,1.0,0,356000000.0,0.0,356000000.0,2317000000.0,2673000000.0,2719000000.0,0.0,46000000.0,-2000000.0,874000000.0,0.246266554,876000000.0,0.246830093,-46000000.0,830000000.0,0.2338686954,129000000.0,701000000.0,0.1975204283,2.13,2.1,329107981,333809524,https://www.sec.gov/Archives/edgar/data/896159/000119312507106243/0001193125-07-106243-index.htm,https://www.sec.gov/Archives/edgar/data/896159/000119312507106243/d10q.htm,10.783694729056116,2.130000001428103,3.755606279265528,3.755606279265528,10.01798859444858,45.45316693489728,37.15497862690847,45.45316693489728,8.16753210248037,18778901395.86,20781901395.86,6.697183094101284,5.291321892324599,15.193285918980584,15.193285918980584,1.2553580717868842,1.2553580717868842,5.855706225939701,23.777919217231123,16.813836080792882,16.813836080792882,0.0373291272595181,0.0658185467799777,0.1766160839628317,0.037865107346576,2.291762013729977,0.0,19.043478260869566,1.7631954350927246,0.0048991151324902,0.1312410841654779,0.1003099464637926,0.0,0.0391406541118468,0.0,0.0,0.0,0.0,46.6727225134282,0.010515963363082,0.0104559760153931,-156.5382882647261,67043000000.0,12228000000.0,12228000000.0,68582000000.0,9080000000.0,7725000000.0,0.0,0.0,0.0,0.0,0.0,0.0,0.0,0.0468614212179958,0.0,2007-04-24,1.75,bmo,2723989898.0,2025-04-25,2007-03-31,0.1314285714285714,57.53442622950819,1546674.3770491802
2006-12-31,CB,USD,896159,2007-03-01,2007-02-28 21:19:29,2006,Q4,3469000000.0,0.0,3469000000.0,1.0,0,365000000.0,0.0,365000000.0,2273000000.0,2638000000.0,2680000000.0,0.0,42000000.0,-10000000.0,821000000.0,0.2366676276,831000000.0,0.2395503027,-42000000.0,789000000.0,0.2274430672,124000000.0,665000000.0,0.1916978956,2.02,2.02,327418370,329107981,https://www.sec.gov/Archives/edgar/data/896159/000119312507043123/0001193125-07-043123-index.htm,https://www.sec.gov/Archives/edgar/data/896159/000119312507043123/d10k.htm,10.595007237987287,2.031040591888598,2.455573888538997,2.455573888538997,9.226727260293917,43.60781589621865,35.26680558577089,43.60781589621865,6.658148105740066,19831730670.9,21404730670.9,7.455537846203008,5.716843664139522,24.66633168022388,24.666331680223884,1.3889711914063594,1.3889711914063594,6.170288460910926,26.071535530937883,26.622799341915425,26.622799341915425,0.033532121378382,0.0405410911101039,0.1497408600644348,0.0318462798838161,1.915956151035323,0.0,19.785714285714285,1.2090225563909776,0.0047398788113803,0.1413533834586466,0.1052176419717497,0.0,0.040679228420347,0.0,0.0,0.0,0.0,44.64087806818501,0.0103436450835692,0.0103254456244953,-110.61077605389092,64404000000.0,11547000000.0,11547000000.0,65970000000.0,9156000000.0,7262500000.0,0.0,471.1444220236379,0.0,0.0,0.1910242290748898,0.0,0.0,0.0465751505813139,0.0,2007-01-30,1.74,bmo,3110137931.0,2025-04-25,2006-12-31,0.1034482758620689,58.00238095238095,1129528.5714285714
2006-09-30,CB,USD,896159,2006-11-08,2006-11-08 14:20:23,2006,Q3,3389000000.0,0.0,3389000000.0,1.0,0,353000000.0,0.0,353000000.0,2282000000.0,2635000000.0,2681000000.0,0.0,46000000.0,1000000.0,755000000.0,0.222779581,754000000.0,0.2224845087,-46000000.0,708000000.0,0.2089111832,130000000.0,578000000.0,0.1705517852,1.76,1.73,328409091,334104046,https://www.sec.gov/Archives/edgar/data/896159/000119312506228135/0001193125-06-228135-index.htm,https://www.sec.gov/Archives/edgar/data/896159/000119312506228135/d10q.htm,10.319446363925412,1.7599999995128028,4.058961936592675,4.058961936592675,13.306574390780186,41.140761234286295,33.05633217078025,41.140761234286295,6.63197231650326,17973829550.43,19561829550.43,7.774147729424739,5.303579094254943,13.48374309859715,13.483743098597149,1.3303108245451851,1.3303108245451851,5.772153895081145,25.90970801381457,14.675040923053263,14.675040923053263,0.0321578658781802,0.0741633827259761,0.1577973503071571,0.0320924841569701,2.1033112582781457,0.0,16.391304347826086,2.3062283737024223,0.0051741894925099,0.1608996539792387,0.1041605193272351,0.0,0.0399650775969774,0.0,0.0,0.0,0.0,40.36302942578462,0.0091965648083364,0.009062686192731,-147.49287193148987,63778000000.0,10856000000.0,10856000000.0,65269000000.0,9770500000.0,6725500000.0,0.0,4.036588964296253,0.0,0.0,22.29605263157895,0.0,0.0,0.0427799570720153,0.0,2006-10-24,1.67,bmo,2631102040.0,2025-04-25,2006-09-30,0.1736526946107784,52.33492063492064,1158941.2698412698
2006-06-30,CB,USD,896159,2006-08-07,2006-08-07 12:20:32,2006,Q2,3289000000.0,0.0,3289000000.0,1.0,0,340000000.0,0.0,340000000.0,2197000000.0,2537000000.0,2582000000.0,0.0,45000000.0,3000000.0,755000000.0,0.2295530556,752000000.0,0.2286409243,-45000000.0,707000000.0,0.2149589541,134000000.0,573000000.0,0.1742170873,1.75,1.72,327428571,333139535,https://www.sec.gov/Archives/edgar/data/896159/000119312506163400/0001193125-06-163400-index.htm,https://www.sec.gov/Archives/edgar/data/896159/000119312506163400/d10q.htm,10.044938931123394,1.750000002290576,2.693717281012719,2.693717281012719,13.425828987904662,38.07242587880335,29.817190265903825,38.07242587880335,7.528359521197678,16564611406.89,18432611406.89,7.227142847683246,5.036367104557617,18.78073855656463,18.78073855656463,1.3287832028629871,1.3287832028629871,5.604320889902706,24.414054843562912,20.898652388764173,20.898652388764173,0.0345918166098156,0.0532460423208681,0.1941280282368041,0.037008716929194,2.474172185430464,0.0,16.711111111111112,1.5392670157068062,0.0051917909745971,0.150087260034904,0.1033748859835816,0.0,0.0413365958097568,0.0,0.0,0.0,0.0,38.718235638262975,0.0092079015598018,0.0091406511716942,-103.7974477798396,62687000000.0,9763000000.0,9763000000.0,64147000000.0,9780500000.0,6647500000.0,0.0,530.5594405594405,0.0,0.0,0.1696322657176749,0.0,0.0,0.0459650248676399,0.0,2006-07-25,1.58,bmo,2638781609.0,2025-04-25,2006-06-30,0.10126582278481,51.81444444444444,1524731.746031746
2006-03-31,CB,USD,896159,2006-05-05,2006-05-05 15:26:24,2006,Q1,3181000000.0,0.0,3181000000.0,1.0,0,398000000.0,0.0,398000000.0,2121000000.0,2519000000.0,2562000000.0,0.0,43000000.0,16000000.0,678000000.0,0.2131405218,666000000.0,0.2093681232,-47000000.0,619000000.0,0.1945928953,134000000.0,489000000.0,0.1537252436,1.49,1.46,328187919,334931507,https://www.sec.gov/Archives/edgar/data/896159/000119312506101973/0001193125-06-101973-index.htm,https://www.sec.gov/Archives/edgar/data/896159/000119312506101973/d10q.htm,9.692617600588765,1.490000002102454,3.309079759270481,3.309079759270481,10.777361978397504,37.0428016882608,28.80666670731411,37.0428016882608,6.566359927465824,17069053667.19,18783053667.19,8.726510054800613,5.365939536997799,15.717360651187844,15.717360651187844,1.4040514655910177,1.4040514655910177,5.904763806095567,27.70361897815634,17.295629527799264,17.295629527799264,0.0286483368987205,0.0636239138486921,0.1737270708233939,0.0325689700371644,2.528023598820059,0.0,15.488372093023257,2.220858895705521,0.0049211867065286,0.1717791411042944,0.1251178874567746,0.0,0.0416827301185868,0.0,0.0,0.0,0.0,35.24003303561535,0.0080099701450625,0.0078688208032955,-149.377832521617,62144000000.0,9454000000.0,9454000000.0,63576000000.0,184500000.0,6486000000.0,0.0,4.866394215655454,0.0,0.0,18.49418604651163,0.0,0.0,0.0402237394093937,0.0,2006-04-25,1.56,bmo,2684539877.0,2025-04-25,2006-03-31,0.0448717948717947,54.66112903225806,1187340.322580645
2005-12-31,CB,USD,896159,2006-03-16,2006-03-16 15:00:57,2005,Q4,3188000000.0,0.0,3188000000.0,1.0,0,301000000.0,0.0,301000000.0,2601000000.0,2902000000.0,2948000000.0,0.0,46000000.0,10000000.0,296000000.0,0.0928481807,286000000.0,0.0897114178,-46000000.0,240000000.0,0.0752823087,4000000.0,236000000.0,0.0740276035,0.72,0.72,328187919,328187919,https://www.sec.gov/Archives/edgar/data/896159/000119312506056531/0001193125-06-056531-index.htm,https://www.sec.gov/Archives/edgar/data/896159/000119312506056531/d10k.htm,9.713946843972645,0.7191002055136588,2.4650511282226693,2.4650511282226693,10.865725986702149,35.991574692912444,27.755439711965757,35.991574692912444,6.572453997004076,17538362391.36,19137362391.36,18.57877371966101,5.501368378720201,21.679063524548827,21.679063524548827,1.4847919396681342,1.4847919396681342,6.002936760150565,64.65325132216216,23.655577739629173,23.655577739629173,0.01345621642054,0.0461274537466816,0.178716559431087,0.0338084561178731,5.402027027027027,0.0,6.217391304347826,3.4279661016949152,0.0044473935627208,0.3305084745762712,0.0944165621079046,0.0,0.0432895579756566,0.0,0.0,0.0,0.0,24.13161509440996,0.0044825204547869,0.0039506503507039,-142.9493509174541,59737000000.0,9109000000.0,9109000000.0,61126000000.0,9784500000.0,5993500000.0,0.0,5.561480552070263,0.0,0.0,16.18274111675127,0.0,0.0,0.0199796816796478,0.0,2006-01-31,0.72,bmo,3188000000.0,2025-04-25,2005-12-31,0.0,52.70825396825396,2081409.4603174604
2005-09-30,CB,USD,896159,2005-11-09,2005-11-08 18:01:20,2005,Q3,3494000000.0,0.0,3494000000.0,1.0,0,308000000.0,0.0,308000000.0,3240000000.0,3548000000.0,3591000000.0,0.0,43000000.0,26000000.0,-28000000.0,-0.0080137378,-54000000.0,-0.0154550658,-43000000.0,-97000000.0,-0.0277618775,15000000.0,-112000000.0,-0.0320549513,-0.43,-0.43,260465116,260465116,https://www.sec.gov/Archives/edgar/data/896159/000119312505220010/0001193125-05-220010-index.htm,https://www.sec.gov/Archives/edgar/data/896159/000119312505220010/d10q.htm,13.414464300086928,-0.4300000004607143,4.580267862050287,4.580267862050287,12.562142870602296,39.27205361350577,28.89446431667264,39.27205361350577,7.882053579873629,12260093010.12,13861093010.12,-27.36627904044643,3.508898972558672,10.276691542430846,10.276691542430846,1.1985622260357809,1.1985622260357809,3.9671130538408703,-495.0390360757143,11.618686513093044,11.618686513093044,-0.0091353303688275,0.097307581517958,0.1965001466419005,0.0331984474357915,-57.17857142857143,0.0,-1.255813953488372,-10.651785714285714,0.0063621050782906,-0.6964285714285714,0.0881511161991986,0.0,0.0446444793129077,0.0,0.0,0.0,0.0,,-0.0010222904275043,-0.0019363092562497,-124.83437513375112,57842000000.0,7526000000.0,7526000000.0,59301000000.0,18866500000.0,5763500000.0,0.0,498.9925586720091,0.0,0.0,0.1803634111088168,0.0,0.0,-0.0109492619024342,0.0,2005-10-25,-0.62,bmo,2737920000.0,2025-04-25,2005-09-30,0.129032258064516,45.4690625,1117532.8125
2005-06-30,CB,USD,896159,2005-08-12,2005-08-12 15:50:27,2005,Q2,3258000000.0,0.0,3258000000.0,1.0,0,316000000.0,0.0,316000000.0,2304000000.0,2620000000.0,2663000000.0,0.0,43000000.0,22755000.0,660755000.0,0.2028100061,638000000.0,0.1958256599,-43000000.0,595000000.0,0.1826273788,128000000.0,467000000.0,0.1433394721,1.61,1.58,290062112,295569620,https://www.sec.gov/Archives/edgar/data/896159/000119312505166897/0001193125-05-166897-index.htm,https://www.sec.gov/Archives/edgar/data/896159/000119312505166897/d10q.htm,11.232077080097934,1.609999998896788,3.768158455662076,3.768158455662076,12.945503203120854,36.195695906675326,26.87700212291083,36.195695906675326,7.029528903106105,13009285723.2,14354285723.2,6.964285719057816,3.993028153222837,11.90236571198536,11.902365711985365,1.239097601981141,1.239097601981141,4.405858110251688,21.72406674667615,13.132923808966147,13.132923808966147,0.035897435872838,0.0840169109400685,0.1901133441280122,0.0343409665708927,2.035550241768885,0.0,14.83720930232558,2.340471092077088,0.0054576401434079,0.15203426124197,0.0969920196439533,0.0,0.0465048259725065,0.0,0.0,0.0,0.0,36.210344976551305,0.0085936087151524,0.0084265608083724,-103.76484468264508,55420000000.0,7796000000.0,7796000000.0,56989000000.0,18428315500.0,5614147500.0,0.0,507.2099447513812,0.0,0.0,0.177441315832471,0.0,0.0,0.0444804267073054,0.0,2005-07-25,1.44,bmo,2804160000.0,2025-04-25,2005-06-30,0.0416666666666667,42.78890625,1246548.453125
2005-03-31,CB,USD,896159,2005-05-10,2005-05-10 13:05:40,2005,Q1,3155682000.0,0.0,3155682000.0,1.0,0,355537000.0,0.0,355537000.0,2187463000.0,2543000000.0,2602871000.0,0.0,42679000.0,31245000.0,636245000.0,0.2016188577,595490000.0,0.1887040583,-42679000.0,552811000.0,0.175179565,119783000.0,433028000.0,0.1372216846,1.5,1.48,291333333,295270270,https://www.sec.gov/Archives/edgar/data/896159/000119312505102338/0001193125-05-102338-index.htm,https://www.sec.gov/Archives/edgar/data/896159/000119312505102338/d10q.htm,10.831860424292746,1.48636613442376,4.163615565404594,4.163615565404594,11.08867621406027,34.20583527941171,25.25234899914457,34.20583527941171,6.99798398970021,12023326652.910002,13445275652.910002,6.94142564274712,3.8100564799970345,9.912058246422095,9.912058246422095,1.2065192872176451,1.2065192872176451,4.260656065126335,21.13222996315885,11.084316284344602,11.084316284344602,0.0360156562738977,0.1008872199031886,0.2003017470623062,0.0350403797856446,2.234907936408145,0.0,13.952763654256191,2.7757437070938216,0.0059051876447868,0.1639616837710263,0.1126656614956766,0.0,0.0457905689596016,0.0,0.0,0.0,0.0,33.82238742426958,0.0081674737097132,0.0079664707225559,-102.6221079549452,-2551484235000.0,7356851000.0,-2598483700000.0,-2550053596000.0,18414315500.0,5524647500.0,0.0,527.4950993160908,0.0,0.0,0.1706176988500689,0.0,0.0,0.0434535839362588,0.0,2005-04-26,1.43,bmo,2760955704.0,2025-04-25,2005-03-31,0.0419580419580419,43.96688524590164,1328045.9016393442
2004-12-31,CB,USD,896159,2005-03-16,2005-03-16 13:02:52,2004,Q4,3296739000.0,0.0,3296739000.0,1.0,0,337268000.0,0.0,337268000.0,-3337215000.0,-2999947000.0,3043263000.0,0.0,43316000.0,26728000.0,323520000.0,0.0981333372,296792000.0,0.0900259317,-43316000.0,253476000.0,0.0768868873,-28399000.0,281875000.0,0.0855011574,0.97,0.97,290622819,290622819,https://www.sec.gov/Archives/edgar/data/896159/000119312505052345/0001193125-05-052345-index.htm,https://www.sec.gov/Archives/edgar/data/896159/000119312505052345/d10k.htm,11.343703193519708,0.96989975174661,3.012130991682384,3.012130991682384,12.845391882321533,33.84390817570316,24.85476888860541,33.84390817570316,7.014376940580155,12424125512.25,13885352512.25,11.019180055210642,3.768610591329796,14.192609855962,14.192609855962,1.2631519911370814,1.2631519911370814,4.211844647771631,42.91961088108927,15.861831943387775,15.861831943387775,0.0226877134911487,0.0704592044837984,0.2028527995451722,0.0354124198676819,4.516651211671612,0.0,6.851786868593591,3.1056106430155213,0.0057050292940226,0.2514589800443459,0.1023035187195589,0.0,0.046367342015528,0.0,0.0,0.0,0.0,27.176588419066977,0.0058426528923563,0.0052461393672028,-99.86727848786025,53729987000.0,7223363000.0,7223363000.0,55181212000.0,18075058500.0,4928634000.0,0.0,500.4854797422544,0.0,0.0,0.1798253968253968,0.0,0.0,0.0286580304706922,0.0,2005-02-02,0.27,bmo,1441000000.0,2025-04-25,2004-12-31,1.0,39.6690625,1745715.6875
2004-09-30,CB,USD,896159,2004-11-09,2004-11-09 16:28:13,2004,Q3,3072588000.0,0.0,3072588000.0,1.0,0,325629000.0,0.0,325629000.0,-3298682000.0,-2973053000.0,3022050000.0,0.0,48997000.0,26520000.0,145000000.0,0.0471914881,99535000.0,0.0323945156,-48997000.0,50538000.0,0.0164480236,53158000.0,-2620000.0,-0.0008527014,-0.0091,-0.009,287569900,292460544,https://www.sec.gov/Archives/edgar/data/896159/000119312504191340/0001193125-04-191340-index.htm,https://www.sec.gov/Archives/edgar/data/896159/000119312504191340/d10q.htm,10.684664841487235,-0.0091108283586008,6.283689635111324,6.283689635111324,18.131852464392136,32.964413173979615,23.87984277909475,32.964413173979615,7.106070558844998,11520050194.0,12888746194.0,-1099.2414307251909,3.7492986999884135,6.375235303818484,6.375235303818483,1.215249905665582,1.215249905665582,4.194752499847034,88.8879047862069,7.132676366353072,7.132676366353072,-0.000227429564618,0.1568569554446161,0.2103992447761096,0.0366260211996606,9.43928275862069,0.0,2.0314509051574587,451.75,0.0060763624134605,-26.7175572519084,0.1059787384445945,0.0,0.0479738542623733,0.0,0.0,0.0,0.0,,-9.450522741745756e-05,-5.053697074530497e-05,-91.80062743006135,-2557993317000.0,6867124000.0,-2602969427000.0,-3570956868000.0,17976616000.0,4343374500.0,0.0,521.8859573753462,0.0,0.0,0.1724514690002877,0.0,0.0,-0.0002763837569477,0.0,2004-10-26,,bmo,,2025-04-25,2004-09-30,,39.7078125,1153948.4375
2004-06-30,CB,USD,896159,2004-08-09,2004-08-09 14:07:23,2004,Q2,3067940000.0,0.0,3067940000.0,1.0,0,309797000.0,0.0,309797000.0,-2789946000.0,-2480149000.0,2526548000.0,0.0,46399000.0,27936000.0,625936000.0,0.2040248506,587791000.0,0.1915914262,-46399000.0,541392000.0,0.1764675971,128383000.0,413009000.0,0.1346209509,1.47,1.44,287755102,293750000,https://www.sec.gov/Archives/edgar/data/896159/000119312504135650/0001193125-04-135650-index.htm,https://www.sec.gov/Archives/edgar/data/896159/000119312504135650/d10q.htm,10.661635462505195,1.435279503749685,3.8299824828127633,3.8299824828127633,20.56980035752763,32.04277851518337,22.958293194745856,32.04277851518337,8.482581135954977,12166285712.56,13897552712.56,7.364419245440172,3.965620485589679,11.039214980677745,11.039214980677745,1.3194860732806224,1.3194860732806224,4.529929761520759,22.202833376830856,12.610099394663084,12.610099394663084,0.0339470081303142,0.090586151438334,0.2596945948434532,0.0446310420599325,2.765885010608113,0.0,12.668182503933274,2.5982130017092,0.0053101662681901,0.1564251626477873,0.1009788327020737,0.0,0.0487241505103822,0.0,0.0,0.0,0.0,32.16803884348179,0.00827363198886,0.0080923370001271,-86.56503942717235,-2560455844000.0,6606366000.0,-2604886527000.0,-3672400737000.0,17930494000.0,4075127000.0,0.0,532.0346388782049,0.0,0.0,0.1691619180844409,0.0,0.0,0.0447926044574936,0.0,2004-07-27,1.25,bmo,2695736434.0,2025-04-25,2004-06-30,0.032,42.61612903225806,1215390.322580645
2004-03-31,CB,USD,896159,2004-05-10,2004-05-10 11:21:15,2004,Q1,2894858000.0,0.0,2894858000.0,1.0,0,314905000.0,0.0,314905000.0,-2596125000.0,-2281220000.0,2325492000.0,0.0,44272000.0,25972000.0,639610000.0,0.2209469342,613638000.0,0.2119751642,-44272000.0,569366000.0,0.1966818407,122541000.0,446825000.0,0.154351267,1.56,1.53,286426282,292042484,https://www.sec.gov/Archives/edgar/data/896159/000119312504083220/0001193125-04-083220-index.htm,https://www.sec.gov/Archives/edgar/data/896159/000119312504083220/d10q.htm,10.106816943565256,1.560000000279304,4.056551626082972,4.056551626082972,15.87402862702383,32.80711509567408,23.3822642015791,32.80711509567408,6.77051346845329,12218945190.12,13500040190.12,6.83653846031444,4.220913492171291,10.516321233459248,10.516321233459246,1.3003276842719131,1.3003276842719131,4.6634550607041865,21.10667467694376,11.618904667704616,11.618904667704616,0.0365682137899508,0.0950902865935999,0.2016619452112523,0.0361096302414916,2.002931473866888,0.0,13.860634260932418,2.600353605997874,0.0052700948402705,0.144116824260057,0.108780810664979,0.0,0.0514405419250444,0.0,0.0,0.0,0.0,33.934197206716576,0.0090820428731148,0.008976170364449,-88.12506685402563,-2647046451000.0,6697295000.0,-2690128180000.0,-2645343960000.0,17416862000.0,3667182000.0,0.0,551.0593507522649,0.0,0.0,0.16332179079647,0.0,0.0,0.047550660755447,0.0,2004-04-27,1.24,bmo,2291520000.0,2025-04-25,2004-03-31,0.129032258064516,43.44919354838709,1046374.1935483871
2003-12-31,CB,USD,896159,2004-03-15,2004-03-12 19:58:57,2003,Q4,3165533000.0,0.0,3165533000.0,1.0,0,320756000.0,0.0,320756000.0,0.0,-840315000.0,2650126000.0,0.0,44467000.0,-66554000.0,0.0,0.0,559874000.0,0.1768656337,515407000.0,515407000.0,0.1628183942,70802000.0,444605000.0,0.1404518607,1.55,1.55,275602550,286426282,https://www.sec.gov/Archives/edgar/data/896159/000119312504040912/0001193125-04-040912-index.htm,https://www.sec.gov/Archives/edgar/data/896159/000119312504040912/d10k.htm,11.48586252195417,1.613210763107961,5.75259191179472,5.75259191179472,12.659741355803856,32.05629265766953,22.220280617868013,32.05629265766953,7.036930536382918,11415457621.0,12748736621.0,6.418876092823967,3.606172363706207,7.200232631672563,7.200232631672563,1.29210200450582,1.29210200450582,4.027358622070912,0.0,8.041190504904351,8.041190504904351,0.0389476282739729,0.1388844015401912,0.2144847487140619,0.0382406093638354,0.0,0.0,12.59077518159534,3.5659270588499905,0.0056192228230952,0.144276380157668,0.1013276437175035,0.0,0.0547058972034129,0.0,0.0,0.0,0.0,34.11092226348552,0.0096402752333971,0.0094915962424546,-88.52349787765026,46841963000.0,6123966000.0,6123966000.0,49552793000.0,17072035000.0,3299797500.0,0.0,486.4256951357007,0.0,0.0,0.1850231204889212,0.0,0.0,0.050324308563548,0.0,2004-02-04,1.08,bmo,2725746428.0,2025-04-25,2003-12-31,0.037037037037037,36.38390625,1328770.3125
2003-09-30,CB,USD,896159,2003-11-14,2003-11-14 09:12:00,2003,Q3,2666682000.0,0.0,2666682000.0,1.0,0,293355000.0,0.0,293355000.0,-2493778000.0,-2200423000.0,2244771000.0,0.0,44348000.0,27881000.0,494140000.0,0.1853014345,466259000.0,0.1748461196,-44348000.0,421911000.0,0.1582157153,66946000.0,354965000.0,0.1331111096,1.25,1.22,283972000,290954918,https://www.sec.gov/Archives/edgar/data/896159/000119312503081108/0001193125-03-081108-index.htm,https://www.sec.gov/Archives/edgar/data/896159/000119312503081108/d10q.htm,9.390651190962489,1.25,3.66599876044117,3.66599876044117,12.732882115138112,29.390066626287098,19.843949403462315,29.390066626287098,6.829771949347118,9393793760.0,10857788760.0,6.616,3.5226524047486727,9.023461861732631,9.023461861732631,1.125550357562393,1.125550357562393,4.071647373027605,21.97310227870644,10.42974172967251,10.42974172967251,0.0377871825876662,0.1108222116215589,0.227069972571147,0.0401214383605812,2.9627129963168333,0.0,10.5136421033643,2.9327990083529363,0.006824825159883,0.1806121730311439,0.1100074924569183,0.0,0.0573908925633125,0.0,0.0,0.0,0.0,28.7505760614344,0.0082792781789539,0.0079725012772981,-79.22029548687898,-2663595502000.0,5635126000.0,-2702484044000.0,-3763496672000.0,17161448000.0,3262180500.0,0.0,574.9353353718216,0.0,0.0,0.1565393435799093,0.0,0.0,0.0425313768728232,0.0,2003-10-28,1.02,bmo,2351394230.0,2025-04-25,2003-09-30,0.0196078431372549,33.058125,1509548.4375
2003-06-30,CB,USD,896159,2003-08-14,2003-08-13 20:43:34,2003,Q2,2625826000.0,0.0,2625826000.0,1.0,0,287288000.0,0.0,287288000.0,-2410796000.0,-2123508000.0,2167189000.0,0.0,43681000.0,22949000.0,525267000.0,0.2000387688,502318000.0,0.1912990427,-43681000.0,458637000.0,0.1746638962,88169000.0,370468000.0,0.1410862715,1.35,1.32,274420741,280657576,https://www.sec.gov/Archives/edgar/data/896159/000119312503036448/0001193125-03-036448-index.htm,https://www.sec.gov/Archives/edgar/data/896159/000119312503036448/d10q.htm,9.568613474445796,1.349999998724586,3.5648398748402186,3.5648398748402186,11.971759087991094,29.801333420348136,19.922962018384755,29.801333420348136,7.065023558113634,9409887208.89,10729221208.89,6.350000005999169,3.583591299990936,9.618945367507406,9.618945367507406,1.1506196557160435,1.1506196557160435,4.08603662576652,20.42622363272393,10.967590827944546,10.967590827944546,0.0393700787029625,0.1039615011618611,0.2317295060077494,0.0406450906938684,2.511739743787446,0.0,11.499690941141456,2.640622132006003,0.0054609581240731,0.1387083364825032,0.1094086203731702,0.0,0.0581401857865933,0.0,0.0,0.0,0.0,30.086799460691584,0.0086751368546741,0.0084360387370817,-80.88526096502305,-2664204246000.0,5467274000.0,-2702651896000.0,-2662587091000.0,17433503500.0,3430397000.0,0.0,592.533903617376,0.0,0.0,0.151890042832244,0.0,0.0,0.0452999864027163,0.0,2003-07-28,0.99,bmo,2260924752.0,2025-04-25,2003-06-30,0.0202020202020202,33.73,1784182.5238095238
2003-03-31,CB,USD,896159,2003-05-13,2003-05-13 13:23:20,2003,Q1,2231701000.0,0.0,2231701000.0,1.0,0,259672000.0,0.0,259672000.0,-2146570000.0,-1886898000.0,1931827000.0,0.0,44929000.0,15724000.0,360527000.0,0.1615480748,344803000.0,0.154502328,-44929000.0,299874000.0,0.1343701508,52430000.0,247444000.0,0.1108768603,0.92,0.9,268960870,274937778,https://www.sec.gov/Archives/edgar/data/896159/000095013103002799/0000950131-03-002799-index.htm,https://www.sec.gov/Archives/edgar/data/896159/000095013103002799/d10q.htm,8.29749323758508,0.9199999985127948,2.2331761493781603,2.2331761493781603,12.058650018495255,24.91977736389684,14.840876295499788,24.91977736389684,7.214320804360872,7786417186.5,9204489186.5,7.866847838803931,3.489005555179659,12.963598956607736,12.963598956607736,1.1617278749023676,1.1617278749023676,4.124427594243135,25.530651481026386,15.324545751427236,15.324545751427236,0.0317789291368841,0.0771390725173803,0.2827984414642716,0.0416979585249581,3.933330929444951,0.0,7.674397382536892,2.4273653836827727,0.0065593711172516,0.2064062979906564,0.116356088920514,0.0,0.0596357665093307,0.0,0.0,0.0,0.0,22.71209789074528,0.0062390266626379,0.0057887573780665,-83.00909533792034,-2665373554000.0,3991615000.0,-2704127555000.0,-3889627724000.0,17237864500.0,3424474500.0,0.0,708.9389214773844,0.0,0.0,0.1269502876389487,0.0,0.0,0.0369184678128653,0.0,2003-04-29,0.96,bmo,1949647058.0,2025-04-25,2003-03-31,0.0625,28.541147540983605,1693098.3770491802
2002-12-31,CB,USD,896159,2003-03-27,2003-03-27 13:16:26,2002,Q4,2083415000.0,0.0,2083415000.0,1.0,0,265736000.0,0.0,265736000.0,0.0,-676598000.0,2405007000.0,0.0,46861000.0,0.0,-429086000.0,-0.2059532066,-274731000.0,-0.1318657109,107494000.0,-321592000.0,-0.1543581092,-152946000.0,-168646000.0,-0.0809469069,-0.63,-0.63,268960870,268960870,https://www.sec.gov/Archives/edgar/data/896159/000095013103001690/0000950131-03-001690-index.htm,https://www.sec.gov/Archives/edgar/data/896159/000095013103001690/d10k.htm,7.746163968015124,-0.6270280134058163,3.097405953512866,3.097405953512866,9.47392458984833,23.75321733603851,13.651896649501468,23.75321733603851,7.219407046088154,7891311925.8,9122833925.8,-11.698041942589803,3.7876812472791066,9.472442566569155,9.472442566569155,1.2352010923372976,1.2352010923372976,4.378788635869474,-21.261085017455702,10.950716587942829,10.950716587942829,-0.0213710979347585,0.1055693917352715,0.2965988624264833,0.0436095773953045,-2.8701052935775118,0.0,-5.862678986790722,-4.939820689491598,0.0064678725768181,-0.3026457787317814,0.1275482801074197,0.0,0.0625270750778055,0.0,0.0,0.0,0.0,,-0.0036919816621744,-0.0041401699122825,-81.20823207479958,19444514000.0,3671826000.0,-17617737000.0,22161374000.0,16116960000.0,3323439500.0,0.0,729.8958248836645,0.0,0.0,0.1233052675898574,0.0,0.0,-0.0263976035134611,0.0,2003-02-05,-0.4,bmo,2031329625.0,2025-04-25,2002-12-31,0.0249999999999998,31.69640625,1697868.75
2002-09-30,CB,USD,896159,2002-11-14,2002-11-14 12:54:33,2002,Q3,1876005000.0,0.0,1876005000.0,1.0,0,250668000.0,0.0,250668000.0,-2141838000.0,-1891170000.0,1939849000.0,0.0,48679000.0,0.0,0.0,0.0,-15165000.0,-0.0080836672,-63844000.0,-63844000.0,-0.0340318922,-7334000.0,-56510000.0,-0.030122521,-0.24,-0.24,235458333,235458333,https://www.sec.gov/Archives/edgar/data/896159/000090256102000571/0000902561-02-000571-index.htm,https://www.sec.gov/Archives/edgar/data/896159/000090256102000571/form10-q.txt,7.967460637717163,-0.2400000003397628,4.335425240609344,4.335425240609344,14.011319786248553,27.382840597958367,15.84423856428135,27.382840597958367,8.569788014255584,6971921240.13,8291296240.13,-30.843749956335163,3.7163660225479145,6.829779861649353,6.829779861649354,1.0813341258031384,1.0813341258031384,4.419655725933566,0.0,8.12225585135167,8.12225585135167,-0.008105369818972,0.1464176035329059,0.3054119430143506,0.0482282480791902,0.0,0.0,-0.3115306394954703,-18.06427181029906,0.0073147699527152,-0.902459741638648,0.1336179807623114,0.0,0.0665411292271071,0.0,0.0,0.0,0.0,,-0.0003520433888102,-0.0014826991106035,-83.15715141837856,18636603000.0,3730658000.0,-15745664000.0,21353463000.0,15202163000.0,3318654000.0,0.0,735.8066156540094,0.0,0.0,0.1223147469529137,0.0,0.0,-0.0087646129875093,0.0,2002-10-29,0.57,bmo,1925600000.0,2025-04-25,2002-09-30,0.0,30.4953125,1780771.890625
2002-06-30,CB,USD,896159,2002-08-14,2002-08-14 11:56:05,2002,Q2,1624722000.0,0.0,1624722000.0,1.0,0,229726000.0,0.0,229726000.0,-1677920000.0,-1448194000.0,1500146000.0,0.0,51952000.0,0.0,176528000.0,0.1086512031,176528000.0,0.1086512031,124576000.0,124576000.0,0.0766752712,20676000.0,103900000.0,0.0639494018,0.37,0.36,280810811,288611111,https://www.sec.gov/Archives/edgar/data/896159/000090256102000372/0000902561-02-000372-index.htm,https://www.sec.gov/Archives/edgar/data/896159/000090256102000372/ace10q.txt,5.785824250192419,0.3699999997507218,1.521444272314715,1.521444272314715,9.444850041759969,22.7334801579274,13.059661011413125,22.7334801579274,7.389740418505468,8494527032.75,9639915032.75,20.43918920295957,5.228295691662943,19.88242392472112,19.88242392472112,1.330636567294406,1.330636567294406,5.933270450421672,54.6084192465218,22.563337139369622,22.563337139369622,0.012231404950437,0.0502956784236269,0.3169217051831297,0.0514496830574589,6.488421100335358,0.0,3.397905759162304,4.112011549566891,0.0053799346124636,0.4398460057747834,0.1413940354103655,0.0,0.0690816590382638,0.0,0.0,0.0,0.0,13.757042639580607,0.0041206146799731,0.0028382780060799,-67.61523597465768,17719021000.0,3667294000.0,-15220388000.0,20435534000.0,14917130500.0,3199107000.0,0.0,834.6119828499891,0.0,0.0,0.1078345408996798,0.0,0.0,0.0162755546964374,0.0,2002-07-29,0.84,bmo,1557162352.0,2025-04-25,2002-06-30,0.0119047619047619,37.04046875,2656637.609375
2002-03-31,CB,USD,896159,2002-05-15,2002-05-15 14:35:04,2002,Q1,1537863000.0,0.0,1537863000.0,1.0,0,196204000.0,0.0,196204000.0,-1466344000.0,-1270140000.0,1316142000.0,0.0,46002000.0,0.0,53800000.0,0.0349836104,267723000.0,0.1740876788,-46002000.0,221721000.0,0.1441747412,23916000.0,197805000.0,0.1286232909,0.74,0.7,258586011,271527253,https://www.sec.gov/Archives/edgar/data/896159/000090256102000256/0000902561-02-000256-index.htm,https://www.sec.gov/Archives/edgar/data/896159/000090256102000256/form10q.txt,5.94720106494856,0.7649485725660542,0.5563216642836878,0.5563216642836878,8.590244272726725,23.99172706987618,13.27082229517822,23.99172706987618,8.871214614931354,10806309399.69,12234270399.69,13.657780894934406,7.026834899916313,75.1184120320179,75.11841203201791,1.7418504252856055,1.7418504252856055,7.955370796806998,227.4027955332714,85.04466518619185,85.04466518619185,0.0183045841724348,0.0133123154889611,0.3623464177919623,0.0584081164669227,26.54202602230483,0.0,5.81981218207904,0.7272667526098936,0.0042006940872248,0.2294886377998534,0.1275822358688647,0.0,0.0720309521419124,0.0,0.0,0.0,0.0,20.3206752089753,0.006802393698922,0.0055384273705409,-73.42413430090771,16988773000.0,3431649000.0,-15294590000.0,19761049000.0,14465094000.0,2977200500.0,0.0,864.2324056174053,0.0,0.0,0.1041386546199968,0.0,0.0,0.0318838477254318,0.0,2002-05-01,0.82,bmo,1448098701.0,2025-04-25,2002-03-31,-0.0609756097560974,40.29066666666667,2889661.7
2001-12-31,CB,USD,896159,2002-03-18,2002-03-18 00:00:00,2001,Q4,1960003000.0,0.0,1960003000.0,1.0,0,222215000.0,0.0,222215000.0,-2137418000.0,-1915203000.0,1961291000.0,0.0,46088000.0,19907000.0,64707000.0,0.033013725,44800000.0,0.0228571079,-46088000.0,-1288000.0,-0.0006571419,-47553000.0,46265000.0,0.0236045557,0.17,0.17,267304054,267304054,https://www.sec.gov/Archives/edgar/data/896159/000095013102000922/0000950131-02-000922-index.htm,https://www.sec.gov/Archives/edgar/data/896159/000095013102000922/d10k.txt,7.332485125721288,0.1730800536231298,1.465308865087396,1.465308865087396,9.233612296804148,22.845545769388146,12.474981019180502,22.845545769388146,7.074224919910867,10732257768.1,11905757768.1,57.993395483086566,5.475633337346933,27.4003665415655,27.4003665415655,1.7574541840798976,1.7574541840798976,6.074356910729218,183.9948965042422,30.396411812869083,30.396411812869083,0.0043108357066782,0.0364958621441443,0.3021073387015293,0.04961122726355,18.135595839708223,0.0,0.9720534629404616,8.466075867286285,0.0038091705290113,0.8836269318059008,0.1133748264671023,0.0,0.074545179569806,0.0,0.0,0.0,0.0,9.432255109640842,-0.0457645755783715,0.0013443394924315,-67.3009845185513,16630914000.0,3334613000.0,-14449143000.0,19403008000.0,13781888500.0,2925015000.0,0.0,650.3285352114257,0.0,0.0,0.1383915899841923,0.0,0.0,0.0075760962495826,0.0,2002-02-13,0.15,bmo,1889357142.0,2025-04-25,2001-12-31,-0.0666666666666665,37.36765625,2099110.96875
2001-09-30,CB,USD,896159,2001-11-14,2001-11-14 00:00:00,2001,Q3,1533495000.0,0.0,1533495000.0,1.0,0,207389000.0,0.0,207389000.0,-2210689000.0,-2003300000.0,2052430000.0,0.0,49130000.0,19912000.0,63876000.0,0.0416538691,-469805000.0,-0.306362264,-49130000.0,-518935000.0,-0.3384001904,-76345000.0,-442590000.0,-0.2886152221,-1.92,-1.92,230610425,230610425,https://www.sec.gov/Archives/edgar/data/896159/000090256101500344/0000902561-01-500344-index.htm,https://www.sec.gov/Archives/edgar/data/896159/000090256101500344/sept2001ace.txt,6.649721060962444,-1.9192107208509763,2.116023158970372,2.116023158970372,9.513112861224725,21.75868675494614,9.656085582427592,21.75868675494614,8.347536760317752,6687702325.0,7809013325.0,-3.777594571160668,4.361085184496852,13.704953973240542,13.704953973240542,1.3328010245566764,1.3328010245566764,5.092297871854815,122.25269780512242,16.002830717431355,16.002830717431355,-0.066179680029344,0.0729663158265645,0.3738503880202001,0.0537364067285843,17.554496211409607,0.0,-9.562487278648485,-1.1025486341760995,0.00607458257347,-0.0917892406064303,0.1352394367115641,0.0,0.0799496981819301,0.0,0.0,0.0,0.0,,-0.0124901941137877,-0.0137799993019553,-76.52250868537274,15594868000.0,2226794000.0,-14296627000.0,18385854000.0,12766204000.0,2783052500.0,0.0,786.5001516144494,0.0,0.0,0.1144310014629456,0.0,0.0,-0.0882043453479427,0.0,2001-10-25,-1.58,bmo,1285495348.0,2025-04-25,2001-09-30,0.0886075949367087,33.26169491525424,2055513.593220339
2001-06-30,CB,USD,896159,2001-08-14,2001-08-14 00:00:00,2001,Q2,1597018000.0,0.0,1597018000.0,1.0,0,207106000.0,0.0,207106000.0,-1604717000.0,-1397611000.0,1447251000.0,0.0,49640000.0,19872000.0,219279000.0,0.1373052777,199407000.0,0.1248620867,-49640000.0,149767000.0,0.0937791559,18250000.0,131517000.0,0.0823516078,0.54,0.52,243550000,252917308,https://www.sec.gov/Archives/edgar/data/896159/000090256101500188/0000902561-01-500188-index.htm,https://www.sec.gov/Archives/edgar/data/896159/000090256101500188/form10q.txt,6.557249024840895,0.54,0.3476329295832478,0.3476329295832478,6.949414904537056,22.684615068774377,11.158419215766784,22.684615068774377,7.708117429685896,9520369500.0,10670722500.0,18.09722222222222,5.9613413875109735,112.44619445822408,112.44619445822408,1.7231943271458825,1.7231943271458825,6.681654496067045,48.66276524427784,126.03314789880235,126.03314789880235,0.0138142747505755,0.0088931422252046,0.3308100617610869,0.0553710532410058,5.246070075109792,0.0,4.017062852538276,0.6437646844134218,0.0038333596190778,0.277492643536577,0.1296829465917103,0.0,0.0850469326626537,0.0,0.0,0.0,0.0,16.60174909717674,0.0058512652423061,0.0043547938642495,-68.53551940053377,13823893000.0,2717633000.0,-13658985000.0,16631098000.0,12083269000.0,2612017500.0,0.0,683.6633463116884,0.0,0.0,0.1316437402788128,0.0,0.0,0.0238046798838264,0.0,2001-07-31,0.45,bmo,1385200000.0,2025-04-25,2001-06-30,0.0,36.34507936507936,1320003.1587301588
2001-03-31,CB,USD,896159,2001-05-15,2001-05-15 00:00:00,2001,Q1,1554171000.0,0.0,1554171000.0,1.0,0,193293000.0,0.0,193293000.0,-1547772000.0,-1354479000.0,1386133000.0,0.0,54324000.0,19880000.0,219572000.0,0.1412791771,199692000.0,0.1284877919,-31654000.0,168038000.0,0.1081206637,26974000.0,118394000.0,0.0761782326,0.48,0.46,246654167,257378261,https://www.sec.gov/Archives/edgar/data/896159/000090256101500053/0000902561-01-500053-index.htm,https://www.sec.gov/Archives/edgar/data/896159/000090256101500053/form10q.txt,6.301012542796409,0.4799999993513185,1.575805528556102,1.575805528556102,7.103022103007893,22.326061087790176,10.864511362583224,22.326061087790176,7.501673385473354,9067007178.92,10179930178.92,19.14583335920739,5.833982990880669,23.327751638035497,23.3277516380355,1.6465062894638207,1.6465062894638207,6.550070860233527,46.36260624724464,26.19109902752657,26.19109902752657,0.0130576713642904,0.0428673974035936,0.3261403685904885,0.0546069862536258,5.068601643196764,0.0,3.675944333996024,3.282928188928493,0.0040156580094752,0.307532476307921,0.1243704843289445,0.0,0.0859557403063284,0.0,0.0,0.0,0.0,15.528086148082693,0.005611981956042,0.0039382706004443,-67.31808325784336,13787165000.0,2679777000.0,-13595492000.0,16614204000.0,11757342000.0,2629686000.0,0.0,696.9411667055941,0.0,0.0,0.1291357209180589,0.0,0.0,0.0214995380270559,0.0,2001-05-03,0.65,bmo,1369100000.0,2025-04-25,2001-03-31,0.0,36.95,1432129.0483870967
2000-12-31,CB,USD,896159,2001-03-29,2001-03-29 00:00:00,2000,Q4,1243786000.0,0.0,1243786000.0,1.0,0,187907000.0,0.0,187907000.0,-1243442000.0,-1055535000.0,1110441000.0,0.0,54906000.0,19931000.0,208182000.0,0.1673776679,188251000.0,0.1513532071,-54906000.0,133345000.0,0.1072089572,19557000.0,113788000.0,0.0914851912,0.46,0.46,245809691,246654167,https://www.sec.gov/Archives/edgar/data/896159/000095013101001644/0000950131-01-001644-index.htm,https://www.sec.gov/Archives/edgar/data/896159/000095013101001644/0000950131-01-001644-0001.txt,5.059955101607446,0.4629109598449477,-0.2142063634098136,-0.2142063634098136,8.046277557055307,22.05043657127416,10.469489585746237,22.05043657127416,7.500286064799618,10432163286.04,11612831286.04,22.920174548370653,8.38742620196722,-198.12670046036388,-198.12670046036388,1.924678446289268,1.924678446289268,9.336679530112091,55.7821102979124,-220.5498402028336,-220.5498402028336,0.0109074212970063,-0.0050472752924084,0.3300124294054235,0.0564456849244131,5.671326051243623,0.0,3.4286052526135578,-0.4627377227827187,0.0035274562898419,0.3233996554997012,0.1510766321537628,0.0,0.0898312268855015,0.0,0.0,0.0,0.0,15.154743384818325,0.0054841858138265,0.0039451070261271,-63.79663139481348,13457362000.0,2573502000.0,-12811953000.0,16304071000.0,11428836500.0,2583886500.0,0.0,830.6539951406432,0.0,0.0,0.1083483622862267,0.0,0.0,0.0209932786749445,0.0,2001-02-14,0.64,bmo,1070572307.0,2025-04-25,2000-12-31,0.015625,38.92904761904762,1235706.349206349
2000-09-30,CB,USD,896159,2000-11-14,2000-11-14 00:00:00,2000,Q3,1359569000.0,0.0,1359569000.0,1.0,0,177912000.0,0.0,177912000.0,-1316888000.0,-1138976000.0,1194384000.0,0.0,55408000.0,19919000.0,240512000.0,0.1769031215,220593000.0,0.1622521549,-55408000.0,165185000.0,0.121498063,24432000.0,140753000.0,0.1035276621,0.6,0.58,234588333,242677586,https://www.sec.gov/Archives/edgar/data/896159/000090256100000459/0000902561-00-000459-index.htm,https://www.sec.gov/Archives/edgar/data/896159/000090256100000459/0000902561-00-000459-0001.txt,5.795552500899523,0.6000000008525573,-0.7274061664439212,-0.7274061664439212,8.438966144151763,22.33915443697705,10.158122399036785,22.33915443697705,7.916429501206268,9207592070.25,10392315070.25,16.35416664342856,6.772434551133484,-53.95884969175052,-53.95884969175052,1.757004729553736,1.757004729553736,7.6438305597215,43.209133308317256,-60.90163014896772,-60.90163014896772,0.0152866242255428,-0.0185326411832846,0.3438015992733524,0.0571384081618414,4.925837380255455,0.0,3.981248195206468,-1.2123436090172146,0.0037698238296364,0.2466093085049697,0.1308591178527901,0.0,0.0906228256284865,0.0,0.0,0.0,0.0,17.36601811952619,0.0064250993845779,0.0049086347304503,-67.25947875677176,13357847000.0,2382977000.0,-12933748000.0,16215375000.0,11390935500.0,2620812500.0,0.0,753.2054349576962,0.0,0.0,0.1194893130385535,0.0,0.0,0.0268586710631895,0.0,2000-11-01,0.66,bmo,1250593548.0,2025-04-25,2000-09-30,-0.0606060606060606,33.99523809523809,1035988.8888888888
2000-06-30,CB,USD,896159,2000-08-14,2000-08-14 00:00:00,2000,Q2,1318821000.0,0.0,1318821000.0,1.0,0,182864000.0,0.0,182864000.0,-1316891000.0,-1134027000.0,1187974000.0,0.0,53947000.0,19324000.0,204118000.0,0.154773089,184794000.0,0.1401206077,-53947000.0,130847000.0,0.0992151323,16919000.0,113928000.0,0.0863862495,0.5,0.49,227856000,232506122,https://www.sec.gov/Archives/edgar/data/896159/000090256100000385/0000902561-00-000385-index.htm,https://www.sec.gov/Archives/edgar/data/896159/000090256100000385/0000902561-00-000385-0001.txt,5.787958184116284,0.5,-0.5260734850080753,-0.5260734850080753,7.827439259883435,20.140136753037005,7.511770591952812,20.140136753037005,8.031502352362896,6379968000.0,7471470000.0,14.0,4.837629974044999,-53.22450341622938,-53.22450341622938,1.3902586831133497,1.3902586831133497,5.665264656841224,36.60368022418405,-62.33029390417873,-62.33029390417873,0.0178571428571428,-0.0187883387502884,0.3870253348677101,0.0588011235812211,5.347406892091829,0.0,3.4254731495727286,-1.0521469700161503,0.0041200833609196,0.230724668211502,0.1386571794049381,0.0,0.0952644754246073,0.0,0.0,0.0,0.0,15.052459548913138,0.0057959574628167,0.0041690026921332,-67.05764934871146,13187236000.0,1711602000.0,-12428561000.0,16064685000.0,11406472500.0,2718332000.0,0.0,778.2205697361508,0.0,0.0,0.1156484465972337,0.0,0.0,0.0248260479127383,0.0,2000-08-01,0.6,bmo,1148655737.0,2025-04-25,2000-06-30,0.0166666666666666,25.704444444444444,1029561.9047619049
2000-03-31,CB,USD,896159,2000-05-15,2000-05-15 00:00:00,2000,Q1,1344481000.0,0.0,1344481000.0,1.0,0,194008000.0,0.0,194008000.0,-1273787000.0,-1079779000.0,1136968000.0,0.0,57189000.0,19646000.0,284348000.0,0.2114927619,264702000.0,0.1968804319,-57189000.0,207513000.0,0.1543443158,33000000.0,174513000.0,0.1297995286,0.8,0.8,218141250,218141250,https://www.sec.gov/Archives/edgar/data/896159/000090256100000265/0000902561-00-000265-index.html,https://www.sec.gov/Archives/edgar/data/896159/000090256100000265/,6.1633505813320495,0.8,-0.3851082727361285,-0.3851082727361285,8.00151278128277,20.94236647126575,8.07893967784635,20.94236647126575,10.26619220344616,4991071800.0,6365441800.0,7.15,3.712266517712039,-59.41186315588992,-59.41186315588992,1.092522186133683,1.092522186133683,4.734497400855795,22.38609661400819,-75.77185268069708,-75.77185268069708,0.0349650349650349,-0.0168316552769286,0.4776932550038372,0.0721530665692234,4.833408358771646,0.0,4.628547447935792,-0.4813853409201606,0.0047919567095788,0.1370499618939563,0.1442995475577564,0.0,0.09277620607342,0.0,0.0,0.0,0.0,19.415524625484203,0.0078629350402598,0.0063599761130532,-70.47963418198071,13154698000.0,1762350000.0,-12522206000.0,15960742000.0,11400985000.0,3073976500.0,0.0,763.7381413348347,0.0,0.0,0.1178414369127894,0.0,0.0,0.0382000764382406,0.0,2000-05-09,0.57,bmo,787169999.0,2025-04-25,2000-03-31,0.4035087719298247,17.494444444444447,1336847.634920635
1999-12-31,CB,USD,896159,2000-03-29,2000-03-29 00:00:00,1999,Q4,1160090000.0,0.0,1160090000.0,1.0,0,198136000.0,0.0,198136000.0,-1141041000.0,-942905000.0,2067143000.0,0.0,52438000.0,24950000.0,242135000.0,0.2087208751,217185000.0,0.1872139231,176462000.0,393647000.0,0.3393245352,12684000.0,152063000.0,0.1310786232,1.75,1.75,218141250,218141250,https://www.sec.gov/Archives/edgar/data/896159/000095013100002158/0000950131-00-002158-index.html,https://www.sec.gov/Archives/edgar/data/896159/000095013100002158/,5.3180679949344745,0.6970850309146024,-0.8043045503773358,-0.8043045503773358,8.215351291880834,20.40219353286001,7.4623300269893935,20.40219353286001,11.695408364992868,3640777462.500001,5540358462.5,5.985639936243531,3.1383577675007976,-20.75084617160249,-20.750846171602493,0.8180492932350086,0.8180492932350086,4.775800552112336,22.88127888368059,-31.57763070526412,-31.57763070526412,0.0417666285748713,-0.048190805894388,0.5614603555507621,0.0829539651045411,7.845131847936068,0.0,4.141748350432892,-1.1538112492848358,0.0059426867538185,0.1422831326489678,0.1707936453206216,0.0,0.093706752154707,0.0,0.0,0.0,0.0,17.888444132051763,0.0072333246377845,0.0055700385748513,-70.30156836453445,13184839000.0,1627842000.0,-12487489000.0,16007557000.0,6855766000.0,1710340500.0,0.0,883.8502874776957,0.0,0.0,0.1018272000078646,0.0,0.0,0.0341671609864826,0.0,2000-02-16,0.51,bmo,1182836862.0,2025-04-25,1999-12-31,-0.0196078431372549,17.585,992909.375
1999-09-30,CB,USD,896159,1999-11-15,1999-11-15 00:00:00,1999,Q3,1057500000.0,0.0,1057500000.0,1.0,0,201300000.0,0.0,201300000.0,-1045000000.0,-843700000.0,386000000.0,0.0,44100000.0,-148600000.0,0.0,0.0,213800000.0,0.2021749409,0.0,169700000.0,0.1604728132,6300000.0,14800000.0,0.0139952719,0.08,0.08,194061171,196072652,https://www.sec.gov/Archives/edgar/data/896159/000090256199000543/0000902561-99-000543-index.htm,https://www.sec.gov/Archives/edgar/data/896159/000090256199000543/0000902561-99-000543.txt,5.449312680896891,0.0762646124607791,-1.837049617720796,-1.837049617720796,3.792618565617127,21.97451441741532,8.242246461555157,19.9133086752321,13.102569601623191,3287396236.74,5049996236.74,55.53034183682433,3.108648923631206,-9.221307816942495,-9.221307816942495,0.8506873607131769,0.8506873607131769,4.775410152945626,0.0,-14.165487340084152,-14.165487340084152,0.0045020432385347,-0.10844448746876,0.6465686781906634,0.0851480019901718,0.0,0.0,4.8480725623582765,-24.08783783783784,0.0159386068476977,3.540305146621621,0.190354609929078,0.0,0.0908152207250495,0.0,0.0,0.0,0.0,5.845538238767246,0.0287156948996255,0.0005547371932546,-116.48234360082265,3054800000.0,1599500000.0,-22025000000.0,5719700000.0,1389150000.0,0.0,0.0,197.34468085106383,0.0,0.0,0.4560548559599793,0.0,0.0,0.0038298312804057,0.0,1999-11-04,0.39,bmo,1004513513.0,2025-04-25,1999-09-30,-0.0512820512820513,22.76984375,978145.3125
1999-06-30,CB,USD,896159,1999-08-16,1999-08-16 00:00:00,1999,Q2,410400000.0,0.0,410400000.0,1.0,0,41100000.0,0.0,41100000.0,-373700000.0,-332600000.0,76700000.0,0.0,4100000.0,4700000.0,8800000.0,0.0214424951,77800000.0,0.1895711501,0.0,187900000.0,0.4578460039,4500000.0,69200000.0,0.1686159844,0.36,0.35,193784573,197175514,https://www.sec.gov/Archives/edgar/data/896159/000090256199000377/0000902561-99-000377-index.htm,https://www.sec.gov/Archives/edgar/data/896159/000090256199000377/0000902561-99-000377.txt,2.1178156426311605,0.3570975693715309,0.7632186489891536,0.7632186489891536,0.0,20.3189549046301,17.565381739649627,20.3189549046301,3.3753976896809017,5474414187.25,6124414187.25,19.777507901914746,13.33921585587232,37.01429470757268,37.01429470757268,1.3903274126349208,1.3903274126349208,14.923036518640352,695.9561576420455,41.40915610040568,41.40915610040568,0.0126406219246559,0.0270165893447488,0.165079365079365,0.0672334967624485,73.86363636363636,0.0,18.97560975609756,2.1403762662807524,0.0031784222758527,0.2514450867052023,0.1001461988304093,0.0,0.0551935290345269,0.0,0.0,0.0,0.0,12.77719107213303,0.0764643790960179,0.0075759234525191,-27.792073004696817,459500000.0,3403900000.0,-5270800000.0,993100000.0,442700000.0,0.0,0.0,100.76754385964912,0.0,0.0,0.8931447225244832,0.0,0.0,0.0175746031746031,0.0,1999-07-27,0.37,bmo,505049999.0,2025-04-25,1999-06-30,-0.4054054054054054,30.02031746031746,591179.3650793651
1999-03-31,CB,USD,896159,1999-05-17,1999-05-17 00:00:00,1999,Q1,389000000.0,0.0,389000000.0,1.0,0,54700000.0,0.0,54700000.0,-305100000.0,-250400000.0,93600000.0,0.0,4500000.0,-1400000.0,6973000.0,0.0179254499,138600000.0,0.3562982005,103700000.0,242300000.0,0.6228791774,5100000.0,129000000.0,0.3316195373,0.67,0.65,193758050,197180787,https://www.sec.gov/Archives/edgar/data/896159/000090256199000230/0000902561-99-000230-index.htm,https://www.sec.gov/Archives/edgar/data/896159/0000902561-99-000230.txt,2.007658520510503,0.665778789578033,-0.3685369459488264,-0.3685369459488264,0.0,20.418248428903983,17.640557385873773,20.418248428903983,1.3134938135473595,6043313579.5,6293313579.5,11.71184802228682,15.53551048714653,-84.6319489615864,-84.6319489615864,1.527555123477074,1.527555123477074,16.17818400899743,902.52596866485,-88.13300628089684,-88.13300628089684,0.0213459054048744,-0.01181586873834,0.0631919518730094,0.0281645712225677,35.85257421482862,0.0,30.8,-0.2992987706481237,0.0028909636692136,0.1354341085271317,0.1406169665809768,0.0,0.0606326889279437,0.0,0.0,0.0,0.0,17.48902016399814,0.1407350973836076,0.0154709649564654,-23.744948919541667,425900000.0,3418000000.0,-4494300000.0,964100000.0,386850000.0,0.0,0.0,98.53727506426736,0.0,0.0,0.9133599436487438,0.0,0.0,0.0326070471664728,0.0,1999-04-27,0.56,bmo,280294736.0,2025-04-25,1999-03-31,0.0178571428571426,29.960327868852456,877378.6885245901
1998-12-31,CB,USD,896159,1999-02-16,1999-02-16 00:00:00,1998,Q4,433300000.0,0.0,433300000.0,1.0,0,41200000.0,0.0,41200000.0,-226000000.0,-184800000.0,73700000.0,0.0,4700000.0,2400000.0,6930000.0,0.015993538,248500000.0,0.5735056543,0.0,463800000.0,1.07039003,5300000.0,238500000.0,0.5504269559,0.67,0.65,192565672,198490769,https://www.sec.gov/Archives/edgar/data/896159/000090256199000098/0000902561-99-000098-index.htm,https://www.sec.gov/Archives/edgar/data/896159/0000902561-99-000098.txt,2.250141447848504,1.238538507527967,-0.3987886272897071,-0.3987886272897071,0.0,20.302684063024483,17.5197373704281,20.302684063024483,1.3226656514355268,6631961743.679999,6881961743.679999,6.9517418696855335,15.305704462681744,-86.36154003203417,-86.36154003203416,1.6963274359729894,1.6963274359729894,15.882671921717051,993.0680726810966,-89.61704509108903,-89.61704509108903,0.0359622098585356,-0.0115792284346604,0.0639451606302435,0.028298789943742,36.07503607503608,0.0,52.87234042553192,-0.5952069075097466,0.0026280308411925,0.0730775681341719,0.0950842372490191,0.0,0.0606612861234053,0.0,0.0,0.0,0.0,23.78607282445295,0.2779906146502784,0.0287404800925479,-24.21952963662184,347800000.0,3373700000.0,-4576900000.0,883700000.0,920930000.0,120712500.0,0.0,72.24094161089315,0.0,0.0,1.245830937320299,0.0,0.0,0.0610036832412523,0.0,1999-01-26,0.54,bmo,425275925.0,2025-04-25,1998-12-31,0.0185185185185185,31.03453125,545407.8125
1998-09-30,CB,USD,896159,1998-12-18,1998-12-18 00:00:00,1998,Q3,379642000.0,0.0,379642000.0,1.0,0,93512000.0,0.0,93512000.0,-404804000.0,-311292000.0,694651000.0,0.0,16659000.0,-6396000.0,61954000.0,0.1631905848,68350000.0,0.1800380358,511841000.0,580191000.0,1.5282582011,12040000.0,39651000.0,0.1044431333,3.22,3.22,176425058,176425058,https://www.sec.gov/Archives/edgar/data/896159/000095013198006565/0000950131-98-006565-index.htm,https://www.sec.gov/Archives/edgar/data/896159/0000950131-98-006565.txt,2.1518598565516696,0.2247469857711482,-0.6865804742997449,-0.6865804742997449,4.522622857802887,21.052961762381848,17.990159878536076,21.052961762381848,1.511457629788621,5292751740.0,5225037740.0,33.37085912082924,13.941428345651955,-43.69480508544539,-43.69480508544539,1.424977651059293,1.424977651059293,13.763065572302327,84.33737514930432,-43.13578584991332,-43.13578584991332,0.0074915661923716,-0.0228860158099914,0.0673079770722106,0.0284454461287056,-1.0929722051844917,0.0,4.102887328170959,-3.054904037729187,0.0030398176204652,0.405765302262238,0.2463162663772712,0.0,0.0614825561715069,0.0,0.0,0.0,0.0,10.317982758133375,0.0078199973483681,0.0048071152725656,-17.88880806262793,2291964000.0,3173915000.0,-2782519000.0,2832319000.0,875330000.0,120712500.0,0.0,354.1900000526812,0.0,0.0,0.2541009062554382,0.0,0.0,0.0106753143955609,0.0,1998-11-04,0.58,bmo,233159999.0,2025-04-25,1998-09-30,-0.0517241379310343,34.87375,343857.8125
1998-06-30,CB,USD,896159,1998-08-12,1998-08-12 00:00:00,1998,Q2,370100000.0,0.0,370100000.0,1.0,0,30600000.0,0.0,30600000.0,-219200000.0,-188600000.0,55500000.0,0.0,5000000.0,2000000.0,8000000.0,0.0216157795,181500000.0,0.4904079978,0.0,338500000.0,0.9146176709,5000000.0,171500000.0,0.4633882734,0.92,0.9,191847826,196111111,https://www.sec.gov/Archives/edgar/data/896159/000090256198000258/0000902561-98-000258-index.htm,https://www.sec.gov/Archives/edgar/data/896159/0000902561-98-000258.txt,1.929133145350315,0.8939376774590085,0.1772237961143224,-4.867399435633949,0.0,18.283240801488155,15.69003966716829,18.283240801488155,1.329178470857418,7482065214.0,7732065214.0,10.906800603498542,20.216334001621185,220.0607415882353,-8.012492197472692,2.133101041737941,2.133101041737941,20.89182711159146,966.50815175,227.4136827647059,-8.280215478689227,0.0229214789092053,-0.1248051137342038,0.0712738054510206,0.0313617261494072,31.25,0.0,36.3,0.1926345609065155,0.0017508534910238,0.0763848396501457,0.082680356660362,0.0,0.0624098350373204,0.0,0.0,0.0,0.0,19.1765938298851,0.2371291004546881,0.0229462135402729,-22.26478187978007,256600000.0,3010100000.0,-4207300000.0,754100000.0,222800000.0,0.0,0.0,62.39935152661443,0.0,0.0,1.4423226812159002,0.0,0.0,0.0488938305394001,0.0,1998-07-22,0.56,bmo,242077192.0,2025-04-25,1998-06-30,0.0178571428571426,37.13253968253968,337982.5396825397
1998-03-31,CB,USD,896159,1998-05-15,1998-05-15 00:00:00,1998,Q1,403500000.0,0.0,403500000.0,1.0,0,26600000.0,0.0,26600000.0,-186200000.0,-159600000.0,47300000.0,0.0,3900000.0,-4400000.0,4600000.0,0.0114002478,243900000.0,0.6044609665,218800000.0,462700000.0,1.146716233,3800000.0,236200000.0,0.585377943,1.4,1.37,177071429,180948905,https://www.sec.gov/Archives/edgar/data/896159/000090256198000175/0000902561-98-000175-index.htm,https://www.sec.gov/Archives/edgar/data/896159/0000902561-98-000175.txt,2.2787414224798512,1.3339249665173256,0.7674868880173774,0.7674868880173774,0.0,15.704961640084804,14.608793833137248,15.704961640084804,1.433884627429081,6673822159.009999,6923822159.009999,7.063740642474597,16.5398318686741,49.10833082420898,49.10833082420897,2.399878513794095,2.399878513794095,17.159410555167284,1505.178730219565,50.94791875651214,50.94791875651214,0.0353920129083928,0.0203631437521193,0.0898989535761803,0.0357479909629078,54.34782608695652,0.0,62.53846153846154,0.5482049213392497,0.0019479092625279,0.0550381033022862,0.0659231722428748,0.0,0.0277547401836016,0.0,0.0,0.0,0.0,21.710778651925065,0.6314198148181683,0.0347388701778124,-22.989310150086386,189000000.0,2586800000.0,-4023500000.0,383100000.0,161400000.0,0.0,0.0,42.15613382899628,0.0,0.0,2.134920634920635,0.0,0.0,0.0849365313387752,0.0,1998-04-22,0.53,bmo,217398148.0,2025-04-25,1998-03-31,0.0188679245283019,33.235245901639345,409086.8852459017
1997-12-31,CB,USD,896159,1998-02-13,1998-02-13 00:00:00,1997,Q4,253700000.0,0.0,253700000.0,1.0,0,17500000.0,0.0,17500000.0,-158400000.0,-140900000.0,31700000.0,0.0,1400000.0,-900000.0,900000.0,0.003547497,112800000.0,0.4446196295,85900000.0,198700000.0,0.783208514,85900000.0,112800000.0,0.4446196295,0.68,0.67,179705882,182388060,https://www.sec.gov/Archives/edgar/data/896159/000090256198000044/0000902561-98-000044-index.htm,https://www.sec.gov/Archives/edgar/data/896159/0000902561-98-000044.txt,1.4117512302685786,0.6276923089250913,0.6605237328848257,0.6605237328848257,0.0,14.571587589993298,13.484255345631926,14.571587589993298,0.0077905073802759,5781138223.940001,5781138223.940001,12.812806347384752,22.787300843279468,48.7037761073294,48.7037761073294,2.207721005094325,2.207721005094325,22.787300843279468,6423.486915488889,48.7037761073294,48.7037761073294,0.0195117285957442,0.0205322888680393,0.0,0.0,0.0,0.0,80.57142857142857,0.9713584288052372,0.0021103110715255,0.1081560283687943,0.0689791091840756,0.0,0.0390885994918882,0.0,0.0,0.0,0.0,14.345579557097365,0.1945183180344169,0.0234828770688039,-12.687119501185832,133800000.0,2423200000.0,-2246500000.0,329200000.0,134800000.0,31507000.0,0.0,47.46551044540796,0.0,0.0,1.8961136023916296,0.0,0.0,0.0430764530665241,0.0,1998-01-21,0.52,bmo,258578846.0,2025-04-25,1997-12-31,-0.0192307692307692,31.799375,322889.0625
1997-09-30,CB,USD,896159,1997-12-24,1997-12-24 00:00:00,1997,Q3,261443000.0,0.0,261443000.0,1.0,0,14491000.0,0.0,14491000.0,-148280000.0,-133789000.0,460589000.0,0.0,0.0,-1804000.0,0.0,0.0,127654000.0,0.488267041,0.0,0.0,0.0,0.0,127654000.0,0.488267041,0.77,0.77,164816294,164816294,https://www.sec.gov/Archives/edgar/data/896159/000095013197007441/0000950131-97-007441-index.htm,https://www.sec.gov/Archives/edgar/data/896159/0000950131-97-007441.txt,1.5862691342883857,0.7745229364276326,0.1500033728461337,0.1500033728461337,2.8563195335529143,15.891596252006492,14.698346511783598,15.891596252006492,0.0,5163694491.02,5057358491.02,10.112676631793754,19.75074678235791,208.8619702714072,208.8619702714072,1.97148225409038,1.97148225409038,19.34401950337167,0.0,204.56087412611737,204.56087412611737,0.0247214470612075,0.0047878510324332,0.0,0.0,0.0,0.0,0.0,0.1936719570087894,0.0023487059548335,0.0950068152976013,0.0554269955592614,0.0,0.0393212418720131,0.0,0.0,0.0,0.0,16.641488225414054,,0.0265675784967738,-10.98030999289427,606583000.0,2422527000.0,-1775769000.0,803250000.0,150050000.0,31507000.0,0.0,46.74823957803422,0.0,0.0,1.9252061855670104,0.0,0.0,0.0487378941766054,0.0,1997-11-05,0.49,bmo,155036000.0,2025-04-25,1997-09-30,0.0204081632653061,27.87203125,295664.0625
1997-06-30,CB,USD,896159,1997-08-13,1997-08-13 00:00:00,1997,Q2,268900000.0,0.0,268900000.0,1.0,0,16800000.0,0.0,16800000.0,-155700000.0,-138900000.0,27500000.0,0.0,0.0,-1800000.0,0.0,0.0,130000000.0,0.4834510971,0.0,235300000.0,0.8750464857,105300000.0,130000000.0,0.4834510971,0.72,0.72,179325511,180694576,https://www.sec.gov/Archives/edgar/data/896159/000090256197000258/0000902561-97-000258-index.htm,https://www.sec.gov/Archives/edgar/data/896159/0000902561-97-000258.txt,1.499507786150962,0.7249386842678508,0.2269615726900117,0.2269615726900117,0.0,13.613233200266748,12.50965346475438,13.613233200266748,0.0,4416787335.929999,4416787335.929999,8.493821799865383,16.425389869579767,108.52057336437346,108.52057336437343,1.8092689398369657,1.8092689398369657,16.425389869579767,0.0,108.52057336437343,108.52057336437343,0.0294331581107531,0.0092148425777511,0.0,0.0,0.0,0.0,0.0,0.3130769230769231,0.0023320117580058,0.0792307692307692,0.062476757158795,0.0,0.0404248799918292,0.0,0.0,0.0,0.0,14.901244434903347,0.1982970856429859,0.0276737057220708,-12.999126487920616,164300000.0,2243300000.0,-2290000000.0,362200000.0,131150000.0,0.0,0.0,54.99070286351803,0.0,0.0,1.6366402921485088,0.0,0.0,0.0532524987710961,0.0,1997-07-23,0.45,bmo,147240000.0,2025-04-25,1997-06-30,0.111111111111111,21.16671875,489764.0625
1997-03-31,CB,USD,896159,1997-05-15,1997-05-15 00:00:00,1997,Q1,214400000.0,0.0,214400000.0,1.0,0,19300000.0,0.0,19300000.0,-155800000.0,-136500000.0,31200000.0,0.0,0.0,-900000.0,0.0,0.0,77900000.0,0.3633395522,0.0,133700000.0,0.6236007463,55800000.0,77900000.0,0.3633395522,0.46,0.45,174511828,174511828,https://www.sec.gov/Archives/edgar/data/896159/000090256197000197/0000902561-97-000197-index.htm,https://www.sec.gov/Archives/edgar/data/896159/0000902561-97-000197.txt,1.2285700199071894,0.4463880809270991,0.7443621529195145,0.7443621529195145,0.0,13.019174837822456,11.877704931266894,13.019174837822456,0.0,3722337291.24,3722337291.24,11.945883476379974,17.361647813619403,28.65540639907621,28.65540639907621,1.638352681003521,1.638352681003521,17.361647813619403,0.0,28.65540639907621,28.65540639907621,0.0209277112483403,0.0348974286413274,0.0,0.0,0.0,0.0,0.0,1.6653846153846157,0.0027939434785974,0.1335044929396662,0.0900186567164179,0.0,0.0422633823435809,0.0,0.0,0.0,0.0,11.435082011073366,0.1527195736623343,0.0172570390554041,-13.568134762762329,98000000.0,2072800000.0,-2343300000.0,297200000.0,91300000.0,0.0,0.0,41.138059701492544,0.0,0.0,2.1877551020408164,0.0,0.0,0.0342869718309859,0.0,1997-04-23,0.45,bmo,155152173.0,2025-04-25,1997-03-31,0.0222222222222222,20.521967213114756,440596.7213114754
1996-12-31,CB,USD,896159,1997-02-11,1997-02-11 00:00:00,1996,Q4,265900000.0,0.0,265900000.0,1.0,0,15800000.0,0.0,15800000.0,-156000000.0,-140200000.0,29900000.0,0.0,0.0,-1600000.0,0.0,0.0,125700000.0,0.4727341106,0.0,227200000.0,0.8544565626,101500000.0,125700000.0,0.4727341106,0.72,0.71,176835600,176835600,https://www.sec.gov/Archives/edgar/data/896159/000090256197000037/0000902561-97-000037-index.htm,https://www.sec.gov/Archives/edgar/data/896159/0000902561-97-000037.txt,1.503656503554714,0.71082971980755,0.4908513896523098,0.4908513896523098,0.0,13.39323077479874,12.259409304461318,13.39323077479874,0.0,3543785424.0,3543785424.0,7.048101479713604,13.327511936818352,40.82702101382488,40.82702101382488,1.4962782570511737,1.4962782570511737,13.327511936818352,0.0,40.82702101382488,40.82702101382488,0.0354705449005763,0.0244935823179795,0.0,0.0,0.0,0.0,0.0,0.690533015115354,0.0028782781064906,0.081145584725537,0.0594208349003384,0.0,0.0422336436786451,0.0,0.0,0.0,0.0,14.63580868202304,0.2439298849921697,0.027645208823594,-13.094365614163664,84600000.0,2167900000.0,-2294400000.0,285100000.0,84800000.0,27456500.0,0.0,28.6348251222264,0.0,0.0,3.1430260047281324,0.0,0.0,0.0530738051004897,0.0,1997-01-21,0.43,bmo,234981395.0,2025-04-25,1996-12-31,0.1162790697674418,18.98671875,405604.6875
1996-09-30,CB,USD,896159,1996-12-20,1996-12-20 00:00:00,1996,Q3,246398000.0,0.0,246398000.0,1.0,0,13087000.0,0.0,13087000.0,-172552000.0,-159465000.0,493865000.0,0.0,0.0,-3447000.0,0.0,0.0,86933000.0,0.3528153638,0.0,0.0,0.0,0.0,86933000.0,0.3528153638,0.49,0.49,176835600,176835600,https://www.sec.gov/Archives/edgar/data/896159/000095013196006415/0000950131-96-006415-index.htm,https://www.sec.gov/Archives/edgar/data/896159/0000950131-96-006415.txt,1.3933732800408969,0.4916035006525835,1.0057929511930856,1.0057929511930856,2.4319424369301204,12.69132459753579,11.550479654549196,12.69132459753579,0.0,3117611628.0,3064237628.0,8.965558614105115,12.652747295026746,17.528458495445854,17.528458495445857,1.389137900028428,1.389137900028428,12.43613027703147,0.0,17.228368537051615,17.228368537051615,0.0278844867074636,0.0570500823138448,0.0,0.0,0.0,0.0,0.0,2.045943427697192,0.002657162273068,0.0952917764255231,0.0531132557894138,0.0,0.0441028008739149,0.0,0.0,0.0,0.0,11.848195685483246,,0.0198812335681889,-10.384085557433004,515087000.0,2042536000.0,-1814993000.0,716829000.0,84200000.0,27456500.0,0.0,31.04732992962605,0.0,0.0,2.8988,0.0,0.0,0.0387353973081766,0.0,1996-11-07,0.41,amc,,2025-04-25,1996-09-30,0.0975609756097561,15.334375,524564.0625
1996-06-30,CB,USD,896159,1996-08-14,1996-08-14 00:00:00,1996,Q2,194900000.0,0.0,194900000.0,1.0,0,9700000.0,0.0,9700000.0,-152100000.0,-142400000.0,22000000.0,0.0,0.0,-1700000.0,0.0,0.0,52500000.0,0.2693689071,0.0,101500000.0,0.5207798871,49000000.0,52500000.0,0.2693689071,0.38,0.38,139578660,139578660,https://www.sec.gov/Archives/edgar/data/896159/000090256196000126/0000902561-96-000126-index.htm,https://www.sec.gov/Archives/edgar/data/896159/0000902561-96-000126.txt,1.3963452579355613,0.3761319961088608,0.933523792247325,0.933523792247325,0.0,11.329095722798886,11.329095722798886,11.329095722798886,0.0,2187197602.2,2187197602.2,10.415226677142856,11.222152910210363,16.78586033921719,16.78586033921719,1.383164233352305,1.383164233352305,11.222152910210363,0.0,16.78586033921719,16.78586033921719,0.0240033181945667,0.0595739497286104,0.0,0.0,0.0,0.0,0.0,2.481904761904762,0.0029718393955177,0.1238095238095238,0.0497691123653155,0.0,0.0,0.0,0.0,0.0,0.0,9.791720800620585,0.3256015876953609,0.014020189072264,-15.050653158584558,83400000.0,1581300000.0,-2079900000.0,83400000.0,58100000.0,0.0,0.0,38.51205746536686,0.0,0.0,2.336930455635492,0.0,0.0,0.0332005312084993,0.0,1996-07-23,0.4,amc,,2025-04-25,1996-06-30,-0.05,15.124920634920636,465371.4285714286
1996-03-31,CB,USD,896159,1996-05-15,1996-05-15 00:00:00,1996,Q1,200000000.0,0.0,200000000.0,1.0,0,9500000.0,0.0,9500000.0,-152700000.0,-143200000.0,22000000.0,0.0,0.0,-200000.0,0.0,0.0,56800000.0,0.284,0.0,110400000.0,0.552,53600000.0,56800000.0,0.284,0.41,0.41,139518381,139518381,https://www.sec.gov/Archives/edgar/data/896159/000090256196000042/0000902561-96-000042-index.htm,https://www.sec.gov/Archives/edgar/data/896159/0000902561-96-000042.txt,1.4335028730013717,0.4071148159323896,1.2041424133211522,1.2041424133211522,0.0,11.03582186780106,11.03582186780106,11.03582186780106,0.0,2076033509.28,2076033509.28,9.13747143169014,10.3801675464,12.35734231714286,12.35734231714286,1.3483363702539457,1.3483363702539457,10.3801675464,0.0,12.35734231714286,12.35734231714286,0.0273598666621229,0.0809235492823355,0.0,0.0,0.0,0.0,0.0,2.9577464788732395,0.0030828018774223,0.1126760563380281,0.0475,0.0,0.0,0.0,0.0,0.0,0.0,10.054304960482376,0.8909508660303995,0.0158961155266987,-14.39881960786228,32800000.0,1539700000.0,-2000700000.0,32800000.0,29300000.0,0.0,0.0,14.760000000000002,0.0,0.0,6.097560975609756,0.0,0.0,0.0368903033058388,0.0,1996-04-23,0.37,amc,,2025-04-25,1996-03-31,0.0,14.69,553619.0476190476
1995-12-31,CB,USD,896159,1995-12-31,1995-12-31 00:00:00,1995,Q4,207700000.0,0.0,207700000.0,1.0,0,9100000.0,0.0,9100000.0,-123300000.0,-114200000.0,21200000.0,0.0,0.0,-2500000.0,0.0,0.0,93500000.0,0.4501685123,0.0,185200000.0,0.8916706789,91700000.0,93500000.0,0.4501685123,0.67,0.67,139552239,139552239,,,1.488331548732801,0.6699999990684492,1.0404705867886506,1.0404705867886506,0.0,11.233069503098406,11.233069503098406,11.233069503098406,0.0,1832320898.07,1832320898.07,4.899253738155081,8.821959066297545,12.61928993161157,12.619289931611572,1.1688701824891554,1.1688701824891554,8.821959066297545,0.0,12.619289931611572,12.619289931611572,0.0510281796701027,0.0792437613700419,0.0,0.0,0.0,0.0,0.0,1.5529411764705885,0.0035474135599536,0.0695187165775401,0.0438131921039961,0.0,0.0,0.0,0.0,0.0,0.0,13.013013583477292,1.8296268856631004,0.0269157694743508,-13.520743296709126,25800000.0,1567600000.0,-1880400000.0,25800000.0,23400000.0,0.0,0.0,11.179585941261434,0.0,0.0,8.050387596899224,0.0,0.0,0.0596453176830824,0.0,1996-01-22,0.35,amc,,2025-04-25,1995-12-31,0.0,12.045555555555556,421685.7142857143
1995-09-30,CB,USD,896159,1995-09-30,1995-09-30 00:00:00,1995,Q3,197700000.0,0.0,197700000.0,1.0,0,8800000.0,0.0,8800000.0,-119600000.0,-110800000.0,20400000.0,0.0,0.0,-2500000.0,0.0,0.0,86900000.0,0.4395548811,0.0,174000000.0,0.8801213961,87100000.0,86900000.0,0.4395548811,0.62,0.62,138471000,141159420,,,1.4277357713889551,0.6275682272822468,0.5640170143929054,0.5640170143929054,0.0,10.418788049483286,10.418788049483286,10.418788049483286,0.0,1586877660.0,1586877660.0,4.565240678941312,8.026695295902883,20.318535979513445,20.318535979513445,1.0999359950093577,1.0999359950093577,8.026695295902883,0.0,20.318535979513445,20.318535979513445,0.054761625417299,0.0492161443623826,0.0,0.0,0.0,0.0,0.0,0.8987341772151899,0.0040960939610177,0.0747986191024165,0.0445118866970156,0.0,0.0,0.0,0.0,0.0,0.0,12.129149096267344,2.0666694033935413,0.0268209876543209,-12.865870832159802,21000000.0,1442700000.0,-1776300000.0,21000000.0,16700000.0,0.0,0.0,9.559939301972689,0.0,0.0,9.414285714285716,0.0,0.0,0.0602342829417065,0.0,1995-11-17,0.34,amc,,2025-04-25,1995-09-30,-0.0294117647058823,10.323650793650794,268652.38095238095
1995-06-30,CB,USD,896159,1995-06-30,1995-06-30 00:00:00,1995,Q2,203900000.0,0.0,203900000.0,1.0,0,7200000.0,0.0,7200000.0,-113700000.0,-106500000.0,18600000.0,0.0,0.0,-2300000.0,0.0,0.0,97400000.0,0.4776851398,0.0,193800000.0,0.9504659147,96400000.0,97400000.0,0.4776851398,0.69,0.69,141159420,141159420,,,1.4444661220625588,0.6900000014168378,1.06050308225976,1.06050308225976,0.0,9.58349077943222,9.58349077943222,9.58349077943222,0.0,1365011591.4,1365011591.4,3.503623181211499,6.694514916135361,9.118313903807616,9.118313903807616,1.009026900798344,1.009026900798344,6.694514916135361,0.0,9.118313903807616,9.118313903807616,0.0713547054205623,0.1096693983722605,0.0,0.0,0.0,0.0,0.0,1.5369609856262834,0.0038094914598246,0.0533880903490759,0.0353114271701814,0.0,0.0,0.0,0.0,0.0,0.0,12.197692185663476,3.947684676587103,0.0313798769290247,-12.33924027174382,12400000.0,1352800000.0,-1738700000.0,12400000.0,12200000.0,0.0,0.0,5.473271211378127,0.0,0.0,16.443548387096776,0.0,0.0,0.0719988172678888,0.0,1995-07-25,0.34,amc,,2025-04-25,1995-06-30,0.0,8.84968253968254,388971.4285714286
1995-03-31,CB,USD,896159,1995-03-31,1995-03-31 00:00:00,1995,Q1,156600000.0,0.0,156600000.0,1.0,0,5600000.0,0.0,5600000.0,-110300000.0,-104700000.0,17500000.0,0.0,0.0,-4500000.0,0.0,0.0,51900000.0,0.3314176245,0.0,101900000.0,0.6507024266,50000000.0,51900000.0,0.3314176245,0.37,0.37,140270270,140270270,,,1.1164161871221892,0.3700000007129094,0.4455684016292262,0.4455684016292262,0.0,8.654007723803483,8.654007723803483,8.654007723803483,0.0,1181075673.4,1181075673.4,5.68918917822736,7.541990251596425,18.8972107744,18.8972107744,0.9729596123239148,0.9729596123239148,7.541990251596425,0.0,18.8972107744,18.8972107744,0.0439429929587778,0.0529178624262738,0.0,0.0,0.0,0.0,0.0,1.2042389210019269,0.0044027661538659,0.1001926782273603,0.0357598978288633,0.0,0.0,0.0,0.0,0.0,0.0,8.487909898171532,2.202821393523062,0.0181202429997905,-11.700982681504785,12000000.0,1213900000.0,-1638300000.0,12000000.0,9350000.0,0.0,0.0,6.896551724137931,0.0,0.0,13.05,0.0,0.0,0.042754757393525,0.0,1995-04-25,0.32,amc,,2025-04-25,1995-03-31,0.03125,8.025555555555556,178342.85714285713
1994-12-31,CB,USD,896159,1994-12-31,1994-12-31 00:00:00,1994,Q4,102600000.0,0.0,102600000.0,1.0,0,4300000.0,0.0,4300000.0,-105500000.0,-101200000.0,16100000.0,0.0,0.0,-3300000.0,0.0,0.0,1400000.0,0.0136452242,-1500000.0,-100000.0,-0.0009746589,-1500000.0,1400000.0,0.0136452242,0.01,0.01,140000000,140000000,,,0.7328571428571429,0.01,1.0478571428571428,1.0478571428571428,0.0,7.785,7.785,7.785,0.0,1090600000.0,1090600000.0,194.75,10.62962962962963,7.434219495569189,7.434219495569189,1.0006422607578678,1.0006422607578678,10.62962962962963,0.0,7.434219495569189,7.434219495569189,0.0012836970474967,0.1345131120484137,0.0,0.0,0.0,0.0,0.0,104.78571428571428,0.004768017604988,3.7142857142857135,0.0419103313840155,0.0,0.0,0.0,0.0,0.0,0.0,1.323489705286747,-2.925373134328358,0.0005166814289932,-11.533392857142855,6700000.0,1089900000.0,-1613000000.0,6700000.0,7850000.0,0.0,0.0,5.87719298245614,0.0,0.0,15.313432835820896,0.0,0.0,0.0012845215157353,0.0,1995-01-24,0.3,amc,,2025-04-25,1994-12-31,0.0666666666666667,7.616507936507936,199885.7142857143
1994-09-30,CB,USD,896159,1994-09-30,1994-09-30 00:00:00,1994,Q3,146500000.0,0.0,146500000.0,1.0,0,4700000.0,0.0,4700000.0,-106500000.0,-101800000.0,16400000.0,0.0,0.0,0.0,44700000.0,0.3051194539,44700000.0,0.3051194539,42100000.0,86800000.0,0.5924914676,42100000.0,44700000.0,0.3051194539,0.31,0.31,142569444,142569444,,,1.027569413821941,0.3135314184152952,0.6074232848940618,0.6074232848940618,0.0,7.636278640463801,7.636278640463801,7.636278640463801,0.0,1140555552.0,1140555552.0,6.378946040268457,7.785362129692833,13.170387436489609,13.170387436489609,1.0476307081840728,1.0476307081840728,7.785362129692833,25.515784161073825,13.170387436489609,13.170387436489609,0.0391914273019119,0.0759279106117577,0.0,0.0,0.0,0.0,0.0,1.9373601789709167,0.0045591816995512,0.116331096196868,0.0320819112627986,0.0,0.0,0.0,0.0,0.0,0.0,7.339604802377192,2.557718894009217,0.0169807020209694,-10.780360481731275,9000000.0,1088700000.0,-1534700000.0,9000000.0,10300000.0,0.0,0.0,5.5290102389078495,0.0,0.0,16.27777777777778,0.0,0.0,0.0410581427390465,0.0,1994-11-08,0.27,amc,,2025-04-25,1994-09-30,0.111111111111111,7.926875,240853.125
1994-06-30,CB,USD,896159,1994-06-30,1994-06-30 00:00:00,1994,Q2,90700000.0,0.0,90700000.0,1.0,0,3500000.0,0.0,3500000.0,-299500000.0,-296000000.0,15200000.0,0.0,7800000.0,0.0,-205300000.0,-2.2635060639,-205300000.0,-2.2635060639,-7800000.0,-213100000.0,-2.3495038589,-7800000.0,-205300000.0,-2.2635060639,-1.44,-1.44,142569444,142569444,,,0.6361812002296929,-1.4400000044890404,0.7750608889237164,0.7750608889237164,0.0,7.470745274141632,7.470745274141632,7.470745274141632,0.0547101803946152,1170495135.24,1170495135.24,-1.4253472177788604,12.905128282690187,10.5927161560181,10.5927161560181,1.098953276912966,1.098953276912966,12.905128282690187,-5.701388871115441,10.5927161560181,10.5927161560181,-0.1753958592556687,0.0944044931697583,0.0,0.0,0.0,0.0,-26.32051282051282,-0.5382367267413541,0.0041008286625777,-0.0233804188991719,0.0385887541345093,0.0,0.0,0.0,0.0,0.0,0.0,,-17.05047411770417,-0.0800202681633925,-10.463672706754751,11600000.0,1065100000.0,-1488900000.0,11600000.0,10550000.0,0.0,0.0,11.51047409040794,0.0,0.0,7.818965517241379,0.0,0.0,-0.1927518542859825,0.0,1994-07-26,0.26,amc,,2025-04-25,1994-06-30,0.0384615384615384,9.032580645161293,164153.2258064516
1994-03-31,CB,USD,896159,1994-03-31,1994-03-31 00:00:00,1994,Q1,111800000.0,0.0,111800000.0,1.0,0,4600000.0,0.0,4600000.0,-98600000.0,-94000000.0,16000000.0,0.0,0.0,0.0,17800000.0,0.1592128801,17800000.0,0.1592128801,16500000.0,34300000.0,0.3067978533,16500000.0,17800000.0,0.1592128801,0.12,0.12,148333333,148333333,,,0.7537078668622649,0.1200000002696629,0.2575280904663553,0.2575280904663553,0.0,8.745842716282793,8.745842716282793,8.745842716282793,0.0,1272699997.14,1272699997.14,17.87499995983146,11.383720904651163,33.31675385183246,33.316753851832466,0.9810375373005472,0.9810375373005472,11.383720904651163,71.49999983932585,33.316753851832466,33.316753851832466,0.0139860140174432,0.0300149289587826,0.0,0.0,0.0,0.0,0.0,2.146067415730337,0.0038500825104197,0.2752808988764045,0.0411449016100178,0.0,0.0,0.0,0.0,0.0,0.0,4.859400723034498,0.9723492404480588,0.0070236357179497,-8.291292153463578,9500000.0,1297300000.0,-1227500000.0,9500000.0,8300000.0,0.0,0.0,7.647584973166368,0.0,0.0,11.76842105263158,0.0,0.0,0.0137208047483234,0.0,1994-04-26,0.24,amc,,2025-04-25,1994-03-31,0.0,9.32047619047619,464771.4285714286
1993-12-31,CB,USD,896159,1993-12-31,1993-12-31 00:00:00,1993,Q4,188400000.0,0.0,188400000.0,1.0,0,4100000.0,0.0,4100000.0,-95400000.0,-91300000.0,15200000.0,0.0,0.0,0.0,97100000.0,0.5153927813,97100000.0,0.5153927813,95500000.0,192600000.0,1.0222929936,95500000.0,97100000.0,0.5153927813,0.65,0.65,149384615,149384615,,,1.2611740506209426,0.6500000016735324,0.6794541727071426,0.6794541727071426,0.0,9.53511845915324,9.53511845915324,9.53511845915324,0.0,1550612303.7,1550612303.7,3.992307682028836,8.23042624044586,15.276968509359609,15.276968509359609,1.0886073460404382,1.0886073460404382,8.23042624044586,15.969230728115344,15.276968509359609,15.276968509359609,0.0626204240533268,0.0654580127848885,0.0,0.0,0.0,0.0,0.0,1.0453141091658085,0.0032245326495018,0.0514933058702368,0.0217622080679405,0.0,0.0,0.0,0.0,0.0,0.0,11.808941858784642,6.894834218185542,0.036485927929959,-8.244322884254178,7100000.0,1424400000.0,-1229800000.0,7100000.0,6800000.0,0.0,0.0,3.39171974522293,0.0,0.0,26.535211267605632,0.0,0.0,0.0681690536366189,0.0,1994-01-25,0.25,amc,,2025-04-25,1993-12-31,0.04,10.35421875,235448.4375
1993-09-30,CB,USD,896159,1993-09-30,1993-09-30 00:00:00,1993,Q3,144900000.0,0.0,144900000.0,1.0,0,2900000.0,0.0,2900000.0,-85500000.0,-82600000.0,13200000.0,0.0,0.0,0.0,62300000.0,0.4299516908,62300000.0,0.4299516908,60300000.0,122600000.0,0.8461007591,60300000.0,62300000.0,0.4299516908,0.55,0.55,113516484,113516484,,,1.2764665966926882,0.5488189715248756,-0.2783736677397443,-0.2783736677397443,0.0,12.052875069668296,12.052875069668296,12.052875069668296,0.0,1253221983.36,1253221983.36,5.0289806715890855,8.64887497142857,-39.65892352405063,-39.65892352405063,0.915964028183014,0.915964028183014,8.64887497142857,20.11592268635634,-39.65892352405063,-39.65892352405063,0.0497118633627604,-0.0252150061358464,0.0,0.0,0.0,0.0,0.0,-0.507223113964687,0.0197010869565217,0.3963055420545746,0.0200138026224982,0.0,0.0,0.0,0.0,0.0,0.0,12.199755991092456,4.870485631823315,0.0271625392396233,-8.10917469924456,6500000.0,1368200000.0,-918900000.0,6500000.0,3250000.0,0.0,0.0,4.037267080745342,0.0,0.0,22.29230769230769,0.0,0.0,0.0455342786142376,0.0,1993-11-10,0.22,amc,,2025-04-25,1993-09-30,-0.0454545454545455,10.58265625,303759.375
1993-06-30,CB,USD,896159,1993-06-30,1993-06-30 00:00:00,1993,Q2,136100000.0,0.0,136100000.0,1.0,0,2600000.0,0.0,2600000.0,-80700000.0,-78100000.0,12500000.0,0.0,0.0,0.0,58000000.0,0.4261572373,58000000.0,0.4261572373,55900000.0,113900000.0,0.8368846436,55900000.0,58000000.0,0.4261572373,0.39,0.39,113516484,113516484,,,1.1989448158031393,0.5109390104083914,0.5902226499545211,0.5902226499545211,0.0,11.618576910821163,11.618576910821163,11.618576910821163,0.0,1126083521.28,1126083521.28,4.853808281379311,8.273942110800881,16.80721673552239,16.80721673552239,0.8538050809614072,0.8538050809614072,8.273942110800881,19.41523312551724,16.80721673552239,16.80721673552239,0.0515059486298781,0.0594982510034799,0.0,0.0,0.0,0.0,0.0,1.157167530224525,0.014196875,0.2756356377788275,0.0191036002939015,0.0,0.0,0.0,0.0,0.0,0.0,11.557190154025196,0.0,0.0250431778929188,-8.783746332382881,0.0,1318900000.0,-997100000.0,0.0,0.0,0.0,0.0,0.0,0.0,0.0,0.0,0.0,0.0,0.0439760406399272,0.0,1993-06-30,,amc,,2025-04-25,1993-06-30,,9.522857142857143,596957.1428571428
1993-03-31,CB,USD,896159,1993-03-31,1993-03-31 00:00:00,1993,Q1,141600000.0,0.0,141600000.0,1.0,0,4200000.0,0.0,4200000.0,-81500000.0,-77300000.0,13700000.0,0.0,0.0,0.0,64300000.0,0.4540960452,64300000.0,0.4540960452,64000000.0,128300000.0,0.9060734463,64000000.0,64300000.0,0.4540960452,0.57,0.57,112807018,112807018,,,1.2552410524671436,0.5699999976951788,0.6604199040169646,0.6604199040169646,0.0,11.202317217533398,11.202317217533398,11.202317217533398,0.0,1090843864.06,1090843864.06,4.241228087325039,7.703699604943503,14.642199517583894,14.642199517583892,0.8632142629263274,0.8632142629263274,7.703699604943503,16.964912349300153,14.642199517583892,14.642199517583892,0.0589451910749926,0.0682957501568732,0.0,0.0,0.0,0.0,0.0,1.1586314152410575,0.0,0.0,0.0296610169491525,0.0,0.0,0.0,0.0,0.0,0.0,11.98623033876501,0.0,0.0290280348516996,-8.433872438681076,0.0,1263700000.0,-951400000.0,0.0,0.0,0.0,0.0,0.0,0.0,0.0,0.0,0.0,0.0,0.0508823296668513,0.0,1993-08-03,0.21,amc,,2025-04-25,1993-03-31,0.0476190476190476,10.60846023214516,1840753.225806452
1992-12-31,CB,USD,896159,1992-12-31,1992-12-31 00:00:00,1992,Q4,115200000.0,0.0,115200000.0,1.0,0,3400000.0,0.0,3400000.0,-79600000.0,-76200000.0,12900000.0,0.0,0.0,0.0,39000000.0,0.3385416667,39000000.0,0.3385416667,37900000.0,76900000.0,0.6675347222,37900000.0,39000000.0,0.3385416667,0.36,0.36,108333333,108333333,,,1.063384618656568,0.3600000011076923,0.1236923080728994,0.1236923080728994,0.0,10.38369233964213,10.38369233964213,10.38369233964213,0.0,1150640120.090402,1150640120.090402,7.375898205707706,9.988195486895853,85.86866567838821,85.86866567838821,1.0228821407150877,1.0228821407150877,9.988195486895853,29.503592822830825,85.86866567838821,85.86866567838821,0.0338941770924308,0.0116456916163736,0.0,0.0,0.0,0.0,0.0,0.3435897435897436,0.0,0.0,0.0295138888888888,0.0,0.0,0.0,0.0,0.0,0.0,9.171036375998888,0.0,0.0191627358490566,-8.402769256623905,0.0,1124900000.0,-910300000.0,0.0,0.0,0.0,0.0,0.0,0.0,0.0,0.0,0.0,0.0,0.0346697484220819,0.0,1992-12-31,,amc,,2025-04-25,1992-12-31,,10.359081013757812,2504437.5
1992-09-30,CB,USD,896159,1992-09-30,1992-09-30 00:00:00,1992,Q3,181400000.0,0.0,181400000.0,1.0,0,0.0,0.0,0.0,-308700000.0,-308700000.0,-308700000.0,0.0,0.0,0.0,-127300000.0,-0.7017640573,-127300000.0,-0.7017640573,0.0,0.0,0.0,127300000.0,-127300000.0,-0.7017640573,-1.16,-1.16,109729730,109729730,,,1.6531527052878012,-1.1601231498519131,,,0.0,10.042857118121042,10.042857118121042,10.042857118121042,0.0,1121150170.286859,1121150170.286859,-2.2017874514667306,6.180541181294703,0.0,0.0,1.0173776499880751,1.0173776499880751,6.180541181294703,-8.80714980586692,0.0,0.0,-0.1135441115505774,,0.0,0.0,0.0,0.0,0.0,0.0,,,0.0,0.0,0.0,0.0,,0.0,,,0.0,-0.0630510153541357,-8.356896531140649,0.0,1102000000.0,-917000000.0,0.0,,,,0.0,0.0,0.0,0.0,0.0,0.0,-0.1155172413793103,,1992-09-30,,amc,,2025-04-25,1992-09-30,,9.1084978010875,1753600.0
1992-06-30,CB,USD,896159,1992-06-30,1992-06-30 00:00:00,1992,Q2,118400000.0,0.0,118400000.0,1.0,0,0.0,0.0,0.0,-77800000.0,-77800000.0,-77800000.0,0.0,40600000.0,0.0,40600000.0,0.3429054054,40600000.0,0.3429054054,0.0,0.0,0.0,-40600000.0,40600000.0,0.3429054054,0.37,0.37,109729730,109729730,,,1.0790147756674513,0.3699999990886699,,,,,,,,931013591.7034072,,5.732842313444626,7.863290470467966,0.0,0.0,0.0,0.0,,,0.0,0.0,0.0436083859159533,,0.0,0.0,,0.0,1.0,0.0,,,0.0,0.0,0.0,0.0,,0.0,,,0.0,0.0,,,,,,,,,,0.0,0.0,0.0,0.0,0.0,0.0,,1992-06-30,,amc,,2025-04-25,1992-06-30,,8.054040796401587,1657561.9047619049
1992-03-31,CB,USD,896159,1992-03-31,1992-03-31 00:00:00,1992,Q1,101900000.0,0.0,101900000.0,1.0,0,0.0,0.0,0.0,-59700000.0,-59700000.0,-59700000.0,0.0,42200000.0,0.0,42200000.0,0.4141315015,42200000.0,0.4141315015,0.0,0.0,0.0,-42200000.0,42200000.0,0.4141315015,0.39,0.39,108205128,108205128,,,0.9417298596051752,0.3900000007393365,,,,,,,,853424567.1989027,,5.055832744069329,8.375118421971568,0.0,0.0,0.0,0.0,,,0.0,0.0,0.0494478382998842,,0.0,0.0,,0.0,1.0,0.0,,,0.0,0.0,0.0,0.0,,0.0,,,0.0,0.0,,,,,,,,,,0.0,0.0,0.0,0.0,0.0,0.0,,1992-03-31,,amc,,2025-04-25,1992-03-31,,8.189248209461905,1976457.142857143
1991-12-31,CB,USD,896159,1991-12-31,1991-12-31 00:00:00,1991,Q4,118100000.0,0.0,118100000.0,1.0,0,0.0,0.0,0.0,-63100000.0,-63100000.0,-63100000.0,0.0,55000000.0,0.0,55000000.0,0.4657070279,55000000.0,0.4657070279,0.0,0.0,0.0,-55000000.0,55000000.0,0.4657070279,0.51,0.51,107843137,107843137,,,1.0951090934975305,0.5100000012054545,,,,,,,,992331093.0339018,,4.510595877426827,8.402464801303148,0.0,0.0,0.0,0.0,,,0.0,0.0,0.0554250495485794,,0.0,0.0,,0.0,1.0,0.0,,,0.0,0.0,0.0,0.0,,0.0,,,0.0,0.0,,,,,,,,,,0.0,0.0,0.0,0.0,0.0,0.0,,1991-12-31,,amc,,2025-04-25,1991-12-31,,8.020660695701562,1723675.0
