date,symbol,reportedCurrency,cik,fillingDate,acceptedDate,calendarYear,period,revenue,costOfRevenue,grossProfit,grossProfitRatio,researchAndDevelopmentExpenses,generalAndAdministrativeExpenses,sellingAndMarketingExpenses,sellingGeneralAndAdministrativeExpenses,otherExpenses,operatingExpenses,costAndExpenses,interestIncome,interestExpense,depreciationAndAmortization,ebitda,ebitdaratio,operatingIncome,operatingIncomeRatio,totalOtherIncomeExpensesNet,incomeBeforeTax,incomeBeforeTaxRatio,incomeTaxExpense,netIncome,netIncomeRatio,eps,epsdiluted,weightedAverageShsOut,weightedAverageShsOutDil,link,finalLink,revenuePerShare,netIncomePerShare,operatingCashFlowPerShare,freeCashFlowPerShare,cashPerShare,bookValuePerShare,tangibleBookValuePerShare,shareholdersEquityPerShare,interestDebtPerShare,marketCap,enterpriseValue,peRatio,priceToSalesRatio,pocfratio,pfcfRatio,pbRatio,ptbRatio,evToSales,enterpriseValueOverEBITDA,evToOperatingCashFlow,evToFreeCashFlow,earningsYield,freeCashFlowYield,debtToEquity,debtToAssets,netDebtToEBITDA,currentRatio,interestCoverage,incomeQuality,dividendYield,payoutRatio,salesGeneralAndAdministrativeToRevenue,researchAndDdevelopementToRevenue,intangiblesToTotalAssets,capexToOperatingCashFlow,capexToRevenue,capexToDepreciation,stockBasedCompensationToRevenue,grahamNumber,roic,returnOnTangibleAssets,grahamNetNet,workingCapital,tangibleAssetValue,netCurrentAssetValue,investedCapital,averageReceivables,averagePayables,averageInventory,daysSalesOutstanding,daysPayablesOutstanding,daysOfInventoryOnHand,receivablesTurnover,payablesTurnover,inventoryTurnover,roe,capexPerShare,report_date,epsEstimated,time,revenueEstimated,updatedFromDate,fiscalDateEnding,surprise(%),QuarterAvgPrice,QuarterAvgVolume
2025-03-31,CBOE,USD,1374310,2025-05-02,2025-05-02 08:18:58,2025,Q1,1195000000.0,62300000.0,1132700000.0,0.9478661088,0,20800000.0,0.0,20800000.0,128200000.0,149000000.0,211300000.0,8400000.0,12800000.0,30300000.0,393300000.0,0.3291213389,353900000.0,0.2961506276,-3700000.0,350200000.0,0.2930543933,99600000.0,250600000.0,0.209707113,2.38,2.37,104700000,105100000,https://www.sec.gov/Archives/edgar/data/1374310/000162828025021680/0001628280-25-021680-index.htm,https://www.sec.gov/Archives/edgar/data/1374310/000162828025021680/cboe-20250331.htm,11.413562559694364,2.393505253104107,8.71919770773639,8.578796561604584,11.013371537726838,42.52244508118434,-0.4555873925501432,42.52244508118434,15.43839541547278,23692563000.0,24248963000.0,23.63583699122107,19.826412552301257,25.953075911929016,26.377825651302604,5.321660115451135,5.321660115451135,20.292019246861926,61.65513094330028,26.56256216453062,26.99728679581385,0.0105771587480847,0.03791063043707,0.3601895734597156,0.1850172487395152,1.414696160691584,1.602507269173936,27.6484375,3.642857142857143,0.002802567202206,0.2649640861931365,0.0174058577405857,0.0,0.51916975297959,0.0161025303976339,0.0123012552301255,0.4851485148514851,0.0103765690376569,47.85392515483475,0.0385495915967941,0.0601319736052789,-25.70487106017192,1264000000.0,-47700000.0,-853300000.0,6008700000.0,506400000.0,8950000.0,0.0,37.23514644351464,0.0,0.0,2.417071197411003,0.0,0.0,0.0562880438444778,0.1404011461318051,2025-05-02,2.36,bmo,560718090.0,2025-05-11,2025-03-31,0.0593220338983051,207.4525,798505.8166666667
2024-12-31,CBOE,USD,1374310,2025-02-21,2025-02-21 08:17:47,2024,Q4,1107600000.0,695000000.0,412600000.0,0.3725171542,0,137500000.0,16400000.0,153900000.0,-39800000.0,114100000.0,809100000.0,7200000.0,12900000.0,32100000.0,330700000.0,0.2985734922,298500000.0,0.2695016251,-18800000.0,279700000.0,0.2525279884,83200000.0,196500000.0,0.1774106176,1.87,1.86,104800000,105100000,https://www.sec.gov/Archives/edgar/data/1374310/000162828025006984/0001628280-25-006984-index.htm,https://www.sec.gov/Archives/edgar/data/1374310/000162828025006984/cboe-20241231.htm,10.568702290076336,1.875,-6.778625954198473,-7.005725190839694,9.833969465648854,39.43416030534351,-3.9618320610687023,40.83587786259542,15.38358778625954,20477920000.0,21156920000.0,26.05333333333333,18.488551823763093,-28.8259009009009,-27.89147371288477,4.785007944667727,4.785007944667727,19.10158902130733,63.97617175687935,-29.78170045045045,-28.81628983928085,0.0095957011258955,-0.0358532507207763,0.3737031498270866,0.2053253906099549,2.053220441487753,1.776877866972477,23.13953488372093,-3.6319018404907975,0.0032425168181143,0.3379134860050891,0.1241422896352473,0.0,0.5838800374882849,-0.0335022522522522,0.0214879017695919,0.7414330218068536,0.0087576742506319,41.50618745835666,0.0326963301880142,0.060625694187338,-21.345419847328245,1083900000.0,-415200000.0,-1177300000.0,5874300000.0,470850000.0,17600000.0,0.0,42.12351029252438,2.3179856115107915,0.0,2.136574074074074,38.8268156424581,0.0,0.0459155061220674,0.2270992366412213,2025-02-07,2.13,bmo,530681700.0,2025-05-07,2024-12-31,-0.0140845070422534,205.93578125,946639.90625
2024-09-30,CBOE,USD,1374310,2024-11-01,2024-11-01 08:15:19,2024,Q3,1055700000.0,642800000.0,412900000.0,0.3911149001,0,21900000.0,12600000.0,34500000.0,71000000.0,105500000.0,748300000.0,11400000.0,12800000.0,31800000.0,353600000.0,0.3349436393,307400000.0,0.2911812068,1600000.0,309000000.0,0.2926967889,90500000.0,217400000.0,0.2059297149,2.08,2.07,104700000,105100000,https://www.sec.gov/Archives/edgar/data/1374310/000162828024044657/0001628280-24-044657-index.htm,https://www.sec.gov/Archives/edgar/data/1374310/000162828024044657/cboe-20240930.htm,10.083094555873926,2.0764087870105064,12.843361986628462,12.728748806112703,7.665711556829035,40.19388729703916,-3.504297994269341,40.19388729703916,15.255969436485197,21449889000.0,22271189000.0,24.666385694572217,20.318167092924128,15.95143080240946,16.09506190440459,5.097043699356035,5.097043699356035,21.096134318461683,62.98413178733032,16.562199003495202,16.711329631574998,0.010135250583348,0.0621308576468624,0.3765178338046241,0.1818860127417781,2.322680995475113,1.3884007029876977,24.015625,6.185372585096596,0.003090925085906,0.3049678012879485,0.0207445296959363,0.0,0.5251908396946565,0.0089239235517215,0.0113668655868144,0.3773584905660377,0.0095671118689021,43.333891670064055,0.0343845181540154,0.0525590503590165,-32.31255969436485,928200000.0,-366900000.0,-1185200000.0,5742800000.0,398000000.0,21000000.0,0.0,36.08695652173913,2.4222153080273805,0.0,2.4939759036144578,37.15606936416185,0.0,0.0516598151272485,0.1146131805157593,2024-11-01,2.19,bmo,530760000.0,2025-04-25,2024-09-30,0.0136986301369864,196.41875,803733.140625
2024-06-30,CBOE,USD,1374310,2024-08-02,2024-08-02 08:17:02,2024,Q2,974000000.0,492000000.0,482000000.0,0.4948665298,0,141900000.0,9300000.0,151200000.0,-13100000.0,222100000.0,682300000.0,4600000.0,12800000.0,31800000.0,323500000.0,0.3321355236,291700000.0,0.299486653,-7100000.0,203000000.0,0.2084188912,62600000.0,140400000.0,0.1441478439,1.33,1.33,105900000,105900000,https://www.sec.gov/Archives/edgar/data/1374310/000155837024010654/0001558370-24-010654-index.htm,https://www.sec.gov/Archives/edgar/data/1374310/000155837024010654/cboe-20240630x10q.htm,9.197355996222852,1.3257790368271956,2.8394711992445703,2.671388101983003,6.2974504249291785,37.97639282341832,-5.421152030217186,37.97639282341832,15.11614730878187,18206328000.0,19174528000.0,32.41867521367521,18.69232854209445,60.54648486863984,64.35605514316013,4.527022900763358,4.527022900763358,19.68637371663244,59.272111282843895,63.76630528766212,67.77846588900671,0.0077116044487389,0.0155385534084632,0.3948578959146629,0.1715718051774061,2.992890262751159,1.2344487004970084,22.7890625,2.152469577666428,0.0031966907330242,0.4145299145299145,0.1456878850102669,0.0,0.496542633648818,0.0591952111739275,0.0182751540041067,0.559748427672956,0.0105749486652977,33.657642129850124,0.032974387022249,0.0301300484999356,-40.48607176581681,740600000.0,-574100000.0,-1334400000.0,5566800000.0,371450000.0,18000000.0,0.0,34.43839835728953,4.518292682926829,0.0,2.613361953313657,19.91902834008097,0.0,0.0349106099410697,0.1680830972615675,2024-08-02,2.1,bmo,514505525.0,2025-04-25,2024-06-30,0.0238095238095237,177.56333333333333,754235.0793650794
2024-03-31,CBOE,USD,1374310,2024-05-03,2024-05-03 08:15:51,2024,Q1,957200000.0,492400000.0,464800000.0,0.4855829503,0,28000000.0,7500000.0,35500000.0,-181800000.0,181800000.0,674200000.0,4100000.0,13000000.0,37300000.0,320300000.0,0.3346218136,283000000.0,0.2956539908,9700000.0,292100000.0,0.3051608859,82600000.0,209500000.0,0.2188675303,1.97,1.96,105900000,105900000,https://www.sec.gov/Archives/edgar/data/1374310/000155837024006597/0001558370-24-006597-index.htm,https://www.sec.gov/Archives/edgar/data/1374310/000155837024006597/cboe-20240331x10q.htm,9.038715769593956,1.9782813975448537,1.5637393767705383,1.4948064211520302,5.333333333333333,37.99905571293673,-6.399433427762039,37.99905571293673,15.277620396600566,19260033000.0,20323733000.0,22.98333293556086,20.12122127037192,116.30454710144927,121.66792798483893,4.786171566312965,4.786171566312965,21.232483284580024,63.45217920699344,122.72785628019324,128.387447883765,0.0108774476139267,0.0082190928748668,0.39882209686638,0.1968695182836324,3.320949110209179,1.3328849028400598,21.76923076923077,0.7950072011521844,0.0030373779733399,0.279236276849642,0.029251984956122,0.0,0.576759362618221,0.0440821256038647,0.0076264103635603,0.195710455764075,0.0122231508566652,41.12649466495288,0.0329176135346748,0.0607193577370083,-31.025023607176585,668100000.0,-677700000.0,-1452900000.0,5606500000.0,353750000.0,18000000.0,0.0,34.80777267028834,2.0653939886271324,0.0,2.585629389519178,43.575221238938056,0.0,0.0520613304838348,0.068932955618508,2024-05-03,2.04,bmo,504795651.0,2025-04-25,2024-03-31,0.0539215686274509,184.52737704918036,835443.0
2023-12-31,CBOE,USD,1374310,2024-02-16,2024-02-16 08:31:03,2023,Q4,968700000.0,507700000.0,461000000.0,0.4758955301,0,23300000.0,9000000.0,32300000.0,-167500000.0,167500000.0,675200000.0,3700000.0,13200000.0,38000000.0,331500000.0,0.3422112109,293500000.0,0.3029833798,-6500000.0,287500000.0,0.2967895117,75500000.0,212000000.0,0.2188500052,1.99,1.98,105900000,105900000,https://www.sec.gov/Archives/edgar/data/1374310/000155837024001277/0001558370-24-001277-index.htm,https://www.sec.gov/Archives/edgar/data/1374310/000155837024001277/cboe-20231231x10k.htm,9.147308781869688,2.0018885741265344,2.9650613786591125,2.8035882908404157,5.373937677053824,37.62983947119925,-7.180358829084041,37.62983947119925,15.335221907459868,18909504000.0,19972004000.0,22.298943396226417,19.52049550944565,60.22135031847134,63.689808016167056,4.745170388958594,4.745170388958594,20.617326313616186,60.24737254901961,63.605108280254775,67.26845402492421,0.011211293537895,0.0157010992990614,0.4042158092848181,0.2087015107149335,3.2051282051282053,1.4307503252855285,22.234848484848484,1.4895635673624288,0.003093682414938,0.2759433962264151,0.0240528543408692,0.0,0.6148324738928765,0.0544585987261146,0.0176525240012387,0.45,0.0064003303396304,41.16967060690688,0.0353351643008191,0.071313240043057,-27.489376770538243,595900000.0,-760400000.0,-1753900000.0,5587100000.0,348200000.0,19100000.0,662350000.0,31.33787550325178,4.378570021666339,0.0,2.87192410317225,20.554655870445345,0.0,0.0531994981179422,0.1614730878186968,2024-02-02,2.03,bmo,511680000.0,2025-04-25,2023-12-31,0.0147783251231528,171.36825396825398,846361.0476190476
2023-09-30,CBOE,USD,1374310,2023-11-03,2023-11-03 08:16:17,2023,Q3,908800000.0,428300000.0,480500000.0,0.5287191901,0,24400000.0,8900000.0,33300000.0,10800000.0,112400000.0,-219800000.0,3500000.0,15400000.0,38800000.0,310800000.0,0.3419894366,271200000.0,0.298415493,-1100000.0,270100000.0,0.2972051056,61900000.0,208200000.0,0.2290933099,1.96,1.95,105900000,105900000,https://www.sec.gov/Archives/edgar/data/1374310/000155837023017503/0001558370-23-017503-index.htm,https://www.sec.gov/Archives/edgar/data/1374310/000155837023017503/cboe-20230930x10q.htm,8.581680830972616,1.96600566572238,6.958451369216242,6.885741265344665,4.127478753541077,35.7724268177526,-8.932955618508027,35.7724268177526,15.82530689329556,16542639000.0,17800039000.0,19.86387968299712,18.202727772887325,22.448960510245623,22.686010696653867,4.366771111052452,4.366771111052452,19.5863105193662,57.27168275418275,24.155297869453115,24.41036615469007,0.0125856581891196,0.0440800285855237,0.4383232584536599,0.2147429679922405,4.045688545688546,1.2316301703163015,17.61038961038961,3.5393852065321805,0.0035363160617843,0.2809798270893371,0.0268485915492957,0.0,0.6122599418040737,0.0104491789930791,0.0084727112676056,0.1984536082474226,0.0100132042253521,39.77936475746776,0.0349824137658815,0.0694416649989994,-24.319405099150146,428400000.0,-946000000.0,-1666300000.0,5380200000.0,361350000.0,23300000.0,1021750000.0,35.562279929577464,2.8367966378706515,278.36329675461127,2.530771372876636,31.725925925925925,0.3233184872046501,0.0549586885938283,0.0727101038715769,2023-11-03,1.86,bmo,479890000.0,2025-04-25,2023-09-30,0.10752688172043,147.13333333333333,623298.9841269841
2023-06-30,CBOE,USD,1374310,2023-08-04,2023-08-04 08:16:03,2023,Q2,907800000.0,440700000.0,467100000.0,0.5145406477,0,126900000.0,13500000.0,140400000.0,10900000.0,221600000.0,662300000.0,2800000.0,16700000.0,39800000.0,285300000.0,0.3142762723,244800000.0,0.2696629213,-3000000.0,241800000.0,0.2663582287,74000000.0,167800000.0,0.1848424763,1.58,1.57,105900000,105900000,https://www.sec.gov/Archives/edgar/data/1374310/000155837023013313/0001558370-23-013313-index.htm,https://www.sec.gov/Archives/edgar/data/1374310/000155837023013313/cboe-20230630x10q.htm,8.572237960339944,1.5845136921624174,-4.7507082152974505,-4.824362606232294,4.884796978281398,34.6024551463645,-10.277620396600566,34.6024551463645,16.46175637393768,14615258999.999998,15928258999.999998,21.77481972586412,16.099646397884996,-29.05040548598688,-28.606887844979443,3.9884453116472,3.9884453116472,17.54600022031284,55.829859796705215,-31.660224607433907,-31.176862399686826,0.011481151309053,-0.034956616232391,0.4711821853509442,0.2399421893022415,4.60217315106905,1.1881343232749813,14.65868263473054,-2.998212157330155,0.0036400312851109,0.3170441001191895,0.1397884996695307,0.0,0.660487221890243,-0.0155038759689922,0.0085922009253139,0.1959798994974874,0.0100242344128662,35.12308982908017,0.028746765577379,0.0686832303221317,-22.49386213408876,276200000.0,-1088400000.0,-1787200000.0,5252500000.0,378500000.0,24100000.0,1085800000.0,36.04758757435559,6.759700476514635,146.7937372362151,2.4966996699669965,13.314199395770393,0.6131051752921536,0.0457919441109049,0.0736543909348441,2023-08-04,1.77,bmo,469300000.0,2025-04-25,2023-06-30,0.0056497175141242,136.47016129032258,629959.4354838709
2023-03-31,CBOE,USD,1374310,2023-05-05,2023-05-05 08:18:04,2023,Q1,988200000.0,516800000.0,471400000.0,0.4770289415,0,134300000.0,6200000.0,134300000.0,82800000.0,217100000.0,733900000.0,2000000.0,15100000.0,41400000.0,295700000.0,0.2992309249,247900000.0,0.2508601498,300000.0,248200000.0,0.251163732,74800000.0,173400000.0,0.1754705525,1.63,1.63,105900000,106200000,https://www.sec.gov/Archives/edgar/data/1374310/000155837023008202/0001558370-23-008202-index.htm,https://www.sec.gov/Archives/edgar/data/1374310/000155837023008202/cboe-20230331x10q.htm,9.331444759206798,1.6373937677053825,9.73371104815864,9.616619452313504,4.870632672332389,33.41548630783758,-11.578847969782814,33.41548630783758,17.796033994334277,14216016000.000002,15649916000.000002,20.49598615916955,14.385768063145116,13.791245634458672,13.959167321288298,4.017299008110324,4.017299008110324,15.836790123456792,52.92497801826176,15.182301125339544,15.367160251374708,0.0121975101885085,0.0716375108187835,0.528301353604431,0.2365407730752198,4.849171457558336,1.067115259387888,16.417218543046356,5.944636678200692,0.0037492923474481,0.3073817762399077,0.1359036632260676,0.0,0.6028847978743594,0.0120294916569654,0.0125480671928759,0.2995169082125604,0.0171018012548067,35.08663496360403,0.0292373575121385,0.055247562607532,-26.70018885741265,154600000.0,-1226200000.0,-1906700000.0,5144000000.0,381600000.0,21300000.0,997900000.0,35.8287795992714,2.6296439628482973,253.0030959752322,2.5119471276054908,34.22516556291391,0.355726872246696,0.0490010455817108,0.1170915958451369,2023-05-05,1.87,bmo,481000000.0,2025-04-25,2023-03-31,0.0160427807486629,125.51403225806452,704363.4032258064
2022-12-31,CBOE,USD,1374310,2023-02-17,2023-02-17 08:31:17,2022,Q4,1004700000.0,547600000.0,457100000.0,0.4549616801,0,148900000.0,0.0,148900000.0,55700000.0,204600000.0,752200000.0,1400000.0,15700000.0,44700000.0,297200000.0,0.2958096944,250500000.0,0.2493281577,-14700000.0,235800000.0,0.2346969245,76100000.0,159700000.0,0.1589529213,1.5,1.49,106200000,106500000,https://www.sec.gov/Archives/edgar/data/1374310/000155837023001489/0001558370-23-001489-index.htm,https://www.sec.gov/Archives/edgar/data/1374310/000155837023001489/cboe-20221231x10k.htm,9.46045197740113,1.5037664783427496,-1.3521657250470809,-1.6101694915254237,4.937853107344632,32.62994350282486,-12.432203389830509,32.62994350282486,17.768361581920903,13324914000.0,14763514000.0,20.85928929242329,13.262579874589427,-92.79188022284124,-77.92347368421052,3.845241104666263,3.845241104666263,14.69445008460237,49.67534993270525,-102.8099860724234,-86.33633918128655,0.0119850679711703,-0.0128331034631818,0.5400109658615415,0.2673705868064981,4.840511440107671,1.0533441646357975,15.955414012738853,-0.8991859737006888,0.004007530555169,0.3343769567939887,0.1482034438140738,0.0,0.6837645915786766,-0.1908077994428969,0.0272718224345575,0.6129753914988815,0.0075644470986364,33.22688433587674,0.0291184697956375,0.0721547011250169,-23.16713747645951,78800000.0,-1320300000.0,-1977600000.0,5086600000.0,375000000.0,24400000.0,786150000.0,33.12630636010749,4.519722425127831,89.24397370343317,2.716873985938345,19.91272727272727,1.0084714548802949,0.0460854760049634,0.2580037664783427,2023-02-03,1.76,bmo,458094385.0,2025-04-25,2022-12-31,0.0227272727272727,123.4088888888889,753286.5714285715
2022-09-30,CBOE,USD,1374310,2022-11-04,2022-11-04 08:16:03,2022,Q3,993500000.0,551100000.0,442400000.0,0.4452944137,0,147600000.0,6100000.0,147600000.0,55600000.0,203200000.0,754300000.0,800000.0,16100000.0,41000000.0,280200000.0,0.2820332159,236800000.0,0.2383492703,-7800000.0,229000000.0,0.2304982386,78800000.0,149600000.0,0.150578762,1.41,1.41,106200000,106400000,https://www.sec.gov/Archives/edgar/data/1374310/000155837022016342/0001558370-22-016342-index.htm,https://www.sec.gov/Archives/edgar/data/1374310/000155837022016342/cboe-20220930x10q.htm,9.354990583804144,1.408662900188324,1.5941619585687383,1.4981167608286252,3.5847457627118646,31.015065913371,-14.370056497175142,31.015065913371,18.90489642184557,12464694000.0,14102994000.0,20.830036764705884,12.54624458983392,73.62489072652097,78.34502828409805,3.784289877952517,3.784289877952517,14.195263210870658,50.33188436830835,83.30179562906083,88.64232558139535,0.0120018991240378,0.0127640518090536,0.6046511627906976,0.2729191218790254,5.846895074946467,1.2276727931659333,14.70807453416149,1.1271637816245006,0.0042841003557728,0.356951871657754,0.148565676899849,0.0,0.6604955189519555,0.0602480803307737,0.0102667337695017,0.248780487804878,0.0070457976849521,31.3531479397026,0.0270011443504661,0.0603834510595358,-26.58286252354049,351800000.0,-1526100000.0,-2106600000.0,5394000000.0,385750000.0,28250000.0,1008250000.0,34.44187216909915,3.478497550353838,168.09471965160589,2.6130983692793266,25.87323943661972,0.535412416205188,0.0454186653713036,0.096045197740113,2022-11-04,1.63,bmo,440956385.0,2025-04-25,2022-09-30,0.0674846625766871,120.338125,601261.078125
2022-06-30,CBOE,USD,1374310,2022-07-29,2022-07-29 08:16:32,2022,Q2,985800000.0,561700000.0,424100000.0,0.4302089673,0,110300000.0,0.0,110300000.0,-4800000.0,187100000.0,748800000.0,500000.0,15100000.0,40200000.0,-231200000.0,-0.2345303307,-237400000.0,-0.2408196389,-19400000.0,-256800000.0,-0.260499087,-72300000.0,-184500000.0,-0.1871576385,-1.74,-1.74,106300000,106300000,https://www.sec.gov/Archives/edgar/data/1374310/000155837022011344/0001558370-22-011344-index.htm,https://www.sec.gov/Archives/edgar/data/1374310/000155837022011344/cboe-20220630x10q.htm,9.273753527751646,-1.735653809971778,-5.968015051740357,-6.075258701787394,4.156161806208843,30.68579492003763,-16.016933207902163,30.68579492003763,19.88428974600188,12032097000.0,13757397000.0,-16.303654471544714,12.20541387705417,-18.96610498108449,-18.63130535769588,3.688677457923296,3.688677457923296,13.95556603773585,-59.50431228373702,-21.685682534678435,-21.30287550325178,-0.0153339854224911,-0.0536731045303241,0.6433673625800913,0.2807078557001645,-7.462370242214533,1.2083020755188798,-15.721854304635762,3.4384823848238484,0.0042552848435314,-0.2775067750677507,0.1118888212619192,0.0,0.6640494375409639,-0.0179697351828499,0.0115642118076688,0.2835820895522388,0.0071008318117265,,-0.0290244049838935,-0.073459149546106,-28.08396048918156,333200000.0,-1702600000.0,-2281400000.0,5532300000.0,385800000.0,28200000.0,1398750000.0,35.7242848447961,5.640021363717287,158.17696279152574,2.5192946588295424,15.957386363636363,0.568982982171799,-0.0565621263680676,0.1072436500470366,2022-07-29,1.7,bmo,422436561.0,2025-04-25,2022-06-30,-0.0176470588235294,112.28435483870967,649895.3709677419
2022-03-31,CBOE,USD,1374310,2022-04-29,2022-04-29 08:17:27,2022,Q1,974500000.0,637600000.0,336900000.0,0.3457157517,0,48300000.0,2900000.0,48300000.0,46900000.0,95200000.0,732800000.0,900000.0,11700000.0,40900000.0,282600000.0,0.2899948692,239700000.0,0.2459722935,-14800000.0,224900000.0,0.230785018,115300000.0,109200000.0,0.1120574654,1.02,1.02,106600000,106800000,https://www.sec.gov/Archives/edgar/data/1374310/000155837022006377/0001558370-22-006377-index.htm,https://www.sec.gov/Archives/edgar/data/1374310/000155837022006377/cboe-20220331x10q.htm,9.141651031894934,1.024390243902439,11.818011257035648,11.716697936210132,6.642589118198874,33.46435272045028,-10.47467166979362,33.46435272045028,16.384615384615383,12197172000.0,13272672000.0,27.92392857142857,12.516338635197537,9.681832036831242,9.765550040032023,3.4191607097805066,3.4191607097805066,13.619981528989223,46.96628450106157,10.535538974440389,10.626638911128904,0.0089528949825418,0.1024007860182671,0.4863342023379026,0.2116222051450945,3.805732484076433,1.2537695954893,20.487179487179485,11.494525547445257,0.0042140915943466,0.4706959706959707,0.0495638789122627,0.0,0.5713397006623486,0.0085727893316399,0.0110826064648537,0.2640586797066014,0.0093381221139045,27.77251375047161,0.0199440754614594,0.0310739286324056,-25.63156660412758,594100000.0,-1116600000.0,-1695600000.0,5509500000.0,353600000.0,20350000.0,1278100000.0,35.12262698819907,2.9924717691342537,255.53168130489337,2.5624506968183014,30.07547169811321,0.3522068165497431,0.0306113867630981,0.1013133208255159,2022-04-29,1.67,bmo,415083265.0,2025-04-25,2022-03-31,0.0359281437125748,118.41774193548386,634841.9677419355
2021-12-31,CBOE,USD,1374310,2022-02-18,2022-02-18 08:31:51,2021,Q4,866400000.0,550400000.0,316000000.0,0.3647276085,0,21700000.0,0.0,21700000.0,700000.0,91700000.0,642100000.0,400000.0,11100000.0,42000000.0,261600000.0,0.3019390582,220600000.0,0.2546168052,-10400000.0,210200000.0,0.2426131117,44300000.0,165300000.0,0.1907894737,1.55,1.54,106800000,107100000,https://www.sec.gov/Archives/edgar/data/1374310/000155837022001386/0001558370-22-001386-index.htm,https://www.sec.gov/Archives/edgar/data/1374310/000155837022001386/cboe-20211231x10k.htm,8.112359550561798,1.547752808988764,-6.447565543071161,-6.575842696629214,3.548689138576779,33.752808988764045,-10.198501872659175,33.752808988764045,13.47940074906367,13926720000.0,15013320000.0,21.06279491833031,16.074238227146814,-20.22468777229161,-19.83015805211448,3.863382157123835,3.863382157123835,17.328393351800553,57.39036697247706,-21.80267208829509,-21.37736010252029,0.0118692700075825,-0.0504282415385675,0.3962771859742565,0.2096265316604299,4.153669724770642,1.3095869323526896,19.873873873873872,-4.150693188667872,0.0036979274373291,0.3115547489413188,0.0250461680517082,0.0,0.6888252989947905,-0.0198954400232355,0.0158125577100646,0.3261904761904762,0.0045013850415512,34.284436859622865,0.0308418094457519,0.0779533128979014,-20.71699438202247,362000000.0,-1089200000.0,-1678400000.0,5273600000.0,325550000.0,19100000.0,1205750000.0,33.95775623268698,3.188590116279069,121.96765988372093,2.6503517895380853,28.225641025641025,0.737900522858292,0.0458555259653794,0.1282771535580524,2022-02-04,1.53,bmo,389313162.0,2025-04-25,2021-12-31,0.111111111111111,128.98921875,521066.421875
2021-09-30,CBOE,USD,1374310,2021-10-29,2021-10-29 08:16:08,2021,Q3,816800000.0,521300000.0,295500000.0,0.361777669,0,43000000.0,0.0,43000000.0,-5200000.0,98100000.0,619400000.0,0.0,11700000.0,42800000.0,240200000.0,0.2940744368,190700000.0,0.2334720862,-16900000.0,173800000.0,0.2127815867,53400000.0,120000000.0,0.1469147894,1.12,1.12,106800000,107000000,https://www.sec.gov/Archives/edgar/data/1374310/000155837021013795/0001558370-21-013795-index.htm,https://www.sec.gov/Archives/edgar/data/1374310/000155837021013795/cboe-20210930x10q.htm,7.647940074906367,1.1235955056179776,5.277153558052435,5.127340823970037,3.9241573033707855,32.743445692883896,-11.869850187265918,32.743445692883896,13.515917602996256,13228248000.0,14267648000.0,27.55885,16.195210577864838,23.47098651525905,24.156771365960555,3.7827417786674298,3.7827417786674298,17.4677375122429,59.39903413821815,25.315202271114263,26.05487216946677,0.009071496089278,0.0413962604874054,0.4094366599942808,0.1888245611721418,4.327227310574521,1.2384398077018388,16.299145299145298,4.681063122923588,0.0038931837383151,0.4291666666666666,0.0526444662095984,0.0,0.628364566711066,0.0283889283179559,0.019588638589618,0.3738317757009345,0.0067335945151811,28.77123110725087,0.0237389900919874,0.042583392476934,-24.257022471910112,481100000.0,-1267700000.0,-1586900000.0,5464600000.0,328650000.0,15650000.0,1426900000.0,35.722331047992164,3.2284672933051985,287.55802800690583,2.5194324491054902,27.877005347593585,0.3129803073967339,0.0343151272519302,0.149812734082397,2021-10-29,1.44,bmo,350650000.0,2025-04-25,2021-09-30,0.0069444444444444,122.14625,606532.5625
2021-06-30,CBOE,USD,1374310,2021-07-30,2021-07-30 16:37:35,2021,Q2,800800000.0,517900000.0,282900000.0,0.3532717283,0,40500000.0,0.0,40500000.0,1500000.0,91100000.0,609000000.0,100000.0,12400000.0,40600000.0,230600000.0,0.287962038,190000000.0,0.2372627373,-10800000.0,179200000.0,0.2237762238,73700000.0,105200000.0,0.1313686314,0.99,0.98,106800000,106900000,https://www.sec.gov/Archives/edgar/data/1374310/000155837021009722/0001558370-21-009722-index.htm,https://www.sec.gov/Archives/edgar/data/1374310/000155837021009722/cboe-20210630x10q.htm,7.49812734082397,0.9850187265917604,1.148876404494382,1.0421348314606742,5.333333333333333,32.23314606741573,-10.911985018726591,32.23314606741573,13.529026217228465,12714540000.0,13696140000.0,30.215161596958172,15.877297702297705,103.62298288508558,114.2366576819407,3.693403050108932,3.693403050108932,17.103071928071927,59.39349522983521,111.62298288508558,123.05606469002696,0.0082739918235343,0.0087537575091194,0.4161220043572984,0.201860071866413,4.256721595836948,1.3596009975062344,15.32258064516129,1.16303317535545,0.0035392550575954,0.4277566539923954,0.0505744255744255,0.0,0.6493200873670119,0.0929095354523227,0.0142357642357642,0.2807881773399014,0.0068681318681318,26.727900798619988,0.0203656365823525,0.0422727638029414,-20.978230337078653,576800000.0,-1165400000.0,-1473200000.0,5396300000.0,353950000.0,11900000.0,1224100000.0,37.43631368631369,2.189611894188068,206.48387719637,2.4040828580006006,41.1031746031746,0.435869382258879,0.030559186637618,0.1067415730337078,2021-07-30,1.35,bmo,350600000.0,2025-04-25,2021-06-30,0.022222222222222,109.69968253968254,534285.2063492064
2021-03-31,CBOE,USD,1374310,2021-04-30,2021-04-30 08:17:00,2021,Q1,1010800000.0,717600000.0,293200000.0,0.2900672734,0,34400000.0,0.0,34400000.0,600000.0,85200000.0,802800000.0,100000.0,12400000.0,42000000.0,250000000.0,0.2473288484,204600000.0,0.2024139296,-11700000.0,192900000.0,0.1908389395,55700000.0,136800000.0,0.1353383459,1.27,1.27,107300000,107400000,https://www.sec.gov/Archives/edgar/data/1374310/000155837021005333/0001558370-21-005333-index.htm,https://www.sec.gov/Archives/edgar/data/1374310/000155837021005333/cboe-20210331x10q.htm,9.42031686859273,1.2749301025163091,5.5834109972041,5.491146318732525,3.343895619757689,31.726001863932897,-11.458527493010251,31.726001863932897,12.388630009319664,10589437000.0,11643037000.0,19.352041301169592,10.476293035219628,17.67557502921048,17.972567888662592,3.1106976675870985,3.1106976675870985,11.518635734072022,46.572148,19.434212986145887,19.76075526137135,0.0129185338181812,0.0556403517958509,0.3868456612419952,0.1892614363116368,4.2144,1.2001062511067824,16.5,4.36661807580175,0.0042778478213714,0.3311403508771929,0.0340324495449149,0.0,0.6659432891162818,0.0165247871807711,0.0097942223981005,0.2357142857142857,0.011574990106846,30.16769436331476,0.027389726598598,0.0588538977800722,-21.286113699906803,339000000.0,-1229500000.0,-1520800000.0,5164600000.0,356050000.0,19850000.0,1036050000.0,33.37158686189157,1.4046822742474916,158.02675585284285,2.6969050160085377,64.07142857142857,0.5695238095238095,0.0401856530168615,0.092264678471575,2021-04-30,1.4,bmo,339540000.0,2025-04-25,2021-03-31,0.0928571428571429,97.64295081967214,795913.868852459
2020-12-31,CBOE,USD,1374310,2021-02-19,2021-02-19 16:09:49,2020,Q4,844200000.0,594600000.0,249600000.0,0.2956645345,0,17600000.0,0.0,17600000.0,1600000.0,86000000.0,680600000.0,200000.0,13500000.0,40500000.0,204100000.0,0.2417673537,134800000.0,0.1596778015,-11900000.0,122900000.0,0.1455816157,35600000.0,87100000.0,0.1031746032,0.81,0.81,107900000,108000000,https://www.sec.gov/Archives/edgar/data/1374310/000155837021001286/0001558370-21-001286-index.htm,https://www.sec.gov/Archives/edgar/data/1374310/000155837021001286/cboe-20201231x10k.htm,7.823911028730306,0.8072289156626506,2.496756255792401,2.4022242817423543,3.1306765523633,31.03707136237257,-11.81835032437442,31.03707136237257,12.506950880444856,10047648000.0,11138248000.0,28.839402985074628,11.901975835110164,37.29639198218263,38.76407407407408,3.00028307802562,3.00028307802562,13.193849798625918,54.57250367466928,41.34464736451373,42.97163580246914,0.0086686954001573,0.0257970820633843,0.3989369643763624,0.2050180311516918,5.343459088682018,1.1930252036853728,9.985185185185186,3.0859106529209623,0.0045085178143183,0.5200918484500574,0.0208481402511253,0.0,0.7095987109644748,0.0378619153674833,0.0120824449182658,0.2518518518518518,0.0052120350627813,23.742693252384555,0.0181199322334083,0.0460262101035721,-20.118396663577386,253500000.0,-1275200000.0,-1600800000.0,5071200000.0,310300000.0,22200000.0,792000000.0,35.95948827292111,4.313824419778002,122.9212916246216,2.502816483842277,20.86315789473684,0.7321758404137422,0.0260085401176505,0.0945319740500463,2021-02-05,1.22,bmo,857926829.0,2025-04-25,2020-12-31,-0.0081967213114754,87.529375,847792.0
2020-09-30,CBOE,USD,1374310,2020-10-30,2020-10-30 08:17:25,2020,Q3,792700000.0,559900000.0,232800000.0,0.2936798284,0,32100000.0,0.0,32100000.0,33600000.0,87300000.0,647200000.0,100000.0,9600000.0,39500000.0,185000000.0,0.2333795887,139300000.0,0.1757285228,24100000.0,163400000.0,0.2061309449,53500000.0,109600000.0,0.1382616374,1.01,1.01,108700000,108800000,https://www.sec.gov/Archives/edgar/data/1374310/000155837020012101/0001558370-20-012101-index.htm,https://www.sec.gov/Archives/edgar/data/1374310/000155837020012101/cboe-20200930x10q.htm,7.292548298068077,1.0082796688132474,6.449862005519779,6.265869365225391,2.1665133394664213,30.76816927322907,-9.68261269549218,30.76816927322907,9.975160993560255,9537338000.0,10399338000.0,21.75487682481752,12.031459568563138,13.603391812865498,14.002845397151669,2.851648377933921,2.851648377933921,13.118882300996594,56.21263783783784,14.832888318356868,15.268445162237557,0.0114916761888904,0.0714140570461065,0.3213335326655703,0.1768529489204844,4.65945945945946,1.2251174333067447,14.510416666666666,6.37943585077343,0.0048021785533867,0.4178832116788321,0.0404945124258862,0.0,0.723571616640337,0.0285266010554842,0.025230225810521,0.5063291139240507,0.0055506496783146,26.4199865501107,0.0186690761928721,0.0652458626026908,-17.46435142594296,254000000.0,-1052500000.0,-1350000000.0,4849700000.0,330050000.0,14050000.0,385950000.0,32.1647533745427,2.555813538131809,124.07751384175748,2.798093893399224,35.21383647798742,0.7253530250032387,0.0327702197637913,0.1839926402943882,2020-10-30,1.06,bmo,756324324.0,2025-04-25,2020-09-30,0.0471698113207547,89.97515625,812919.671875
2020-06-30,CBOE,USD,1374310,2020-07-31,2020-07-31 09:14:55,2020,Q2,868700000.0,626700000.0,242000000.0,0.2785771843,0,25700000.0,0.0,25700000.0,2200000.0,70900000.0,697600000.0,100000.0,7000000.0,38000000.0,209100000.0,0.240704501,161700000.0,0.1861402095,-5100000.0,156600000.0,0.180269368,43000000.0,113300000.0,0.1304247726,1.04,1.03,109500000,109600000,https://www.sec.gov/Archives/edgar/data/1374310/000155837020008849/0001558370-20-008849-index.htm,https://www.sec.gov/Archives/edgar/data/1374310/000155837020008849/cboe-20200630x10q.htm,7.933333333333334,1.034703196347032,2.968036529680365,2.9077625570776258,3.530593607305936,30.011872146118723,-9.10593607305936,30.011872146118723,9.250228310502283,10214160000.0,11009960000.0,22.537864077669905,11.757983193277312,31.42818461538461,32.07964824120603,3.1081033381006,3.1081033381006,12.6740646943709,52.65404112864658,33.8768,34.57902010050251,0.011092444214698,0.0311724116324788,0.3060889145847914,0.1874475895868662,3.805834528933525,1.5734138972809668,23.1,2.8609154929577465,0.0038671804632001,0.3486319505736981,0.0295844365143317,0.0,0.7982036039729422,0.0203076923076923,0.0075975595717739,0.1736842105263158,0.0052952687924484,26.43295388059796,0.0240871528313765,0.1046264659710037,-12.884018264840185,284700000.0,-997100000.0,-1298800000.0,4761500000.0,386650000.0,10700000.0,0.0,39.03764245424197,1.7520344662517953,0.0,2.305467091295117,51.3688524590164,0.0,0.0344764628913976,0.0602739726027397,2020-07-31,1.23,bmo,815649618.0,2025-04-25,2020-06-30,0.0650406504065041,98.49920634920636,890506.6031746032
2020-03-31,CBOE,USD,1374310,2020-05-01,2020-05-01 08:18:08,2020,Q1,921500000.0,616500000.0,305000000.0,0.3309820944,0,28900000.0,0.0,28900000.0,-1600000.0,77800000.0,694300000.0,700000.0,7600000.0,40500000.0,267700000.0,0.290504612,226400000.0,0.2456863809,-8900000.0,217500000.0,0.2360282149,60100000.0,157000000.0,0.1703743896,1.42,1.42,110400000,110600000,https://www.sec.gov/Archives/edgar/data/1374310/000155837020004877/0001558370-20-004877-index.htm,https://www.sec.gov/Archives/edgar/data/1374310/000155837020004877/cboe-20200501x10q.htm,8.346920289855072,1.4221014492753623,1.4791666666666667,1.3831521739130437,1.891304347826087,29.982789855072465,-9.04981884057971,29.982789855072465,9.094202898550725,9853200000.0,10684400000.0,15.689808917197452,10.69256646771568,60.33802816901408,64.52652259332024,2.9767076523367875,2.9767076523367875,11.594574064026045,39.91184161374673,65.42804654011023,69.969875573019,0.0159339097958023,0.0154975033491657,0.3010180961300263,0.1902434367541766,3.1049682480388494,1.7651493996090477,29.789473684210527,1.0374841168996187,0.0040595948524337,0.2547770700636942,0.0313619099294628,0.0,0.8227589498806682,0.0649112063686466,0.0115029842647856,0.2617283950617284,0.0090070537167661,30.97366301214447,0.033578049684835,0.1691263600129268,-12.873414855072465,274000000.0,-999100000.0,-1295300000.0,4767900000.0,315600000.0,15100000.0,0.0,38.72490504612046,1.3430656934306568,0.0,2.3240857503152585,67.01086956521739,0.0,0.047430591220809,0.0960144927536231,2020-05-01,1.54,bmo,865651515.0,2025-04-25,2020-03-31,0.0714285714285713,111.9341935483871,998720.9032258064
2019-12-31,CBOE,USD,1374310,2020-02-21,2020-02-21 08:04:06,2019,Q4,598600000.0,367300000.0,231300000.0,0.3864016037,0,15400000.0,0.0,15400000.0,2800000.0,103400000.0,470700000.0,300000.0,7800000.0,42800000.0,162600000.0,0.2716338122,119200000.0,0.1991313064,-5000000.0,114200000.0,0.1907784831,27900000.0,86100000.0,0.1438356164,0.78,0.77,110900000,111200000,https://www.sec.gov/Archives/edgar/data/1374310/000155837020001127/0001558370-20-001127-index.htm,https://www.sec.gov/Archives/edgar/data/1374310/000155837020001127/cboe-20191231x10k3d7487.htm,5.397655545536519,0.7763751127141569,2.1433724075743914,2.069431920649233,2.7078449053201084,30.257889990982868,-8.263300270513977,30.257889990982868,8.314697926059512,13308000000.0,13993000000.0,38.6411149825784,22.231874373538258,55.98653765250315,57.98692810457516,3.9659077363213737,3.9659077363213737,23.376211159371863,86.05781057810579,58.86832141354649,60.971677559912855,0.0064697926059513,0.0172452660054102,0.2724699010609131,0.1787872269696317,4.212792127921279,2.1576704545454546,15.282051282051285,2.754345307068366,0.0030057108506161,0.4645760743321719,0.0257266956231206,0.0,0.8353702653552083,0.0344972654606647,0.0136986301369863,0.1915887850467289,0.0080187103240895,22.990392274283675,0.0186409078170091,0.1022686779902601,-11.559738503155996,326000000.0,-916400000.0,-1150700000.0,4698400000.0,235100000.0,15650000.0,0.0,35.28733711994654,5.145657500680643,0.0,2.5504899872177247,17.49047619047619,0.0,0.0256586005483371,0.0739404869251578,2020-02-07,1.11,bmo,549128925.0,2025-04-25,2019-12-31,0.0900900900900899,117.30828125,646852.828125
2019-09-30,CBOE,USD,1374310,2019-11-01,2019-11-01 08:18:40,2019,Q3,675400000.0,431100000.0,244300000.0,0.3617115783,0,30800000.0,0.0,30800000.0,1700000.0,80200000.0,511300000.0,600000.0,8500000.0,42900000.0,198200000.0,0.2934557299,147400000.0,0.2182410423,-6500000.0,140900000.0,0.2086171158,35000000.0,105500000.0,0.1562037311,0.95,0.94,111600000,111900000,https://www.sec.gov/Archives/edgar/data/1374310/000155837019009643/0001558370-19-009643-index.htm,https://www.sec.gov/Archives/edgar/data/1374310/000155837019009643/cboe-20190930x10qe84bf5.htm,6.051971326164875,0.9453405017921148,0.6944444444444444,0.6245519713261649,1.53584229390681,29.82706093189964,-8.660394265232975,29.82706093189964,8.270609318996415,12823956000.0,13588456000.0,30.388521327014217,18.98720165827657,165.4704,183.98789096126256,3.852541833148076,3.852541833148076,20.11912348238081,68.55931382441977,175.33491612903225,194.95632711621235,0.0082267905473162,0.0054351402952411,0.2747318773094601,0.1821967206582591,3.8572149344096873,2.459798994974874,17.341176470588234,0.7318224740321058,0.0031503539157495,0.3829383886255924,0.0456026058631921,0.0,0.8557368557368558,0.1006451612903225,0.0115487118744447,0.1818181818181818,0.0078472016582765,25.187822391738923,0.0229830881276925,0.1456981079961331,-12.03024193548387,290500000.0,-966500000.0,-1201100000.0,4688100000.0,275900000.0,9650000.0,0.5,31.38140361267397,2.150313152400835,0.0,2.867940552016985,41.85436893203884,0.0,0.0316940547360831,0.0698924731182795,2019-11-01,1.16,bmo,602100775.0,2025-04-25,2019-09-30,0.1120689655172414,115.71625,629444.40625
2019-06-30,CBOE,USD,1374310,2019-08-02,2019-08-02 09:32:07,2019,Q2,620600000.0,389600000.0,231000000.0,0.3722204318,0,34000000.0,0.0,34000000.0,4400000.0,85000000.0,474600000.0,500000.0,10000000.0,43700000.0,179200000.0,0.2887528199,125200000.0,0.2017402514,-5600000.0,119600000.0,0.1927167257,35100000.0,87600000.0,0.1411537222,0.79,0.78,111500000,111600000,https://www.sec.gov/Archives/edgar/data/1374310/000155837019006886/0001558370-19-006886-index.htm,https://www.sec.gov/Archives/edgar/data/1374310/000155837019006886/cboe-20190630x10q.htm,5.565919282511211,0.7856502242152467,1.790134529147982,1.6708520179372195,2.190134529147982,29.838565022421523,-9.26457399103139,29.838565022421523,8.730941704035875,11897050000.0,12699250000.0,33.95276826484018,19.170238478891395,59.60445891783568,63.85963499731616,3.575909227532311,3.575909227532311,20.462858524009025,70.86635044642857,63.62349699398798,68.16559312936124,0.0073631698614362,0.0156593441231229,0.289600240456868,0.1867501405229391,4.4765625,2.020293911826452,12.52,2.393285371702638,0.0029250948764609,0.3972602739726027,0.0547856912665162,0.0,0.8450758823871456,0.0666332665330661,0.0214308733483725,0.3043478260869565,0.0101514663229133,22.96650156756249,0.0181505123092501,0.1095958964093581,-12.115470847533633,291600000.0,-1033000000.0,-1254900000.0,4756300000.0,303800000.0,6650000.0,0.5,45.87012568482114,2.0790554414784395,2.3100616016427105e-07,1.9620613341764148,43.28888888888889,389600000.0,0.0263300270513976,0.1192825112107623,2019-08-02,1.07,bmo,587647787.0,2025-04-25,2019-06-30,0.05607476635514,103.62333333333332,679222.9206349206
2019-03-31,CBOE,USD,1374310,2019-05-03,2019-05-03 08:11:52,2019,Q1,602600000.0,370200000.0,232400000.0,0.3856621308,0,30700000.0,0.0,30700000.0,-8800000.0,83600000.0,453800000.0,500000.0,10000000.0,47200000.0,191400000.0,0.3176236309,146500000.0,0.2431131762,-18700000.0,127800000.0,0.2120809824,32600000.0,94600000.0,0.1569863923,0.85,0.85,111500000,111700000,https://www.sec.gov/Archives/edgar/data/1374310/000155837019003913/0001558370-19-003913-index.htm,https://www.sec.gov/Archives/edgar/data/1374310/000155837019003913/cboe-20190331x10q.htm,5.404484304932735,0.8484304932735426,1.0582959641255605,1.0062780269058296,3.3757847533632286,29.465470852017937,-10.189237668161436,29.465470852017937,11.444843049327352,10796545000.0,11716445000.0,28.532095665961943,17.916603053435114,91.4961440677966,96.22589126559714,3.2862193340232544,3.2862193340232544,19.443154663126453,61.21444618599791,99.29190677966102,104.42464349376114,0.0087620623078957,0.010392213434946,0.385371644244232,0.2375243884136275,4.806165099268547,1.335940555338287,14.65,1.2394957983193278,0.0032232533648495,0.3678646934460888,0.0509459010952539,0.0,0.8294874681074591,0.0491525423728813,0.0096249585131098,0.1228813559322034,0.0089611682708264,23.71679972749448,0.0213190119857457,0.1040818571900099,-13.00560538116592,171800000.0,-1136100000.0,-1361800000.0,4723200000.0,324500000.0,8550000.0,0.0,43.50647195486226,1.0453808752025933,0.0,2.068657741160316,86.09302325581395,0.0,0.0287940585621233,0.0520179372197309,2019-05-03,0.99,bmo,542882882.0,2025-04-25,2019-03-31,0.1212121212121213,94.8472131147541,822233.9016393443
2018-12-31,CBOE,USD,1374310,2019-02-22,2019-02-22 08:40:36,2018,Q4,747700000.0,474100000.0,273600000.0,0.3659221613,0,16400000.0,0.0,16400000.0,8900000.0,90400000.0,564500000.0,0.0,9700000.0,49100000.0,222700000.0,0.29784673,176400000.0,0.2359234987,-800000.0,175600000.0,0.2348535509,37300000.0,137400000.0,0.1837635415,1.23,1.23,111300000,111600000,https://www.sec.gov/Archives/edgar/data/1374310/000155837019000884/0001558370-19-000884-index.htm,https://www.sec.gov/Archives/edgar/data/1374310/000155837019000884/cboe-20181231x10k.htm,6.717879604672057,1.2345013477088949,2.0359389038634323,1.9595687331536389,2.792452830188679,29.11949685534591,-10.517520215633423,29.11949685534591,11.007187780772686,10888479000.0,11828779000.0,19.81164301310044,14.562630734251703,48.05154015887025,49.92425034387895,3.3596047516198704,3.3596047516198704,15.820220676742007,53.11530758868433,52.20114298323036,54.23557542411738,0.0126188423562189,0.0200303458361815,0.3750077136686208,0.2284157113324563,4.222272114952851,1.147340157744588,18.18556701030928,1.6372832369942196,0.0031868546561921,0.25254730713246,0.0219339307208773,0.0,0.829092275887991,0.0375110326566637,0.0113681958004547,0.1731160896130346,0.0076233783603049,28.439959696383408,0.0276483250088817,0.1510886298658456,-13.48539982030548,87800000.0,-1170600000.0,-1396300000.0,4576000000.0,319700000.0,9550000.0,0.0,43.05603851812224,2.4298671166420585,0.0,2.0902991333519707,37.0390625,0.0,0.042394322739895,0.0763701707097933,2019-02-08,1.37,bmo,665161688.0,2025-04-25,2018-12-31,0.1240875912408758,104.10666666666668,879307.3650793651
2018-09-30,CBOE,USD,1374310,2018-11-02,2018-11-02 08:12:52,2018,Q3,575900000.0,357200000.0,218700000.0,0.3797534294,0,16600000.0,0.0,16600000.0,-200000.0,86700000.0,443900000.0,1100000.0,9600000.0,50300000.0,171600000.0,0.2979683973,126100000.0,0.2189616253,-9800000.0,116300000.0,0.2019447821,30600000.0,85000000.0,0.1475950686,0.76,0.76,111400000,111800000,https://www.sec.gov/Archives/edgar/data/1374310/000155837018008310/0001558370-18-008310-index.htm,https://www.sec.gov/Archives/edgar/data/1374310/000155837018008310/cboe-20180930x10q.htm,5.169658886894076,0.7630161579892281,-0.3698384201077199,-0.5062836624775583,1.2360861759425494,28.2935368043088,-11.79443447037702,28.2935368043088,10.990125673249551,10809142000.0,11887042000.0,31.79159411764706,18.769130057301616,-262.35781553398056,-191.6514539007092,3.429405120720835,3.429405120720835,20.64080916825838,69.27180652680653,-288.5204368932039,-210.7631560283688,0.0078637138821934,-0.0052178054465377,0.38538659221422,0.2372692645766188,6.281468531468532,0.909375652537064,13.135416666666666,-0.4807467911318553,0.0032009941214575,0.4070588235294117,0.0288244486890085,0.0,0.8723117491942572,-0.3689320388349514,0.0263934710887306,0.3021868787276341,0.0145858656016669,22.0395004330381,0.018809257951236,0.1300290653204834,-14.5298473967684,-43400000.0,-1313900000.0,-1532100000.0,4493200000.0,290400000.0,8700000.0,0.0,44.0232679284598,1.5873460246360582,0.0,2.0443734469293573,56.698412698412696,0.0,0.0269678606554776,0.1364452423698384,2018-11-02,1.01,bmo,554167924.0,2025-04-25,2018-09-30,0.0495049504950495,100.8231746031746,792990.3174603175
2018-06-30,CBOE,USD,1374310,2018-08-03,2018-08-03 08:12:30,2018,Q2,667500000.0,441400000.0,226100000.0,0.3387265918,0,32600000.0,0.0,32600000.0,55800000.0,88400000.0,529800000.0,900000.0,9700000.0,50400000.0,177900000.0,0.2665168539,129100000.0,0.1934082397,-9300000.0,119800000.0,0.1794756554,36800000.0,82400000.0,0.1234456929,0.74,0.73,112000000,112300000,https://www.sec.gov/Archives/edgar/data/1374310/000155837018006293/0001558370-18-006293-index.htm,https://www.sec.gov/Archives/edgar/data/1374310/000155837018006293/cboe-20180630x10q.htm,5.959821428571429,0.7357142857142858,1.6589285714285715,1.6116071428571428,2.4267857142857143,28.12142857142857,-12.519642857142856,28.12142857142857,10.926785714285714,11655840000.0,12729940000.0,35.363592233009705,17.461932584269665,62.73326157158234,64.57529085872577,3.700736601473203,3.700736601473203,19.07107116104869,71.55671725688589,68.51420882669537,70.52598337950138,0.007069417562355,0.0154857993932655,0.3854775209550419,0.2283473452575749,6.037661607644744,0.8589498455655243,13.309278350515465,2.23855421686747,0.0026081346346552,0.3689320388349514,0.0488389513108614,0.0,0.8561003592318832,0.0285252960172228,0.007940074906367,0.1051587301587301,0.0149812734082397,21.575682527572848,0.0181187559467676,0.1076983400862632,-14.921205357142858,-95900000.0,-1402200000.0,-1583300000.0,4526200000.0,283749999.5,29900000.0,0.5,40.328089887640445,2.263253285002265,0.0,2.231695085255767,39.76576576576576,0.0,0.0261620523241046,0.0473214285714285,2018-08-03,1.03,bmo,654785714.0,2025-04-25,2018-06-30,0.0194174757281553,105.64125,1151683.90625
2018-03-31,CBOE,USD,1374310,2018-05-04,2018-05-04 08:13:59,2018,Q1,777700000.0,508100000.0,269600000.0,0.3466632378,0,18000000.0,0.0,18000000.0,1300000.0,93100000.0,601200000.0,400000.0,9600000.0,54200000.0,220700000.0,0.2837855214,167700000.0,0.2156358493,-8300000.0,159400000.0,0.2049633535,41300000.0,117300000.0,0.1508293687,1.04,1.04,112400000,112700000,https://www.sec.gov/Archives/edgar/data/1374310/000155837018003963/0001558370-18-003963-index.htm,https://www.sec.gov/Archives/edgar/data/1374310/000155837018003963/cboe-20180331x10q.htm,6.919039145907473,1.043594306049822,1.454626334519573,1.3896797153024911,2.048932384341637,28.249110320284696,-12.630782918149466,28.249110320284696,10.880782918149466,12824840000.0,13871940000.0,27.333418584825232,16.49072907290729,78.43938837920489,82.10524967989757,4.039065255731923,4.039065255731923,17.837135142085636,62.85428183053919,84.84366972477065,88.8088348271447,0.0091463129364576,0.0121794891788123,0.3821491559586797,0.2277316917533125,4.744449478930675,1.333073119958366,17.46875,1.384419983065199,0.0023859946790759,0.2608695652173913,0.0231451716600231,0.0,0.862373784767839,0.0446483180428134,0.0093866529510093,0.1346863468634686,0.0141442715700141,25.754877990926367,0.0251318793094403,0.1599618164462021,-15.31494662144128,128000000.0,-1419700000.0,-1640700000.0,4802000000.0,251449999.5,45950000.0,1.0,31.0608202520252,8.626254674276716,1.7713048612477858e-07,2.897540994402165,10.433264887063656,508100000.0,0.0369425547996976,0.0649466192170818,2018-05-04,1.27,bmo,721344927.0,2025-04-25,2018-03-31,0.0866141732283463,121.55163934426228,1571208.1311475409
2017-12-31,CBOE,USD,1374310,2018-02-22,2018-02-22 17:17:52,2017,Q4,620700000.0,408300000.0,212400000.0,0.3421942968,0,17100000.0,0.0,17100000.0,5800000.0,94700000.0,503000000.0,100000.0,10400000.0,55900000.0,163000000.0,0.2626067343,108700000.0,0.175124859,-4600000.0,104100000.0,0.1677138714,-153000000.0,254600000.0,0.4101820525,2.27,2.26,112300000,112600000,https://www.sec.gov/Archives/edgar/data/1374310/000155837018000953/0001558370-18-000953-index.htm,https://www.sec.gov/Archives/edgar/data/1374310/000155837018000953/cboe-20171231x10k.htm,5.527159394479074,2.267141585040071,1.7408726625111308,1.639358860195904,1.699020480854853,27.69902048085485,-13.35173642030276,27.69902048085485,11.115761353517364,13991457000.0,15085857000.0,13.7386655538099,22.54141614306428,71.56755498721228,75.99922324823466,4.497992991705781,4.497992991705781,24.304586756887385,92.55126993865032,77.16550895140665,81.94381857686041,0.0181968182441614,0.0131580292174003,0.3979618080113161,0.2350874527603167,6.714110429447853,1.3074850299401195,10.451923076923077,0.7604045118630883,0.0021941960726463,0.1205813040062843,0.0275495408409859,0.0,0.8754771445391876,0.058312020460358,0.0183663605606573,0.2039355992844365,0.0217496375060415,37.5891743316212,0.054435753779919,0.3882873265212749,-15.925422969723954,102700000.0,-1499400000.0,-1718400000.0,4791500000.0,232750000.0,41050000.0,1.0,34.00193330111165,9.52240999265246,2.204261572373255e-07,2.646908315565032,9.45138888888889,408300000.0,0.0818491609335819,0.101513802315227,2018-02-09,0.88,bmo,627834482.0,2025-04-25,2017-12-31,-0.0113636363636363,117.06777777777778,1008652.984126984
2017-09-30,CBOE,USD,1374310,2017-11-07,2017-11-07 07:59:31,2017,Q3,611400000.0,392100000.0,219300000.0,0.3586849853,0,33500000.0,0.0,33500000.0,-2900000.0,94100000.0,486200000.0,500000.0,10800000.0,55400000.0,169600000.0,0.27739614,119300000.0,0.1951259405,-13400000.0,105900000.0,0.1732090285,45600000.0,59700000.0,0.0976447498,0.53,0.53,112300000,112600000,https://www.sec.gov/Archives/edgar/data/1374310/000137431017000033/0001374310-17-000033-index.htm,https://www.sec.gov/Archives/edgar/data/1374310/000137431017000033/cboe10-qq32017.htm,5.444345503116652,0.5316117542297417,0.0605520926090828,-0.0008904719501335,1.132680320569902,25.62689225289403,-15.998219056099732,25.62689225289403,11.782724844167408,12086849000.0,13274449000.0,50.61494556113903,19.76913477265293,1777.477794117647,-120868.49,4.199884985579763,4.199884985579763,21.711561988877985,78.26915683962264,1952.1248529411764,-132744.49,0.0049392525711208,-8.273454892999822e-06,0.4560269641057716,0.2510280981618561,7.002358490566038,1.572689075630252,11.046296296296296,0.1127694859038142,0.0025399506521509,0.5142378559463987,0.0547922800130847,0.0,0.8941106711807348,1.0147058823529411,0.0112855740922473,0.1245487364620938,0.014720314033366,17.50799919423677,0.0136129593251862,0.1078395953757225,-18.252448793410508,136300000.0,-1796600000.0,-1975900000.0,4892900000.0,236500000.0,46900000.0,0.5,34.003925417075564,8.928844682478958,2.295332823259373e-07,2.646753246753246,10.079691516709511,392100000.0,0.0207442927134368,0.0614425645592163,2017-11-07,0.88,bmo,604530337.0,2025-04-25,2017-09-30,0.0113636363636363,98.43841269841268,985852.126984127
2017-06-30,CBOE,USD,1374310,2017-08-04,2017-08-04 15:24:37,2017,Q2,640800000.0,423900000.0,216900000.0,0.3384831461,0,33100000.0,0.0,33100000.0,800000.0,93900000.0,517800000.0,,,55800000.0,166300000.0,0.2595193508,117800000.0,0.1838327091,-11700000.0,106100000.0,0.1655742821,38100000.0,67300000.0,0.1050249688,0.6,0.6,112100000,112500000,https://www.sec.gov/Archives/edgar/data/1374310/000137431017000022/0001374310-17-000022-index.htm,https://www.sec.gov/Archives/edgar/data/1374310/000137431017000022/cboe10-qq22017.htm,5.716324710080285,0.6003568242640499,1.6931311329170384,1.5878679750223017,2.3104371097234613,25.126672613737732,-16.820695807314898,25.126672613737732,12.589652096342553,10245940000.0,11508640000.0,38.06069836552749,15.98929463171036,53.98282402528978,57.5614606741573,3.637568786168211,3.637568786168211,17.95980024968789,69.20408899579074,60.635616438356166,64.6552808988764,0.0065684554077029,0.0173727349564803,0.5010473248837292,0.2615649788716732,7.592904389657246,1.3810789263885197,,2.791176470588235,0.0027718296222698,0.4219910846953937,0.0516541822721598,0.0,0.8715064126325154,0.0621707060063224,0.0184144818976279,0.2114695340501792,0.0143570536828963,18.42313249506952,0.015041656453967,0.0970719746141641,-19.07582515611061,143400000.0,-1885600000.0,-2059200000.0,4926200000.0,243650000.0,53150000.0,0.5,33.98876404494382,11.656050955414011,0.0,2.6479338842975206,7.721311475409836,0.0,0.023893208364398,0.1052631578947368,2017-08-04,0.86,bmo,633434482.0,2025-04-25,2017-06-30,0.0116279069767441,85.3620634920635,1178356.619047619
2017-03-31,CBOE,USD,1374310,2017-05-11,2017-05-10 17:54:55,2017,Q1,356200000.0,210600000.0,145600000.0,0.4087591241,0,14400000.0,0.0,14400000.0,100000.0,54100000.0,264700000.0,600000.0,7900000.0,25100000.0,108100000.0,0.3034811903,26100000.0,0.0732734419,-7800000.0,18300000.0,0.0513756317,3100000.0,15100000.0,0.0423919147,0.16,0.16,105900000,105900000,https://www.sec.gov/Archives/edgar/data/1374310/000137431017000014/0001374310-17-000014-index.htm,https://www.sec.gov/Archives/edgar/data/1374310/000137431017000014/cboe10-qq12017secreport.htm,3.3635505193578847,0.1425873465533522,-0.0906515580736544,-0.1605288007554296,1.837582625118036,25.924457034938623,-18.188857412653448,25.924457034938623,14.113314447592067,8585312999.999999,9918713000.0,142.14094370860926,24.102507018528915,-894.3034374999999,-505.0184117647058,3.127162890653456,3.127162890653456,27.84590960134756,91.75497687326548,-1033.1992708333332,-583.4537058823529,0.0017588176459029,-0.0019801258265132,0.5415240037881547,0.2781425978933977,12.334875115633672,1.7466462246071293,3.3037974683544302,-0.631578947368421,0.0032963271111955,1.874172185430464,0.0404267265581134,0.0,0.8739967446820452,-0.7708333333333334,0.0207748455923638,0.2948207171314741,0.0586749017405951,9.119826732870882,0.0042639330719857,0.0224201930215293,-20.9737960292729,194800000.0,-1926200000.0,-2144000000.0,4945900000.0,187797499.5,28950000.0,3659000.5,61.97922515440764,21.96581196581197,4.273504273504274e-07,1.4520994700366898,4.097276264591439,210600000.0,0.0055001092736941,0.0698772426817752,2017-05-09,0.68,bmo,315099999.0,2025-04-25,2017-03-31,0.1470588235294117,78.18725806451613,1265043.3870967743
2016-12-31,CBOE,USD,1374310,2017-02-21,2017-02-21 11:45:39,2016,Q4,163241000.0,49275000.0,113966000.0,0.6981456864,0,16946000.0,343000.0,17289000.0,12698000.0,38864000.0,88139000.0,0.0,5515000.0,10087000.0,85189000.0,0.521860317,75102000.0,0.4600682427,-115000.0,74986000.0,0.4593576369,29825000.0,44971000.0,0.2754883883,0.55,0.55,105900000,105900000,https://www.sec.gov/Archives/edgar/data/1374310/000137431017000006/0001374310-17-000006-index.htm,https://www.sec.gov/Archives/edgar/data/1374310/000137431017000006/cboe-1231201610k.htm,1.5414636449480643,0.4246553352219074,0.5234466477809254,0.4481964117091596,0.9187724268177526,3.0023229461756373,2.670557129367328,3.0023229461756373,0.069480642115203,7824951000.0,7729496000.0,43.49998332258566,47.93496119234751,141.16051810293507,164.86075762683296,24.610943367741697,24.610943367741697,47.35021226285063,90.73349845637348,139.43852939584724,162.8496544749705,0.0057471286401665,0.0060657248844114,0.0057965818094896,0.0038623956073894,-1.1205085163577455,2.79953865789258,13.617769718948322,1.2274257118816705,0.0026070450792599,0.4536256698761424,0.1038097046697827,0.0,0.0736307147422799,0.1437591326466184,0.0488173926893366,0.7900267671260037,0.0222431864543833,5.355971460522769,0.1154549498273189,0.1017372084763285,0.3726085859301227,153686000.0,282812000.0,79870000.0,249669000.0,125384499.5,4793500.0,10265500.0,71.83581275537395,11.872146118721462,13.3662100456621,1.2528569880107217,7.5807692307692305,6.733397103033616,0.1414422574902656,0.0752502360717658,2017-02-06,0.6,amc,166761904.0,2025-04-25,2016-12-31,0.05,68.83396825396825,895378.3174603175
2016-09-30,CBOE,USD,1374310,2016-11-08,2016-11-07 18:47:30,2016,Q3,156207000.0,47743000.0,108464000.0,0.6943606881,0,21381000.0,536000.0,21917000.0,12679000.0,42814000.0,90557000.0,0.0,177000.0,10217000.0,75673000.0,0.484440518,65650000.0,0.4202756599,1686000.0,67336000.0,0.4310690302,26885000.0,40300000.0,0.2579909991,0.5,0.5,105900000,105900000,https://www.sec.gov/Archives/edgar/data/1374310/000137431016000060/0001374310-16-000060-index.htm,https://www.sec.gov/Archives/edgar/data/1374310/000137431016000060/cboe930201610q.htm,1.475042492917847,0.380547686496695,0.5592728989612842,0.4553729933899905,0.6870538243626062,2.734324834749764,2.3985174693106703,2.734324834749764,0.0198205854579792,6867614999.999999,6796777999.999999,42.603070719602975,43.96483512262574,115.95412565215187,142.41072909754476,23.71700654429921,23.71700654429921,43.511353524489934,89.81774212731092,114.75810019079134,140.9418132050431,0.0058681216113599,0.0070219428433306,0.0066375425206775,0.0043548993750878,-0.9360934547328638,2.5465718300830846,370.9039548022599,1.4641665224592717,0.0029704635452045,0.5062034739454094,0.1368760682939945,0.0,0.0805769675217858,0.1857767572222128,0.070438584698509,1.0769306058529902,0.0241154365681435,4.83861263947382,0.1094835464231602,0.0993148996993444,0.1694428706326723,125461000.0,254003000.0,54806000.0,225848000.0,99327500.0,2513000.0,11895000.0,69.41212621713495,5.819282407892257,24.90773516536456,1.296603416504806,15.465824425008098,3.6133353515477182,0.1391742786593683,0.1038999055712936,2016-10-28,0.56,bmo,150813793.0,2025-04-25,2016-09-30,0.0357142857142855,68.17703125,512607.8125
2016-06-30,CBOE,USD,1374310,2016-08-02,2016-08-02 13:00:00,2016,Q2,163329000.0,47866000.0,115463000.0,0.706935082,0,14745000.0,-83000.0,14662000.0,14684000.0,37496000.0,85362000.0,0.0,28000.0,12279000.0,90246000.0,0.5525411899,77967000.0,0.4773616443,5847000.0,83814000.0,0.5131605532,32883000.0,50700000.0,0.3104163988,0.62,0.62,105900000,105900000,https://www.sec.gov/Archives/edgar/data/1374310/000137431016000051/0001374310-16-000051-index.htm,https://www.sec.gov/Archives/edgar/data/1374310/000137431016000051/cboe630201610q.htm,1.542294617563739,0.4787535410764872,0.165014164305949,0.0092445703493862,0.492851746931067,2.509565627950897,2.16971671388102,2.509565627950897,0.0182247403210576,7055058000.000001,7004767000.000001,34.788254437869824,43.195378652903045,403.72291845493567,7206.392236976508,26.54642670349146,26.54642670349146,42.887466402169856,77.61858697338387,400.8450357653792,7155.022471910113,0.007186333549632,0.0001387656912246,0.0071567524448474,0.0046773098828459,-0.5572656959865258,2.268921599331872,2784.535714285714,0.3431112681863698,0.0026647548468063,0.3708086785009862,0.0902779053321822,0.0,0.0885049330618427,0.9439771101573676,0.1009985979219856,1.343431875559899,0.0229108119194999,5.1993198782408,0.1435643891319043,0.1367852498556605,-0.2338408876298394,97240000.0,229773000.0,32991000.0,199274000.0,71184999.5,3058500.0,9277500.0,43.080469481843394,3.6458028663351856,19.887393974846443,2.0891137232831505,24.685920577617328,4.525479814692257,0.1907714768421488,0.1557695939565627,2016-07-29,0.6,bmo,173100000.0,2025-04-25,2016-06-30,0.0,64.086875,452140.25
2016-03-31,CBOE,USD,1374310,2016-05-03,2016-05-03 17:02:41,2016,Q1,162330000.0,46220000.0,116110000.0,0.7152713608,0,13631000.0,104000.0,13735000.0,14701000.0,36629000.0,82849000.0,700000.0,27000.0,11872000.0,91353000.0,0.5627610423,79481000.0,0.4896260704,986000.0,80467000.0,0.495700117,31291000.0,49200000.0,0.3030863057,0.6,0.6,105900000,105900000,https://www.sec.gov/Archives/edgar/data/1374310/000137431016000045/0001374310-16-000045-index.htm,https://www.sec.gov/Archives/edgar/data/1374310/000137431016000045/cboe331201610q.htm,1.5328611898016995,0.4645892351274787,0.92,0.8356373937677054,1.0149386213408875,2.341142587346553,1.996628895184136,2.341142587346553,0.0180169971671388,6918447000.0,6812846000.0,35.15471036585366,42.619645167251896,71.01086956521739,78.17984270120009,27.905177733768408,27.905177733768408,41.96911230210066,74.57714579707289,69.92698197643388,76.98653016023685,0.00711142254902,0.0127910208750605,0.0075869106632194,0.0047640756781399,-1.1559664159907173,2.2157424958610266,2943.740740740741,1.9812103465104929,0.0027318269548064,0.3841463414634146,0.0839709234275857,0.0,0.092404325912418,0.0916984850351028,0.0550360377009794,0.7525269541778976,0.0207170578451302,4.94697553961441,0.1559459584084985,0.1372974722753986,0.1200165179414542,101337000.0,211443000.0,37788000.0,200798000.0,66202999.5,2970000.0,6550000.0,35.588060802069855,8.135439203807875,15.534833405452185,2.528938019426039,11.06270943034945,5.7934319378290295,0.1984455101703324,0.0843626062322946,2016-04-29,0.62,bmo,164960655.0,2025-04-25,2016-03-31,-0.0161290322580645,63.763278688524586,639151.1967213114
2015-12-31,CBOE,USD,1374310,2016-02-19,2016-02-18 17:39:50,2015,Q4,155946000.0,44598000.0,111348000.0,0.7140163903,0,12897000.0,299000.0,13196000.0,14529000.0,35454000.0,80052000.0,0.0,27000.0,12225000.0,88119000.0,0.5650609826,75894000.0,0.4866684622,3770000.0,79664000.0,0.5108434971,29262000.0,50180000.0,0.3217780514,0.61,0.61,105900000,105900000,https://www.sec.gov/Archives/edgar/data/1374310/000137431016000038/0001374310-16-000038-index.htm,https://www.sec.gov/Archives/edgar/data/1374310/000137431016000038/cboe-1231201510k.htm,1.4725779036827196,0.4738432483474976,0.4829178470254957,0.3657412653446648,0.965561850802644,2.451794145420208,2.379508970727101,2.451794145420208,0.0181586402266288,6872910000.000001,6772553000.000001,34.24128138700678,44.07237120541727,134.39138851410806,177.4478467417123,26.47041152342622,26.47041152342622,43.42883434009209,76.85689805830752,132.42902954576564,174.85678508726636,0.0073011286340138,0.0056354586339701,0.007302278110497,0.0049273885880017,-1.1388803776711038,2.758463180939768,2810.8888888888887,1.0146621165826752,0.0027670957425602,0.3789956157831805,0.0827017044361509,0.0,0.0198940715406925,0.2426428892669286,0.07957241609275,1.0150511247443763,0.0204814487066035,5.112703521452128,0.1544986433294652,0.1330565079163053,0.2911591123701605,130121000.0,251990000.0,78975000.0,203050000.0,70417500.0,1852500.0,6578500.0,39.36958947327921,3.5557648325037,10.336337952374546,2.2860284093407803,25.31101021566402,8.707145646231941,0.1932638795278168,0.1171765816808309,2016-02-03,0.55,bmo,145330508.0,2025-04-25,2015-12-31,0.0727272727272725,67.62234375,656356.53125
2015-09-30,CBOE,USD,1374310,2015-11-03,2015-11-03 17:14:45,2015,Q3,187035000.0,51423000.0,135612000.0,0.7250621541,0,12619000.0,581000.0,13200000.0,14553000.0,34502000.0,85925000.0,0.0,16000.0,12417000.0,113527000.0,0.6069826503,101110000.0,0.5405940065,341000.0,101451000.0,0.5424171946,33935000.0,67219000.0,0.359392627,0.81,0.81,105900000,105900000,https://www.sec.gov/Archives/edgar/data/1374310/000137431015000031/0001374310-15-000031-index.htm,https://www.sec.gov/Archives/edgar/data/1374310/000137431015000031/cboe930201510q.htm,1.7661473087818698,0.6347403210576015,0.833918791312559,0.7461473087818696,1.148989612842304,2.4534183191690278,2.3811331444759207,2.4534183191690278,18.659263456090653,7103772000.0,8958094000.0,26.42025320221961,37.98097682251985,80.43948727239787,89.90181859599834,27.34144417031988,27.34144417031988,47.89528163178015,78.90716745796155,101.43688286982515,113.36919903311946,0.0094624377021109,0.0111232455095687,7.605352998456606,4.972082361437173,16.33375320408361,2.831064159770159,6319.375,1.3080158777178743,0.0026922316763544,0.2845177702732858,0.0674686555992194,0.0,0.0192617866785433,0.1052518344052903,0.0496965808538508,0.7485705081742772,0.01703424492742,5.919364785258115,0.2110989700323706,0.1724607711333012,0.4018602455146364,144037000.0,252162000.0,85098000.0,214828000.0,71825500.0,3413000.0,9247000.0,34.943299382468524,3.400618400326702,14.062773467125606,2.575601090638685,26.465774575398868,6.399875544492844,0.258716712147396,0.0877714825306893,2015-10-30,0.73,bmo,179618421.0,2025-04-25,2015-09-30,0.0410958904109589,63.03671875,555106.109375
2015-06-30,CBOE,USD,1374310,2015-08-06,2015-08-06 17:16:17,2015,Q2,148725000.0,40891000.0,107834000.0,0.725056312,0,12594000.0,627000.0,13221000.0,13904000.0,34464000.0,75355000.0,0.0,0.0,11300000.0,84409000.0,0.5675508489,73370000.0,0.4933266095,261000.0,73631000.0,0.4950815263,28786000.0,44646000.0,0.3001916288,0.54,0.54,105900000,105900000,https://www.sec.gov/Archives/edgar/data/1374310/000137431015000027/0001374310-15-000027-index.htm,https://www.sec.gov/Archives/edgar/data/1374310/000137431015000027/cboe630201510q.htm,1.4043909348441923,0.4215864022662889,0.2584513692162417,0.1630783758262511,0.8464022662889519,2.143692162417375,1.6054390934844192,2.143692162417375,18.47969782813976,6059598000.0,7926964000.0,33.93136003225373,40.7436409480585,221.39561563755936,350.87423277359585,26.692265336957146,26.692265336957146,53.29947218019835,93.9113601630158,289.6223602484472,459.001968731905,0.0073678154887502,0.0028500240444993,8.620499786359613,5.404450041285911,22.122830503856225,2.685733605652462,0.0,0.6103108415466262,0.0028983770870608,0.3933835058011916,0.0846797781139687,0.0,0.1574139278504538,0.3690171720862258,0.0679105732055807,0.8938053097345132,0.021153134980669,4.509368912852396,0.154278643892218,0.1463285131822174,0.1231940509915014,122155000.0,170016000.0,59527000.0,246238000.0,65904000.0,3841500.0,9523500.0,42.98517397881997,10.74735271820205,23.01997994668753,2.093745160699956,8.374155232439074,3.909647193804379,0.1966636859794641,0.0953729933899905,2015-07-31,0.5,bmo,137685185.0,2025-04-25,2015-06-30,0.08,57.65460317460318,618671.9523809524
2015-03-31,CBOE,USD,1374310,2015-05-06,2015-05-06 16:43:45,2015,Q1,142839000.0,39589000.0,103250000.0,0.7228418009,0,11950000.0,787000.0,12737000.0,13134000.0,33697000.0,73286000.0,0.0,0.0,10413000.0,80242000.0,0.5617653442,69553000.0,0.4869328405,-276000.0,69277000.0,0.4850005951,27018000.0,42079000.0,0.294590413,0.5,0.5,105900000,105900000,https://www.sec.gov/Archives/edgar/data/1374310/000137431015000015/0001374310-15-000015-index.htm,https://www.sec.gov/Archives/edgar/data/1374310/000137431015000015/cboe331201510q.htm,1.3488101983002834,0.3973465533522191,0.7408404154863079,0.6696789423984891,1.2989423984891406,2.301558073654391,1.772445703493862,2.301558073654391,0.0183002832861189,6079719000.0,5944099000.0,36.12086195014139,42.5634385566967,77.49307246192085,85.72764703394013,24.943971936734567,24.943971936734567,41.61397797520285,74.07715410882082,75.76443821298834,83.81532452516251,0.006921208036095,0.0116648483260492,0.007951258538987,0.0051570395718965,-1.6901373345629471,2.9610957121846364,0.0,1.8565276035874017,0.0029154307954035,0.4212314931438485,0.0836606248993622,0.0,0.1491044367038587,0.096055063412147,0.052758700354945,0.7237107461826563,0.0185873605947955,4.536145255378983,0.1390673422800865,0.131593925520071,0.5228635505193578,138673000.0,187702000.0,77323000.0,262345000.0,64929000.0,2789500.0,6605000.0,38.29311322537962,6.365404531561798,19.523605041804544,2.350292060880296,14.138928571428572,4.609804378202143,0.1726424190206577,0.0711614730878187,2015-05-01,0.47,bmo,137088000.0,2025-04-25,2015-03-31,0.0638297872340426,62.29229508196721,713506.2459016393
2014-12-31,CBOE,USD,1374310,2015-02-20,2015-02-20 12:18:46,2014,Q4,166487000.0,19266000.0,147221000.0,0.884279253,0,29356000.0,5173000.0,29356000.0,28177000.0,60259000.0,79525000.0,0.0,0.0,11080000.0,98042000.0,0.58888682,86962000.0,0.5223350772,-3016000.0,83945000.0,0.5042135422,34603000.0,49119000.0,0.2950320445,0.58,0.58,105900000,105900000,https://www.sec.gov/Archives/edgar/data/1374310/000137431015000005/0001374310-15-000005-index.htm,https://www.sec.gov/Archives/edgar/data/1374310/000137431015000005/cboe-1231201410k.htm,1.5721152030217187,0.4638243626062323,0.7421246458923513,0.645996222851747,1.39685552407932,2.361350330500472,1.8356373937677053,2.361350330500472,0.0,6716178000.0,6568251000.0,34.18319794784096,40.340555118417655,85.45734244379128,98.1739486339916,26.8575141861981,26.8575141861981,39.45203529404698,66.99425756308521,83.57510401954423,96.0116209381532,0.0073135345727882,0.0101860016217557,0.0,0.0,-1.5088125497235878,3.3955154330862,0.0,1.5927809979327956,0.002647041218979,0.3619373358578147,0.1763260795137158,0.0,0.145019158585156,0.1295313712766092,0.0611459152966898,0.9187725631768952,0.0125955780331197,4.964188329276393,0.1638260353709391,0.149649024458608,0.644157223796034,172216000.0,194394000.0,110273000.0,299659000.0,67377000.0,2339000.0,6075500.0,37.34507799407762,12.981937091248833,21.591404546870137,2.4099561397159937,6.93270960777258,4.168325400259628,0.1964233585399113,0.0961284230406043,2015-02-06,0.66,bmo,171703125.0,2025-04-25,2014-12-31,-0.0303030303030303,59.70296875,620624.703125
2014-09-30,CBOE,USD,1374310,2014-11-04,2014-11-04 16:12:10,2014,Q3,148910000.0,16235000.0,132675000.0,0.8909744141,0,28698000.0,961000.0,28698000.0,27008000.0,57591000.0,73826000.0,0.0,0.0,10372000.0,85727000.0,0.5756967296,75084000.0,0.5042240279,-271000.0,74813000.0,0.5024041367,26447000.0,48146000.0,0.3233228124,0.57,0.57,105900000,105900000,https://www.sec.gov/Archives/edgar/data/1374310/000137431014000025/0001374310-14-000025-index.htm,https://www.sec.gov/Archives/edgar/data/1374310/000137431014000025/cboe930201410q.htm,1.406137865911237,0.4546364494806421,0.5932955618508027,0.4833050047214353,1.1947025495750707,2.3146742209631728,1.8033616619452315,2.3146742209631728,15.99622285174693,5668827000.0,7236308000.0,29.43560731940348,38.06881337720771,90.2248448193538,110.7582157789848,23.12636461545993,23.12636461545993,48.5951782956148,84.41107235760029,115.17281553398058,141.38384588331834,0.0084931150659563,0.009028675597262,6.910788009334051,4.614722435614542,18.2845661226918,3.2618074777030888,0.0,1.2990261955465503,0.0031600893800428,0.3720766003406305,0.1927204351621785,0.0,0.1475076685027486,0.1853891453127487,0.0782217446779934,1.1230235248746625,0.0141696326640252,4.86595762047606,0.1624521819067422,0.1538515616511896,0.5436709159584514,154443000.0,190976000.0,100764000.0,283884000.0,65060999.5,3021500.0,8570000.0,39.69102142233564,10.527255928549431,41.73760394210041,2.2675153416272025,8.5492364402317,2.156328861734626,0.196414875736362,0.1099905571293673,2014-10-31,0.54,bmo,141063157.0,2025-04-25,2014-09-30,0.0555555555555553,51.1378125,650768.96875
2014-06-30,CBOE,USD,1374310,2014-08-06,2014-08-05 17:39:31,2014,Q2,143942000.0,14707000.0,129235000.0,0.8978269025,0,30306000.0,1120000.0,30306000.0,26767000.0,59519000.0,74226000.0,0.0,0.0,9926000.0,79642000.0,0.5532922983,69716000.0,0.4843339678,-321000.0,69395000.0,0.482103903,26414000.0,42598000.0,0.295938642,0.5,0.5,105900000,105900000,https://www.sec.gov/Archives/edgar/data/1374310/000137431014000021/0001374310-14-000021-index.htm,https://www.sec.gov/Archives/edgar/data/1374310/000137431014000021/cboe630201410q.htm,1.3592256846081208,0.402247403210576,0.3108593012275731,0.1583191690273843,1.370264400377715,2.491888574126534,2.000925401322002,2.491888574126534,15.807365439093484,5211339000.0,6740228000.0,30.58441123996432,36.20443650914952,158.30312879708384,310.82780627460335,19.74807401540788,19.74807401540788,46.82599936085368,84.63157630396022,204.7456865127582,402.01765477752593,0.0081740988256568,0.0032172153836087,6.343528199142828,4.339249470554537,19.197019160744333,3.533804632835475,0.0,0.7659198250389707,0.00298963471768,0.3657448706512042,0.210543135429548,0.0,0.1347733558677073,0.4907047387606318,0.1122257575968098,1.627443078782994,0.0309638604437898,4.749000255920327,0.1363205818181278,0.1276199264203626,0.7211024480642115,174906000.0,211898000.0,122045000.0,302041000.0,66241499.5,3480000.0,8441000.0,40.29810555640466,25.359352689195617,58.81485007139457,2.2333556071023817,3.5489864864864864,1.5302257829570285,0.161422708618331,0.1525401322001888,2014-08-01,0.5,bmo,143900000.0,2025-04-25,2014-06-30,0.0,50.7415873015873,708544.3015873015
2014-03-31,CBOE,USD,1374310,2014-05-06,2014-05-06 17:23:26,2014,Q1,157885000.0,15902000.0,141983000.0,0.8992811223,0,33374000.0,1126000.0,33374000.0,24584000.0,59945000.0,75847000.0,0.0,0.0,8622000.0,90660000.0,0.57421541,82038000.0,0.5196060424,-495000.0,81543000.0,0.516470849,32519000.0,48528000.0,0.307362954,0.56,0.56,105900000,105900000,https://www.sec.gov/Archives/edgar/data/1374310/000137431014000015/0001374310-14-000015-index.htm,https://www.sec.gov/Archives/edgar/data/1374310/000137431014000015/cboe331201410q.htm,1.490887629839471,0.4582436260623229,0.8339565627950897,0.7190179414542021,1.879745042492918,2.7070821529745044,2.252341831916903,2.7070821529745044,0.01561850802644,5993940000.0,5796529000.0,30.87877101879328,37.96396111093517,67.869242266407,78.7184807732717,20.90812055253244,20.90812055253244,36.71361433955094,63.93700639752923,65.6339621359663,76.12587991174617,0.0080961771389103,0.0127034971988374,0.0057694990930654,0.004006355911676,-2.177487315243768,3.7071329760801537,0.0,1.8014849869451697,0.00993636906609,1.227291460600066,0.2113817018716154,0.0,0.1166469659241747,0.1378232709814756,0.0770940874687272,1.4117374159127811,0.0437850334103936,5.283116569897151,0.1457549968377426,0.133067534625583,1.2045372993389991,201565000.0,238523000.0,149858000.0,323816000.0,63394500.0,3517500.0,5639000.0,38.78063147227412,15.937617909696897,41.15142749339706,2.320746119473189,5.647017045454546,2.1870444230504744,0.1692758476349937,0.1149386213408876,2014-05-06,0.56,bmo,157900000.0,2025-04-25,2014-03-31,0.0,53.62311475409837,668416.7540983607
2013-12-31,CBOE,USD,1374310,2014-02-21,2014-02-20 19:16:53,2013,Q4,141830000.0,15043000.0,126787000.0,0.8939364027,0,28059000.0,6627000.0,28059000.0,22874000.0,54188000.0,69231000.0,0.0,0.0,9136000.0,85235000.0,0.6009659451,72599000.0,0.5118733695,-446000.0,72153000.0,0.5087287598,26043000.0,45643000.0,0.3218148488,0.52,0.52,105900000,105900000,https://www.sec.gov/Archives/edgar/data/1374310/000137431014000008/0001374310-14-000008-index.htm,https://www.sec.gov/Archives/edgar/data/1374310/000137431014000008/cboe-1231201310k.htm,1.3392823418319169,0.4310009442870632,0.491180358829084,0.4070821529745042,2.0900944287063266,2.686657223796034,2.2528611898017,2.686657223796034,0.0,5502564000.0,5281223000.0,30.13914510439717,38.7968976944229,105.78598892648417,127.64008350730688,19.34001834688261,19.34001834688261,37.23628992455757,61.96073209362351,101.53074054137188,122.50575272558572,0.0082948603596432,0.0078345295029735,0.0,0.0,-2.59683228720596,2.8742485436170413,0.0,1.1280850140967251,0.0028750233527497,0.346602984028219,0.1978354367905238,0.0,0.1040311239636856,0.1712165487542294,0.062793485158288,0.9748248686514888,0.0278925474159204,5.104303626324984,0.1388527857800733,0.1153620624289144,1.0419287063267233,201403000.0,238578000.0,151789000.0,319550000.0,58800000.0,3065000.0,5308000.0,37.28498907142353,25.241640630193448,23.973276607059763,2.4138400531000563,3.5655368570751365,3.754180184676815,0.1604227515403297,0.0840982058545797,2014-02-07,0.48,bmo,130892307.0,2025-04-25,2013-12-31,0.0833333333333334,50.41109375,533789.953125
2013-09-30,CBOE,USD,1374310,2013-09-30,2013-09-30 00:00:00,2013,Q3,136743000.0,13844000.0,122899000.0,0.8987589858,0,27951000.0,1207000.0,27951000.0,24627000.0,54472000.0,68316000.0,0.0,0.0,8504000.0,76931000.0,0.5625955259,68427000.0,0.5004058709,-517000.0,67910000.0,0.4966250558,26554000.0,40955000.0,0.2995034481,0.47,0.47,105900000,105900000,,,1.2912464589235126,0.3867327667610953,0.5241170915958452,0.4608970727101039,2.1376581680830973,3.0727006610009444,2.657006610009443,3.0727006610009444,20.92540132200189,4789857000.0,6779479000.0,29.238536198266388,35.02816963208355,86.29751008936292,98.13470876272818,14.71994996911484,14.71994996911484,49.57825263450415,88.12415021252811,122.14397160565004,138.8981335409453,0.0085503596453923,0.0101900745679881,6.810100830057867,5.023234727416979,25.862422170516435,4.7239017080294206,0.0,1.342102717864397,0.0033289094016794,0.3893297521670126,0.2044053443320682,0.0,0.099789187351241,0.1206219371576823,0.0489604586706449,0.7872765757290687,0.0286522893310809,5.17078965258641,0.1108995641831455,0.1031279587437803,1.4925755429650611,243532000.0,281377000.0,193178000.0,361719000.0,61757000.0,2810000.0,7421500.0,38.72863693205502,12.423432533949724,42.96518347298469,2.323861801743623,7.244374672946101,2.0947193221364806,0.1258608661981137,0.0632200188857412,2013-11-01,0.45,bmo,130924148.0,2025-04-25,2013-09-30,0.0444444444444443,47.41953125,614530.90625
2013-06-30,CBOE,USD,1374310,2013-08-06,2013-08-05 18:03:47,2013,Q2,150772000.0,14518000.0,136254000.0,0.9037089115,0,31237000.0,908000.0,31237000.0,27065000.0,60896000.0,75414000.0,0.0,0.0,8651000.0,84009000.0,0.5571923169,75358000.0,0.4998142891,-473000.0,74885000.0,0.4966771018,28724000.0,45477000.0,0.3016276232,0.52,0.52,105900000,105900000,https://www.sec.gov/Archives/edgar/data/1374310/000137431013000039/0001374310-13-000039-index.htm,https://www.sec.gov/Archives/edgar/data/1374310/000137431013000039/cboe630201310q.htm,1.423720491029273,0.4294334277620397,0.2036166194523135,0.1409915014164306,1.9619074598678,2.926402266288952,2.5220868744098204,2.926402266288952,20.72710103871577,5018601000.0,7005835000.0,27.588676693713303,33.286027909691455,232.7413161433938,336.1195499296765,16.193945906178005,16.193945906178005,46.46641949433582,83.39386256234451,324.9007559245003,469.2140513026589,0.0090616887056771,0.0029751319142525,7.082792846863242,5.106289925604031,23.655013153352616,4.221883849667715,0.0,0.4671360485268631,0.002651535756678,0.2926094509312399,0.2071803783195819,0.0,0.0996063853050513,0.3075638825766359,0.0439869471785212,0.7666165761183679,0.0411880189955694,5.317484039940221,0.1291816789425747,0.1174979653528659,1.326064683663834,226405000.0,267089000.0,176720000.0,345417000.0,61029000.0,3414500.0,7284500.0,38.60391849945613,22.992836478853835,51.04422096707536,2.331369547401463,3.9142626044756,1.7631770706825358,0.1467444967183597,0.0626251180358829,2013-08-02,0.51,bmo,145109433.0,2025-04-25,2013-06-30,0.0392156862745098,39.5896875,522264.640625
2013-03-31,CBOE,USD,1374310,2013-05-07,2013-05-07 17:20:01,2013,Q1,142705000.0,13169000.0,129536000.0,0.9077187204,0,30837000.0,1013000.0,30837000.0,27205000.0,60106000.0,73275000.0,0.0,0.0,8311000.0,77741000.0,0.544767177,69430000.0,0.4865281525,-721000.0,68709000.0,0.4814757717,26336000.0,41789000.0,0.2928348691,0.48,0.48,105900000,105900000,https://www.sec.gov/Archives/edgar/data/1374310/000137431013000030/0001374310-13-000030-index.htm,https://www.sec.gov/Archives/edgar/data/1374310/000137431013000030/cboe331201310q.htm,1.3475448536355052,0.3946081208687441,0.8998772426817753,0.8390651558073654,1.9875920679886685,2.594202077431539,2.1901510859301228,2.594202077431539,0.0,3887589000.0,3677103000.0,23.257250711909837,27.242135874706563,40.79445313073864,43.75107194706101,14.150786601923372,14.150786601923372,25.76716302862549,47.29940443266744,38.58571623450896,41.3822546338499,0.0107493358994482,0.0228565828332161,0.0,0.0,-2.707528845782792,3.2118667786174084,0.0,2.2490029027918723,0.0034203718551523,0.3181937830529565,0.216089134928699,0.0,0.1044589563625267,0.0675782028815177,0.0451280613853754,0.7748766694741909,0.0472232928068392,4.799280899874862,0.1322050383200108,0.1139173908776674,1.1500920679886686,189672000.0,231937000.0,140525000.0,309652000.0,54134500.0,1927500.0,5240500.0,36.19235485792369,21.322803553800597,43.29485913888678,2.486713018627912,4.220833333333333,2.078768745067088,0.1521115584254857,0.0608120868744098,2013-05-03,0.47,bmo,139727083.0,2025-04-25,2013-03-31,0.0212765957446808,34.46483333333333,444403.75
2012-12-31,CBOE,USD,1374310,2013-02-28,2013-02-28 11:12:03,2012,Q4,130077000.0,11639000.0,118438000.0,0.9105222291,0,26440000.0,6327000.0,26440000.0,79710000.0,58686000.0,70325000.0,0.0,0.0,6233000.0,65631000.0,0.5045549943,59752000.0,0.4593586875,-353000.0,59399000.0,0.4566449103,19674000.0,39273000.0,0.3019211698,0.45,0.45,105900000,105900000,https://www.sec.gov/Archives/edgar/data/1374310/000137431013000008/0001374310-13-000008-index.htm,https://www.sec.gov/Archives/edgar/data/1374310/000137431013000008/cboe-12312012x10k.htm,1.228300283286119,0.3708498583569405,0.56342776203966,0.5328611898016997,1.2804249291784702,2.2579981114258736,1.8545986779981112,2.2579981114258736,0.0,3119814000.0,2984217000.0,19.85978916813077,23.98436310800525,52.287093368193474,55.28644338118022,13.04695511078027,13.04695511078027,22.941926704951683,45.469625634227725,50.01453064508019,52.883519404572034,0.0125882504533924,0.0180876167617684,0.0,0.0,-2.066051103899072,3.890872483221477,0.0,1.5020390695801027,0.0254617743237257,2.0226618796628726,0.2032642204232877,0.0,0.1260705074101836,0.0542510935693096,0.0248852602689176,0.5193325846301942,0.0253695887820291,4.340623376351812,0.139379020302414,0.1326172257528584,0.7185599622285175,150759000.0,196402000.0,103173000.0,272438000.0,60763000.0,1409500.0,5441500.0,35.2051477201965,5.683477962024229,32.059455279663204,2.556444322157148,15.835374149659865,2.8072841292812347,0.1642383385886702,0.0305665722379603,2013-02-08,0.42,bmo,121426666.0,2025-04-25,2012-12-31,0.0714285714285715,29.68967741935484,444135.37096774194
2012-09-30,CBOE,USD,1374310,2012-11-06,2012-11-05 18:13:54,2012,Q3,128319000.0,11304000.0,117015000.0,0.9119070442,0,57854000.0,1423000.0,57854000.0,9604000.0,67458000.0,67458000.0,41000.0,0.0,8656000.0,69517000.0,0.5417514164,60861000.0,0.4742945316,-327000.0,60534000.0,0.471746195,14776000.0,45243000.0,0.3525822365,0.52,0.52,105900000,105900000,https://www.sec.gov/Archives/edgar/data/1374310/000137431012000024/0001374310-12-000024-index.htm,https://www.sec.gov/Archives/edgar/data/1374310/000137431012000024/cboe930201210q.htm,1.211699716713881,0.4272237960339943,0.5111803588290841,0.4418980169971671,1.513512747875354,2.6017091595845137,2.2015203021718603,2.6017091595845137,0.0,3130404000.0,2970123000.0,17.297725615012265,24.395483131882266,57.82694794399083,66.89326238861466,11.361761898367094,11.361761898367094,23.14640076683889,42.7251319821051,54.86612849595448,63.46823514327841,0.0144527671188766,0.0149491886670218,0.0,0.0,-2.3056374699713738,4.2512435593431865,0.0,1.183049958477206,0.0042298054819761,0.2926640585283911,0.4508607454858594,0.0,0.1122571690426619,0.1355340451472272,0.0571778146650145,0.8476201478743068,0.0240182669752725,5.000902061130317,0.1431234773452709,0.1349948977460569,1.0824126534466478,182359000.0,233141000.0,136443000.0,307180000.0,67793500.0,2874500.0,7938000.0,49.54807939588058,16.59235668789809,53.638535031847134,1.8164175301511805,5.424184261036468,1.6778981742615406,0.1642088987772257,0.0692823418319169,2012-11-01,0.38,bmo,113381395.0,2025-04-25,2012-09-30,0.131578947368421,28.73,409150.79365079367
2012-06-30,CBOE,USD,1374310,2012-08-07,2012-08-07 15:33:00,2012,Q2,132549000.0,12001000.0,120548000.0,0.9094598978,0,57198000.0,0.0,57198000.0,9282000.0,66480000.0,66480000.0,26000.0,0.0,8342000.0,74411000.0,0.5613848464,66069000.0,0.4984496299,-411000.0,65658000.0,0.4953488898,27162000.0,37903000.0,0.2859546281,0.44,0.44,105900000,105900000,https://www.sec.gov/Archives/edgar/data/1374310/000137431012000019/0001374310-12-000019-index.htm,https://www.sec.gov/Archives/edgar/data/1374310/000137431012000019/cboe630201210q.htm,1.251643059490085,0.3579131255901794,0.2208781869688385,0.111123701605288,1.2005382436260623,2.265410764872521,1.8548630783758264,2.265410764872521,0.0,2931312000.0,2804175000.0,19.334300714982984,22.1149310820904,125.31794279851223,249.0917743031951,12.218534682189349,12.218534682189349,21.15576126564516,37.68495249358294,119.88264717198922,238.2881543167913,0.0129303874851943,0.0040145845955667,0.0,0.0,-1.7085780328177285,3.1599643237153408,0.0,0.6076215710723192,0.0036171516372191,0.2797403899427486,0.431523436615893,0.0,0.1264579443058003,0.4969005172929759,0.0876883265811134,1.3933109566051307,0.022836837697757,4.271235836502846,0.1383967508634872,0.1262049285949741,0.7225188857412653,138039000.0,196430000.0,98048000.0,265686000.0,61581500.0,19485000.0,8111500.0,44.09591924495847,27.48520956586951,68.53678860094992,2.041005189165884,3.2744884038199182,1.3131633657949446,0.1579903879419942,0.1097544853635505,2012-08-01,0.41,bmo,123559090.0,2025-04-25,2012-06-30,0.0731707317073171,26.36492063492064,577707.0634920635
2012-03-31,CBOE,USD,1374310,2012-05-08,2012-05-08 17:28:12,2012,Q1,121392000.0,11191000.0,110201000.0,0.9078110584,0,54669000.0,0.0,54669000.0,9308000.0,63977000.0,63977000.0,23000.0,0.0,8342000.0,65757000.0,0.54169138,57415000.0,0.4729718598,-453000.0,56962000.0,0.4692401476,23545000.0,32863000.0,0.2707180045,0.37,0.37,105900000,105900000,https://www.sec.gov/Archives/edgar/data/1374310/000137431012000011/0001374310-12-000011-index.htm,https://www.sec.gov/Archives/edgar/data/1374310/000137431012000011/cboe331201210q.htm,1.1462889518413597,0.3103210576015108,0.5981397544853635,0.523833805476865,1.403484419263456,2.1832105760151084,1.779017941454202,2.1832105760151084,0.0,3009678000.0,2861049000.0,22.895642515899343,24.79305061289047,47.513979445242576,54.25384864981793,13.01752579994983,13.01752579994983,23.568678331356267,43.5094210502304,45.16756389814186,51.57459350326279,0.0109191082899898,0.0184318721138939,0.0,0.0,-2.2602764724668094,2.6001524703832333,0.0,1.8955322141425024,0.0035701493648157,0.3269634543407479,0.450350929221036,0.0,0.1211064930214661,0.124228407243105,0.0648230525899565,0.9432989690721648,0.0242108211414261,3.904313619012409,0.1243814830766133,0.1057922913239569,0.6949669499527856,132235000.0,188398000.0,92635000.0,256580000.0,53874500.0,18591000.0,5618000.0,43.16429418742586,283.9290501295684,56.97078009114468,2.085056681552731,0.3169805976490582,1.5797571993224166,0.1421397738773886,0.0743059490084985,2012-05-01,0.36,amc,118118918.0,2025-04-25,2012-03-31,0.0277777777777778,26.98693548387097,941670.9032258064
2011-12-31,CBOE,USD,1374310,2012-02-28,2012-02-28 10:10:13,2011,Q4,120209000.0,0.0,120209000.0,1.0,0,58745000.0,0.0,58745000.0,8783000.0,67528000.0,67528000.0,0.0,206000.0,7529000.0,60072000.0,0.4997296375,52681000.0,0.4382450565,-344000.0,52337000.0,0.435383374,20530000.0,31277000.0,0.260188505,0.35,0.35,105900000,105900000,https://www.sec.gov/Archives/edgar/data/1374310/000144530512000485/0001445305-12-000485-index.htm,https://www.sec.gov/Archives/edgar/data/1374310/000144530512000485/cboe-12312011x10k.htm,1.1351180358829085,0.2953446647780925,0.366685552407932,0.3132577903682719,1.274183191690274,2.231067044381492,1.8328706326723323,2.231067044381492,0.0019452313503305,2738574000.0,2603638000.0,21.88967931707005,22.7817717475397,70.52364029666255,82.55181768855128,11.590866381681971,11.590866381681971,21.65926012195426,43.34195631908376,67.04877420683972,78.48429492976427,0.011420907377343,0.0121136036491984,0.0,0.0,-2.2462378479158343,3.627708608258267,255.73300970873785,1.22086333197095,0.0039787130090331,0.3483710074495635,0.488690530659102,0.0,0.1286157844010394,0.1457045735475896,0.0470680231929389,0.7514942223402842,0.0250397224833415,3.850455731105967,0.1161765893314104,0.1094753569315958,0.7796104815864022,137395000.0,194101000.0,98084000.0,261276000.0,51451500.0,22338000.0,5091500.0,37.08216522889301,0.0,0.0,2.427042742635628,0.0,0.0,0.1323782113683497,0.05342776203966,2012-02-09,0.34,bmo,110454054.0,2025-04-25,2011-12-31,0.0882352941176469,25.98190476190476,632011.9206349206
2011-09-30,CBOE,USD,1374310,2011-11-08,2011-11-08 14:26:03,2011,Q3,143604000.0,0.0,143604000.0,1.0,0,58141000.0,3525000.0,58141000.0,10497000.0,68638000.0,68638000.0,15000.0,226000.0,8918000.0,83709000.0,0.5829155177,74966000.0,0.5220328125,-401000.0,74565000.0,0.5192404111,33238000.0,40597000.0,0.282701039,0.45,0.45,105900000,105900000,https://www.sec.gov/Archives/edgar/data/1374310/000144530511003304/0001445305-11-003304-index.htm,https://www.sec.gov/Archives/edgar/data/1374310/000144530511003304/cboe930201110q.htm,1.3560339943342776,0.3833522190745986,0.6773654390934845,0.6287252124645892,1.3901794145420208,2.3201227573182246,2.2471576959395656,2.3201227573182246,0.0021340887629839,2591373000.0,2444153000.0,15.9579094514373,18.04527032673185,36.12525615825352,38.92002342975579,10.546855731152906,10.546855731152906,17.02008996963873,29.1982104672138,34.072923201315994,36.708915322459525,0.0156662124672905,0.0256937152621409,0.0,0.0,-1.7587117275322846,3.182374973137261,331.7079646017699,1.7357417668836357,0.0042525718991438,0.2714486292090549,0.4048703378735968,0.0,0.0224203015874397,0.0718079544979298,0.0358694743879,0.5775958735142409,0.0207236567226539,4.473482387327227,0.1486572333430048,0.1204959099597525,0.8623607176581681,142173000.0,237974000.0,108377000.0,232400000.0,57931000.0,37707000.0,6995000.0,33.45073953371772,0.0,0.0,2.690523475849665,0.0,0.0,0.1652292827461019,0.0486402266288951,2011-11-03,0.45,amc,129240000.0,2025-04-25,2011-09-30,0.111111111111111,24.3984375,648131.0
2011-06-29,CBOE,USD,1374310,2011-08-09,2011-08-09 17:01:35,2011,Q2,120290000.0,0.0,120290000.0,1.0,0,53255000.0,2515000.0,53255000.0,10583000.0,63838000.0,63838000.0,61000.0,223000.0,9019000.0,65532000.0,0.54478344,56452000.0,0.4692991936,-162000.0,56290000.0,0.4679524483,22889000.0,32609000.0,0.2710865409,0.36,0.36,105900000,105900000,https://www.sec.gov/Archives/edgar/data/1374310/000144530511002460/0001445305-11-002460-index.htm,https://www.sec.gov/Archives/edgar/data/1374310/000144530511002460/cboe630201110q.htm,1.1358829084041548,0.307922568460812,0.1354107648725212,0.0296506137865911,1.0060906515580736,2.146307837582625,2.095278564683664,2.146307837582625,0.0021057601510859,2582901000.0,2476356000.0,19.802056180808982,21.472283647851025,180.11861924686193,822.5799363057325,11.363700757609088,11.363700757609088,20.58654917283232,37.788500274674966,172.6887029288703,788.6484076433121,0.0126249515564088,0.0012156873221234,0.0,0.0,-1.625846914484527,2.914430163654569,253.14798206278027,0.429328463219664,0.0035727269453997,0.2829893587659848,0.4427217557569208,0.0,0.0169180582427008,0.7810320781032078,0.093108321556239,1.24182281849429,0.0267603292044226,3.856186457662583,0.1295821931960076,0.1038443656096147,0.6162653446647781,116629000.0,221890000.0,85422000.0,208436000.0,59025500.0,32468000.0,7510000.0,46.75301355058608,0.0,0.0,1.925009601843554,0.0,0.0,0.1434661715663414,0.1057601510859301,2011-08-04,0.32,bmo,106933333.0,2025-04-25,2011-06-29,0.1249999999999999,26.049206349206347,517137.2698412698
2011-03-31,CBOE,USD,1374310,2011-05-10,2011-05-10 11:37:20,2011,Q1,124042000.0,0.0,124042000.0,1.0,0,56825000.0,5759000.0,56825000.0,9682000.0,66507000.0,66507000.0,42000.0,225000.0,8718000.0,65835000.0,0.53074765,57535000.0,0.4638348301,-643000.0,56892000.0,0.458651102,24021000.0,32089000.0,0.2586946357,0.36,0.36,105900000,105900000,https://www.sec.gov/Archives/edgar/data/1374310/000110465911027658/0001104659-11-027658-index.htm,https://www.sec.gov/Archives/edgar/data/1374310/000110465911027658/a11-9219_110q.htm,1.1713125590179414,0.3030122757318225,0.7386591123701606,0.6712936732766761,1.0924362606232294,1.9165627950897075,1.5071293673276676,1.9165627950897075,0.0021246458923512,3067923000.0,2952234000.0,23.901671912493377,24.732937230937907,39.21971517692779,43.15547897031932,15.115601781596736,15.115601781596736,23.800277325422037,44.84292549555708,37.74077009613418,41.528119285412856,0.0104595193556031,0.0231720287634337,0.0,0.0,-1.75725677830941,2.0928614852225964,255.7111111111111,2.3797268108667216,0.0030078981773662,0.2875751815263797,0.4581109624159559,0.0,0.1351505517112399,0.0911996318265494,0.0575127779300559,0.8183069511355816,0.0275148739942922,3.614788543991084,0.1412867507547709,0.1156522898713693,0.4063810198300283,93479000.0,159605000.0,61159000.0,223128000.0,53330500.0,36202500.0,5785500.0,40.314329017590815,0.0,0.0,2.232456850781995,0.0,0.0,0.1581019294062001,0.0673654390934844,2011-05-05,0.34,bmo,117111111.0,2025-04-25,2011-03-31,0.0588235294117645,26.0408064516129,665177.9354838709
2010-12-31,CBOE,USD,1374310,2011-03-16,2011-03-16 12:19:50,2010,Q4,117391000.0,0.0,117391000.0,1.0,0,56280000.0,0.0,56280000.0,9257000.0,65537000.0,65537000.0,0.0,225000.0,8207000.0,58388000.0,0.4973805488,51854000.0,0.4417204045,-1898000.0,49956000.0,0.4255522144,18579000.0,31377000.0,0.2672862485,0.33,0.33,105900000,105900000,https://www.sec.gov/Archives/edgar/data/1374310/000104746911002202/0001047469-11-002202-index.htm,https://www.sec.gov/Archives/edgar/data/1374310/000104746911002202/a2202482z10-k.htm,1.1085080264400378,0.2962889518413598,0.4731728045325779,0.3928423040604343,0.5079225684608121,1.6607554296506135,1.2399338999055711,1.6607554296506135,0.0021246458923512,2420874000.0,2367085000.0,19.288603116932784,20.62231346525713,48.31215949230677,58.19128888034229,13.764820269056257,13.764820269056257,20.164109684728817,40.54060765910803,47.23871959129099,56.89834623335417,0.01296102151537,0.0171847027148046,0.0,0.0,-0.9212338151675,2.252007538511964,230.4622222222222,1.596997800936992,0.00809872798006,0.6248525990375116,0.4794234651719467,0.0,0.1753754250094446,0.1697699016144804,0.0724672249150275,1.0365541610820033,0.0446030786005741,3.3273756061062025,0.1586446885744842,0.149737290440808,0.1523087818696883,61118000.0,131309000.0,31696000.0,192681000.0,54713000.0,37593500.0,4890000.0,39.17523489875715,0.0,0.0,2.297369760068887,0.0,0.0,0.1784061316624401,0.0803305004721435,2011-02-10,0.29,bmo,109825806.0,2025-04-25,2010-12-31,0.0689655172413793,23.34125,325095.265625
2010-09-30,CBOE,USD,1374310,2010-11-12,2010-11-12 06:01:16,2010,Q3,106015000.0,0.0,106015000.0,1.0,0,63202000.0,0.0,63202000.0,7880000.0,71082000.0,71082000.0,0.0,225000.0,7117000.0,42040000.0,0.3965476584,34933000.0,0.329509975,-235000.0,34698000.0,0.3272933076,14244000.0,20020000.0,0.1888412017,0.2,0.2,105900000,105900000,https://www.sec.gov/Archives/edgar/data/1374310/000110465910057704/0001104659-10-057704-index.htm,https://www.sec.gov/Archives/edgar/data/1374310/000110465910057704/a10-17708_110q.htm,1.0010859301227573,0.1890462700661,0.1292728989612842,0.0888857412653446,3.049442870632672,4.241189801699717,3.879678942398489,4.241189801699717,0.0021246458923512,2139180000.0,1816244000.0,26.713036963036963,20.178088006414185,156.25858290723153,227.2580473812812,4.762814432851971,4.762814432851971,17.13195302551526,43.20275927687916,132.66939371804236,192.9506002337193,0.009358726240896,0.0044002842210566,0.0,0.0,-7.681636536631779,7.073382425493815,155.2577777777778,0.6693394612037354,2.571078637608804e-05,0.0027472527472527,0.5961609206244399,0.0,0.0721490170063924,0.312417823228634,0.0403433476394849,0.6009554587607138,0.1408196953261331,4.247360949425957,0.0432709794557366,0.0406629564934801,2.717988668555241,332378000.0,410858000.0,305623000.0,461526000.0,52483500.0,40710500.0,6242000.0,49.51676649530727,0.0,0.0,1.817566177479084,0.0,0.0,0.0445738764132501,0.0403871576959395,2010-11-04,0.22,bmo,89692307.0,2025-04-25,2010-09-30,0.1818181818181818,24.15296875,486902.046875
2010-06-30,CBOE,USD,1374310,2010-08-12,2010-08-12 16:11:48,2010,Q2,112618000.0,0.0,112618000.0,1.0,0,61218000.0,0.0,61218000.0,9574000.0,70792000.0,70792000.0,0.0,224000.0,7318000.0,49110000.0,0.4360759381,41826000.0,0.3713971124,-258000.0,41568000.0,0.369106182,16678000.0,24779000.0,0.2200269939,0.27,0.27,105900000,105900000,https://www.sec.gov/Archives/edgar/data/1374310/000110465910044076/0001104659-10-044076-index.htm,https://www.sec.gov/Archives/edgar/data/1374310/000110465910044076/a10-15330_110q.htm,1.0634372049102927,0.2339848914069877,0.0829272898961284,0.0431728045325779,3.0601133144475923,4.007034938621341,3.63795089707271,4.007034938621341,0.0021152030217186,3447044999.9999995,3122978999.9999995,34.777886516808586,30.60829529915289,392.5125256205875,753.9468503937006,8.123213423040214,8.123213423040214,27.73072688202596,63.59150885766645,355.61136415395123,683.0662729658792,0.0071884759264819,0.001326353441861,0.0,0.0,-6.598778252901649,4.85756455670209,186.72321428571428,0.3528324628364805,0.0,0.0,0.5435898346623097,0.0,0.0746391784076109,0.4793896606695513,0.0373830115967252,0.5752937961191582,0.0056474098279138,4.593003024927123,0.056185046998921,0.0511350035081926,2.486602927289896,300566000.0,385259000.0,279161000.0,431212000.0,47357000.0,39483500.0,7229500.0,37.2721057024632,0.0,0.0,2.414674414116941,0.0,0.0,0.0583935241371996,0.0397544853635505,2010-08-12,,bmo,,2025-04-25,2010-06-30,,32.310833333333335,2407508.833333333
2010-03-31,CBOE,USD,1374310,2010-06-11,2010-06-11 15:19:09,2010,Q1,101081000.0,0.0,101081000.0,1.0,0,54306000.0,0.0,54306000.0,8046000.0,62352000.0,62352000.0,0.0,222000.0,7318000.0,45942000.0,0.4545067817,38729000.0,0.3831481683,-327000.0,38402000.0,0.379913139,15726000.0,22676000.0,0.2243349393,0.25,0.25,105900000,105900000,https://www.sec.gov/Archives/edgar/data/1374310/000110465910033480/0001104659-10-033480-index.htm,https://www.sec.gov/Archives/edgar/data/1374310/000110465910033480/a10-11778_110q.htm,0.954494806421152,0.2141265344664778,0.5885930122757318,0.526628895184136,4.150113314447592,0.919801699716714,0.8529556185080265,0.919801699716714,0.0020963172804532,3440691000.0,3001194000.0,37.9331782501323,34.03894896172377,55.19943207341334,61.69429800968263,35.32283100803844,35.32283100803844,29.69098050078649,65.32571503199686,48.148527241224414,53.81377084454007,0.0065905366102332,0.0162089533759352,0.0,0.0,-9.56634452135301,0.968331857896907,174.45495495495496,2.74880931381196,0.0,0.0,0.5372523026087989,0.0,0.0111916171167396,0.1052749791439389,0.0649182338916314,0.8966930855424979,0.0,2.1051042451684205,0.1892917232747516,0.0362556119773346,-0.5282743153918791,-16205000.0,90328000.0,-39612000.0,85779000.0,45576000.0,37803500.0,6524500.0,42.8047803246901,0.0,0.0,2.10256890275611,0.0,0.0,0.232796410935559,0.0619641170915958,2010-08-05,0.29,bmo,120940740.0,2025-04-25,2010-03-31,-0.0689655172413791,,
2009-12-31,CBOE,USD,1374310,2009-12-31,2009-12-31 00:00:00,2009,Q4,120833000.0,0.0,120833000.0,1.0,0,55876000.0,0.0,55876000.0,8276000.0,64152000.0,64152000.0,0.0,220000.0,6874000.0,63666000.0,0.526892488,56681000.0,0.469085432,-109000.0,56572000.0,0.4681833605,21668000.0,34904000.0,0.2888614865,0.38,0.38,105900000,105900000,,,1.141010387157696,0.3295939565627951,0.1553257790368272,0.0742776203966005,3.623512747875354,0.7055429650613787,0.3313220018885741,0.7055429650613787,0.0020774315391879,3440691000.0,3056961000.0,24.64395914508366,28.47476268900052,209.17326281232903,437.4130434782609,46.04964064403014,46.04964064403014,25.299057376710003,48.01559702195834,185.84479299653475,388.6296720061022,0.0101444738862048,0.002286168679489,0.0,0.0,-6.0272358872867775,0.9172109829038106,257.6409090909091,0.4712640385056154,0.0,0.0,0.462423344616123,0.0,0.0692895158301104,0.5217946379719132,0.0710319200880554,1.2486179807972069,0.0,2.2874026079904644,0.3504273840603296,0.0655698285611232,-0.7392941454202078,-39089000.0,35087000.0,-64168000.0,96706000.0,,,,32.08502644145225,0.0,0.0,2.8050467767021843,0.0,0.0,0.4671493769824805,0.0810481586402266,2009-12-31,,bmo,,2025-04-25,2009-12-31,,,
2009-09-30,CBOE,USD,1374310,2009-09-30,2009-09-30 00:00:00,2009,Q3,98199000.0,0.0,98199000.0,1.0,0,57272000.0,0.0,57272000.0,7925000.0,65197000.0,65197000.0,0.0,220000.0,6900000.0,39896000.0,0.4062770497,33002000.0,0.3360726688,-226000.0,32776000.0,0.3337712197,13616000.0,19160000.0,0.1951140032,0.21,0.21,105900000,105900000,,,0.9272804532577904,0.1809254013220018,0.1694428706326723,0.0876487252124645,,,,,,3440691000.0,,44.894193632567855,35.03794335991201,191.7460432456532,370.6842275371688,0.0,0.0,,,,,0.0055686488557095,0.0026977139185122,0.0,0.0,,0.0,150.0090909090909,0.9365344467640918,0.0,0.0,0.5832238617501196,0.0,0.0,0.4827240303165403,0.0882086375625006,1.2553623188405798,0.0,,0.0,0.0,,,,,,,,,,0.0,0.0,0.0,0.0,0.0,0.0,0.0817941454202077,2009-09-30,,bmo,,2025-04-25,2009-09-30,,,
2009-06-30,CBOE,USD,1374310,2009-06-30,2009-06-30 00:00:00,2009,Q2,108985000.0,0.0,108985000.0,1.0,0,53501000.0,0.0,53501000.0,7902000.0,61403000.0,61403000.0,0.0,218000.0,7044000.0,54375000.0,0.49892187,47582000.0,0.4365921916,-89000.0,47493000.0,0.4357755654,19384000.0,28109000.0,0.257916227,0.31,0.31,105900000,105900000,,,1.0291312559017942,0.2654296506137866,0.2705665722379603,0.1674315391879131,,,,,,3440691000.0,,30.60132875591448,31.57031701610313,120.08135273793322,194.0494613952964,0.0,0.0,,,,,0.008169579889621,0.005153325305876,0.0,0.0,,0.0,218.26605504587155,1.0193532320609058,0.0,0.0,0.4909024177639124,0.0,0.0,0.3811817261717796,0.1002156260035784,1.5505394662123793,0.0,,0.0,0.0,,,,,,,,,,0.0,0.0,0.0,0.0,0.0,0.0,0.1031350330500472,2009-06-30,,bmo,,2025-04-25,2009-06-30,,,
2009-03-31,CBOE,USD,1374310,2009-03-31,2009-03-31 00:00:00,2009,Q1,98067000.0,0.0,98067000.0,1.0,0,48703000.0,0.0,48703000.0,9044000.0,57747000.0,57747000.0,0.0,217000.0,6907000.0,47001000.0,0.4792743736,40320000.0,0.4111474808,69000.0,40389000.0,0.4118510814,16111000.0,24278000.0,0.24756544,0.27,0.27,105900000,105900000,,,0.9260339943342776,0.2292540132200189,0.4694995278564683,0.3766761095372993,,,,,,3440691000.0,,35.4301322184694,35.08510508121998,69.20134754625906,86.25447480571572,0.0,0.0,,,,,0.0070561407577722,0.0115936014015789,0.0,0.0,,0.0,185.80645161290323,2.0479446412389817,0.0,0.0,0.4966298550990649,0.0,0.0,0.1977071600965406,0.1002375926662383,1.4231938613001305,0.0,,0.0,0.0,,,,,,,,,,0.0,0.0,0.0,0.0,0.0,0.0,0.092823418319169,2009-03-31,,bmo,,2025-04-25,2009-03-31,,,
