date,symbol,reportedCurrency,cik,fillingDate,acceptedDate,calendarYear,period,revenue,costOfRevenue,grossProfit,grossProfitRatio,researchAndDevelopmentExpenses,generalAndAdministrativeExpenses,sellingAndMarketingExpenses,sellingGeneralAndAdministrativeExpenses,otherExpenses,operatingExpenses,costAndExpenses,interestIncome,interestExpense,depreciationAndAmortization,ebitda,ebitdaratio,operatingIncome,operatingIncomeRatio,totalOtherIncomeExpensesNet,incomeBeforeTax,incomeBeforeTaxRatio,incomeTaxExpense,netIncome,netIncomeRatio,eps,epsdiluted,weightedAverageShsOut,weightedAverageShsOutDil,link,finalLink,revenuePerShare,netIncomePerShare,operatingCashFlowPerShare,freeCashFlowPerShare,cashPerShare,bookValuePerShare,tangibleBookValuePerShare,shareholdersEquityPerShare,interestDebtPerShare,marketCap,enterpriseValue,peRatio,priceToSalesRatio,pocfratio,pfcfRatio,pbRatio,ptbRatio,evToSales,enterpriseValueOverEBITDA,evToOperatingCashFlow,evToFreeCashFlow,earningsYield,freeCashFlowYield,debtToEquity,debtToAssets,netDebtToEBITDA,currentRatio,interestCoverage,incomeQuality,dividendYield,payoutRatio,salesGeneralAndAdministrativeToRevenue,researchAndDdevelopementToRevenue,intangiblesToTotalAssets,capexToOperatingCashFlow,capexToRevenue,capexToDepreciation,stockBasedCompensationToRevenue,grahamNumber,roic,returnOnTangibleAssets,grahamNetNet,workingCapital,tangibleAssetValue,netCurrentAssetValue,investedCapital,averageReceivables,averagePayables,averageInventory,daysSalesOutstanding,daysPayablesOutstanding,daysOfInventoryOnHand,receivablesTurnover,payablesTurnover,inventoryTurnover,roe,capexPerShare,report_date,epsEstimated,time,revenueEstimated,updatedFromDate,fiscalDateEnding,surprise(%),QuarterAvgPrice,QuarterAvgVolume
2025-03-31,CBRE,USD,1138118,2025-04-24,2025-04-24 16:32:57,2025,Q1,8910000000.0,7265000000.0,1645000000.0,0.184624018,0,1192000000.0,0.0,1192000000.0,177000000.0,1369000000.0,8634000000.0,0.0,50000000.0,177000000.0,453000000.0,0.0508417508,276000000.0,0.030976431,-33000000.0,243000000.0,0.0272727273,52000000.0,163000000.0,0.0182940516,0.54,0.54,305859458,308033612,https://www.sec.gov/Archives/edgar/data/1138118/000113811825000010/0001138118-25-000010-index.htm,https://www.sec.gov/Archives/edgar/data/1138118/000113811825000010/cbre-20250331.htm,29.13102657757276,0.5329245041688395,-1.7851336151913275,-1.9943800462760253,4.518415121235192,28.225381868034304,-0.4054149602266018,27.077795972554167,29.140835004029856,40000299917.24,47481299917.24,61.35015324730062,4.489371483416386,-73.26062255904762,-65.57426215940983,4.8297874809514605,4.8297874809514605,5.328989889701459,104.8152316053863,-86.96208776051282,-77.83819658563934,0.0040749694461602,-0.0152498856574095,1.070152137164936,0.3361526207995145,16.514348785871963,0.9965955097534044,5.52,-2.858638743455497,0.0,0.0,0.1337822671156004,0.0,0.3321322915876508,-0.1172161172161172,0.0071829405162738,0.3615819209039548,0.0023569023569023,18.01900308937247,0.0114539742135659,0.0092566301323187,-36.47835536280849,-37000000.0,-124000000.0,-6902000000.0,11551000000.0,7047000000.0,4020500000.0,0.0,69.94949494949495,48.79697178251892,0.0,1.2866425992779784,1.8443767453668445,0.0,0.0196812364163245,0.2092464310846977,2025-04-24,0.76,bmo,8988749080.0,2025-05-12,2025-03-31,0.131578947368421,135.89683333333335,1889425.066666667
2024-12-31,CBRE,USD,1138118,2025-02-14,2025-02-14 17:13:12,2024,Q4,10404000000.0,7972000000.0,2432000000.0,0.2337562476,0,1472000000.0,1000000.0,1473000000.0,335000000.0,1520000000.0,9810000000.0,0.0,52000000.0,177000000.0,641000000.0,0.0616109189,594000000.0,0.0570934256,19000000.0,613000000.0,0.0589196463,112000000.0,487000000.0,0.0468089196,1.59,1.58,306253811,308305013,https://www.sec.gov/Archives/edgar/data/1138118/000113811825000005/0001138118-25-000005-index.htm,https://www.sec.gov/Archives/edgar/data/1138118/000113811825000005/cbre-20241231.htm,33.97182214983114,1.590184293249497,4.375455755553031,4.071786065055694,3.637505754989609,30.0143203768981,4.156682967775379,27.464148029818315,5.815437836298468,40208062846.19,40823062846.19,20.640689346093428,3.864673476181276,30.00601704939552,32.243835482109056,4.780414082295803,4.780414082295803,3.923785356227412,63.68652550107643,30.46497227327611,32.73701912284683,0.0121119985775725,0.0310136801360019,0.2055641421947449,0.0709100602879055,0.9594383775351014,1.0735436631850974,11.423076923076923,2.6746506986027945,0.0,0.0,0.1414840445982314,0.0,0.3247754583111184,0.0694029850746268,0.0089388696655132,0.5254237288135594,0.0032679738562091,31.347149448572907,0.0312844085498143,0.0295796890184645,-28.408626072574812,683000000.0,1273000000.0,-5221000000.0,10714000000.0,7982500000.0,3976500000.0,0.0,62.01557093425605,46.30958354239839,0.0,1.4512484307434788,1.9434422233057045,0.0,0.0579003685649744,0.3036696904973371,2025-02-13,2.2,bmo,10285172195.0,2025-05-12,2024-12-31,0.0545454545454543,130.93421875,1882325.59375
2024-09-30,CBRE,USD,1138118,2024-10-24,2024-10-24 07:21:44,2024,Q3,9036000000.0,7252000000.0,1784000000.0,0.1974324923,0,1237000000.0,0.0,1237000000.0,178000000.0,1415000000.0,8667000000.0,0.0,64000000.0,178000000.0,547000000.0,0.0605356352,368000000.0,0.0407259849,-56000000.0,312000000.0,0.0345285525,67000000.0,225000000.0,0.0249003984,0.73,0.73,306253811,308305013,https://www.sec.gov/Archives/edgar/data/1138118/000113811824000029/0001138118-24-000029-index.htm,https://www.sec.gov/Archives/edgar/data/1138118/000113811824000029/cbre-20240930.htm,29.504938960579988,0.7346847350742028,1.8709971253223032,1.6130411516740275,3.3468971264491465,31.2028770149737,4.590963277841463,28.381687632288763,22.6021677163717,38122474393.28,43955474393.28,42.35830488142223,4.218954669464365,66.53136892369983,77.17100079611336,4.385926644417856,4.385926644417856,4.864483664594953,80.35735720892139,76.71112459560209,88.97869310380567,0.0059020303267529,0.0129582354729597,0.7890013805798435,0.2760313946468102,10.6636197440585,1.1257688229056204,5.75,2.3387755102040817,0.0,0.0,0.1368968570163789,0.0,0.3280338096196418,0.137870855148342,0.0087428065515714,0.4438202247191011,0.0047587428065515,21.660120840601376,0.0162427271639794,0.013477088948787,-25.034790505839617,1186000000.0,1406000000.0,-4673000000.0,11394000000.0,8358500000.0,3575700000.0,0.0,87.60956175298804,47.79233314947601,0.0,1.0272851296043657,1.8831472344845497,0.0,0.0258858720662678,0.2579559736482756,2024-10-24,1.06,bmo,8798123652.0,2025-04-25,2024-09-30,0.1320754716981131,109.02859375,1579146.703125
2024-06-30,CBRE,USD,1138118,2024-07-25,2024-07-25 06:56:58,2024,Q2,8391000000.0,6954000000.0,1437000000.0,0.171254916,0,1191000000.0,0.0,1191000000.0,6000000.0,1352000000.0,8145000000.0,0.0,63000000.0,161000000.0,407000000.0,0.0485043499,246000000.0,0.0293171255,-72000000.0,174000000.0,0.0207365034,32000000.0,130000000.0,0.0154927899,0.42,0.42,306745116,308035211,https://www.sec.gov/Archives/edgar/data/1138118/000113811824000023/0001138118-24-000023-index.htm,https://www.sec.gov/Archives/edgar/data/1138118/000113811824000023/cbre-20240630.htm,27.354958766482856,0.4238046287263462,0.95845046804266,0.7400280824683122,3.833149865049522,29.9564671797415,3.706660483552735,27.2408575202873,21.89765916272975,26370877622.52,31991877622.52,50.71322619715384,3.142757433264212,89.69686266163265,116.17126705955948,3.155921209013882,3.155921209013882,3.8126418332165417,78.60412192265356,108.81591028068028,140.9333815970044,0.0049296804551162,0.0086079804870107,0.7963140258496888,0.2836075355894638,13.81081081081081,1.118669602503187,3.9047619047619047,2.261538461538461,0.0,0.0,0.1419377904898105,0.0,0.3431932486574034,0.227891156462585,0.0079847455607198,0.4161490683229814,0.0046478369681801,16.117010700510956,0.0117753897993815,0.008436080467229,-23.33028180960508,1024000000.0,1137000000.0,-4620000000.0,11003000000.0,7782500000.0,3225200000.0,0.0,84.95888451912764,42.7144089732528,0.0,1.0593359424315112,2.1070173312325777,0.0,0.0155576831019626,0.2184223855743476,2024-07-25,0.709,bmo,8305201481.0,2025-04-25,2024-06-30,0.142454160789845,88.72111111111111,1676668.4126984128
2024-03-31,CBRE,USD,1138118,2024-05-03,2024-05-03 16:19:03,2024,Q1,7935000000.0,6633000000.0,1302000000.0,0.1640831758,0,1111000000.0,0.0,1111000000.0,-1111000000.0,1111000000.0,7744000000.0,0.0,36000000.0,158000000.0,349000000.0,0.0439823566,191000000.0,0.0240705734,-72000000.0,119000000.0,0.0149968494,-28900000.0,126000000.0,0.015879017,0.41,0.41,305808212,308502456,https://www.sec.gov/Archives/edgar/data/1138118/000113811824000014/0001138118-24-000014-index.htm,https://www.sec.gov/Archives/edgar/data/1138118/000113811824000014/cbre-20240331.htm,25.94763544152307,0.4120229446290998,-1.5369109839339434,-1.7592725730988543,3.685316338071393,29.75394264428713,4.077719142480059,27.01366306016661,20.980469942383365,29045663975.76,34298663975.76,57.63028566619048,3.660449146283554,-61.799285054808514,-53.98822300327138,3.515998544457088,3.515998544457088,4.3224529270018905,98.2769741425788,-72.97588079948936,-63.75216352371748,0.0043379968901779,-0.0185225581501248,0.7723035952063915,0.2778261626894269,15.051575931232092,1.147090975343131,5.305555555555555,-3.73015873015873,0.0,0.0,0.1400126023944549,0.0,0.3419264936422226,-0.1446808510638297,0.0085696282293635,0.430379746835443,0.0037807183364839,15.824999288579262,0.0142147134302822,0.0083377448385389,-22.906513707355906,1211000000.0,1247000000.0,-4421000000.0,10966000000.0,7645500000.0,3223950000.0,0.0,86.69943289224952,42.74084124830394,0.0,1.0380690737833596,2.105714285714286,0.0,0.0152523907517249,0.2223615891649109,2024-05-03,0.693,bmo,7942944230.0,2025-04-25,2024-03-31,0.1255411255411256,89.79852459016394,1693667.262295082
2023-12-31,CBRE,USD,1138118,2024-02-20,2024-02-20 06:09:11,2023,Q4,8949975000.0,7249229000.0,1700746000.0,0.1900280168,0,1206000000.0,74400000.0,1206000000.0,-1206242000.0,1206242000.0,8455471000.0,0.0,39397000.0,182162000.0,676666000.0,0.0756053509,494504000.0,0.0552519979,136334000.0,630838000.0,0.0704848896,136009000.0,477151000.0,0.0533131098,1.57,1.55,304728400,308526651,https://www.sec.gov/Archives/edgar/data/1138118/000113811824000006/0001138118-24-000006-index.htm,https://www.sec.gov/Archives/edgar/data/1138118/000113811824000006/cbre-20231231.htm,29.37033436988479,1.565823861510775,2.886199645323508,2.578604422823734,4.499088368527515,29.75436487048795,6.093951203760463,27.129076252820543,16.32075316905152,28367166756.0,31930166756.0,14.86278282765833,3.1695246920801456,32.25348605070796,36.10092311020726,3.43137374573606,3.43137374573606,3.5676263627552034,47.18748504579808,36.30461924237101,40.6353057698524,0.0168205377753869,0.0277001227073126,0.5968307729527035,0.2188220684761398,5.265522429086137,1.1726313235472523,12.55181866639592,1.843246687107436,0.0,0.0,0.1347489797457534,0.0,0.3197622849033174,0.1065744786567929,0.0104729901480171,0.5145584699333561,0.0025680518660666,30.915780535056268,0.0253953568883762,0.0311090754987612,-20.919448269344112,1423000000.0,1857000000.0,-3815000000.0,10570000000.0,7476470500.0,3083275500.0,212728000.0,76.89742150117738,40.943802437473,0.0,1.170390349156532,2.198134873707511,0.0,0.0577175517116245,0.3075952224997735,2024-02-15,1.18,bmo,8444658228.0,2025-04-25,2023-12-31,0.1694915254237287,77.7431746031746,1666079.0317460315
2023-09-30,CBRE,USD,1138118,2023-10-27,2023-10-27 06:50:17,2023,Q3,7868046000.0,6396824000.0,1471222000.0,0.1869869597,0,1058043000.0,0.0,1058043000.0,149161000.0,1207204000.0,7604028000.0,38206000.0,38206000.0,149161000.0,413179000.0,0.0525135466,269435000.0,0.0342442075,-37939000.0,231496000.0,0.0294222988,30551000.0,190553000.0,0.0242185925,0.62,0.61,307854518,312221133,https://www.sec.gov/Archives/edgar/data/1138118/000162828023035353/0001628280-23-035353-index.htm,https://www.sec.gov/Archives/edgar/data/1138118/000162828023035353/cbre-20230930.htm,25.557675914959287,0.6189709387341199,1.241641676994976,0.9939435093819218,4.067184097652255,27.48340045475636,4.661510278695991,24.959893555955546,18.85471760398202,22738134699.48,27252337699.48,29.83177213095569,2.8899341335167588,59.48576096346584,74.31005817013627,2.959147234919865,2.959147234919865,3.463672899151835,65.95770283455839,71.29547201266203,89.0628376727344,0.0083803268174129,0.0134571284779572,0.7504284218044315,0.2658824700055336,10.925538326003984,1.1855896872923193,7.0521645814793485,1.9022369305033715,0.0,0.0,0.1344734130939244,0.0,0.3239584501925702,0.1994924721055867,0.0096917328648053,0.5112295521587557,0.0043233097518748,18.6443717181152,0.014835787641835,0.0129967442150734,-20.406532575234124,1459968000.0,1435067000.0,-3899916000.0,10336262000.0,7215324000.0,2877427000.0,-56694500.0,83.57026509504394,40.360433552650505,5.985945525467013,1.076938069989889,2.2299066704175585,15.03521868301305,0.0247986209294722,0.2476981676130541,2023-10-27,0.67,bmo,7423290000.0,2025-04-25,2023-09-30,0.0746268656716416,82.9231746031746,1588801.4285714286
2023-06-30,CBRE,USD,1138118,2023-07-27,2023-07-27 16:31:25,2023,Q2,7719863000.0,6179496000.0,1540367000.0,0.1995329451,0,1088812000.0,0.0,1088812000.0,5612000.0,1243199000.0,7422695000.0,42982000.0,42982000.0,154387000.0,451555000.0,0.0584926183,306429000.0,0.0396935801,-44872000.0,261557000.0,0.0338810417,55404000.0,201000000.0,0.0260367315,0.65,0.64,310857203,314282247,https://www.sec.gov/Archives/edgar/data/1138118/000113811823000025/0001138118-23-000025-index.htm,https://www.sec.gov/Archives/edgar/data/1138118/000113811823000025/cbre-20230630.htm,24.83411330185584,0.6465991396055892,-0.0349613902946942,-0.2753547261377115,4.057084692999698,28.610039961017083,5.533132201540139,26.050733011324173,17.43431693940835,25089284854.13,29204711854.13,31.205578176778605,3.2499650387746515,-2308.5466372957303,-293.1128189883873,3.098185374089689,3.098185374089689,3.783060898118269,64.67586861872861,-2687.2204503248067,-341.1924839260012,0.0080113881750165,-0.0034116556329787,0.6639370821992137,0.2474040320232769,9.113899746431777,1.09921119855891,7.129240147038295,-0.0527178711060663,0.0,0.0,0.1410403267519125,0.0,0.3300939114535217,-6.875966139124034,0.0096799645278679,0.4840303911598774,0.0027202555278506,19.46788598955689,0.014974172288038,0.0138064205213139,-20.920050065560165,784167000.0,1720014000.0,-4150246000.0,9790424000.0,6488821500.0,2947344000.0,197185500.0,83.06152971885642,42.035510663005525,-7.847897304246171,1.0835341018234153,2.1410469048781398,-11.468039974389669,0.0248207656699914,0.2403933358430172,2023-07-27,0.76,bmo,7300120000.0,2025-04-25,2023-06-30,0.0789473684210525,74.87048387096775,1874402.9193548388
2023-03-31,CBRE,USD,1138118,2023-04-27,2023-04-27 16:10:56,2023,Q1,7411000000.0,6006000000.0,1405000000.0,0.1895830522,0,0.0,0.0,1208904000.0,159096000.0,1368000000.0,7374000000.0,414000.0,28414000.0,162000000.0,196000000.0,0.0264471731,37000000.0,0.0049925786,116000000.0,153000000.0,0.0206449872,28000000.0,117000000.0,0.0157873431,0.38,0.37,310464609,315358147,https://www.sec.gov/Archives/edgar/data/1138118/000113811823000015/0001138118-23-000015-index.htm,https://www.sec.gov/Archives/edgar/data/1138118/000113811823000015/cbre-20230331.htm,23.870675707194696,0.3768545483391957,-2.3996293889974427,-2.592888131735492,3.966072023365472,27.83702151377905,5.010725715277904,25.316360616162857,15.596292973927987,22604928181.29,26187286181.29,48.3011285925,3.0501859642814737,-30.342185478241618,-28.08065612582609,2.876005801304455,2.876005801304455,3.5335698530953987,133.6086029657653,-35.150719706429534,-32.53079028731677,0.0051758624960746,-0.0356117034986333,0.6124407970957148,0.2288949499377011,18.27733673469388,1.0377332301534552,1.3021749841627366,-6.367521367521367,0.0,0.0,0.0,0.0,0.3369816601416531,-0.0805369127516778,0.0080960734043988,0.3703703703703703,0.0024288220213196,14.65138822862584,0.0020169680601978,0.0083911028491021,-20.292335478405526,328938000.0,1555653000.0,-3341287000.0,9229705000.0,6054468000.0,2985092500.0,231383000.0,71.07869923087303,45.0821928071928,13.984255744255744,1.2662021248822812,1.9963536464366616,6.435809073140623,0.0148858105654648,0.193258742738049,2023-04-27,0.81,bmo,7603640000.0,2025-04-25,2023-03-31,0.1358024691358024,81.70209677419355,1597972.4677419355
2022-12-31,CBRE,USD,1138118,2023-02-27,2023-02-24 18:34:13,2022,Q4,8194489000.0,6498820000.0,1695669000.0,0.2069279732,0,1314329000.0,85100000.0,1314329000.0,159561000.0,1473890000.0,7972710000.0,17698000.0,17698000.0,159561000.0,-163088000.0,-0.0199021562,56433000.0,0.0068867015,57026000.0,60632000.0,0.0073991191,-25461000.0,81112000.0,0.0098983597,0.26,0.25,314248642,319221283,https://www.sec.gov/Archives/edgar/data/1138118/000113811823000009/0001138118-23-000009-index.htm,https://www.sec.gov/Archives/edgar/data/1138118/000113811823000009/cbre-20221231.htm,26.076449997833244,0.2581140827968955,2.591193377376632,2.275697980581886,8.388246272835126,27.385104817732195,4.9153561656441465,24.9906346452883,11.169282952700874,24184575488.32,26358519488.32,74.54068290857086,2.95132197850531,29.70060076253961,33.818195848783795,3.079553644489374,3.079553644489374,3.2166153970455023,-161.62145276366132,32.37037856597063,36.85810299918197,0.0033538732172153,0.029569880205066,0.444685165026098,0.1702416894643786,-13.329883253212987,1.04082065349483,3.188665385919313,9.458132484638703,0.0,0.0,0.1603918194288869,0.0,0.3442185004145341,0.121756793433209,0.0120988630285549,0.6213548423486942,0.0044557995013477,12.0471897822509,0.005591156123585,0.006029600437873,-15.321902329811818,307857000.0,1544644000.0,-4058103000.0,9237997000.0,6388076500.0,2785483000.0,-30018000.0,68.70959250784277,41.01559975503245,-6.515105819210257,1.309860773657289,2.194287064861397,-13.814050377298331,0.0103284324892309,0.3154953967947457,2023-02-23,1.19,bmo,7966131660.0,2025-04-25,2022-12-31,0.1176470588235295,73.85460317460317,1629530.2698412698
2022-09-30,CBRE,USD,1138118,2022-10-27,2022-10-27 16:31:50,2022,Q3,7529546000.0,5934490000.0,1595056000.0,0.2118395983,0,1080316000.0,0.0,1080316000.0,142136000.0,1222452000.0,7156942000.0,19957000.0,19957000.0,142136000.0,542278000.0,0.0720200129,614420000.0,0.0816012015,219997000.0,594347000.0,0.0789353037,142667000.0,446639000.0,0.0593181847,1.4,1.38,319827769,324742584,https://www.sec.gov/Archives/edgar/data/1138118/000113811822000033/0001138118-22-000033-index.htm,https://www.sec.gov/Archives/edgar/data/1138118/000113811822000033/cbre-20220930.htm,23.542502339751493,1.3964985010416653,2.35718431316075,2.156219899717338,3.5175525987551133,27.013426717177893,5.729765134934234,24.81281417436896,13.310748511021256,21591572685.19,24703751685.19,12.085584042811982,2.867579623683819,28.640102355626063,31.309422572739443,2.720771595095256,2.720771595095256,3.2809085282419423,45.55551153686855,32.768246535237765,35.82231882414783,0.0206858021188218,0.0319392667711055,0.5339317502763102,0.2096028113317962,5.7390840122593945,1.1075736627205988,30.787192463797165,1.6690865214311017,0.0,0.0,0.1434769108256992,0.0,0.3367298975579424,0.0852561305118896,0.008536238439874,0.4522007091799403,0.0055102923868185,27.92219190044832,0.0329199373051635,0.0333108247594908,-16.744491157676805,834304000.0,1832538000.0,-2985729000.0,9402686000.0,6521237000.0,2672232500.0,-60211500.0,77.93481439651208,39.571039802914825,6.224167535879242,1.154811244460061,2.274390575740457,14.459765017762551,0.0562813428266518,0.2009644134434118,2022-10-27,1.26,bmo,7748410433.0,2025-04-25,2022-09-30,-0.1031746031746032,79.2709375,1593989.5
2022-06-30,CBRE,USD,1138118,2022-08-05,2022-08-04 17:57:10,2022,Q2,7771278000.0,6053984000.0,1717294000.0,0.2209796124,0,1188819000.0,0.0,1188819000.0,162359000.0,1351178000.0,7405162000.0,0.0,18518000.0,162359000.0,546929000.0,0.070378257,516937000.0,0.0665189175,93741000.0,610678000.0,0.0785814122,120762000.0,487322000.0,0.06270809,1.5,1.48,325415305,329843710,https://www.sec.gov/Archives/edgar/data/1138118/000113811822000027/0001138118-22-000027-index.htm,https://www.sec.gov/Archives/edgar/data/1138118/000113811822000027/cbre-20220630.htm,23.881107866146618,1.4975386606355223,1.3964401582156685,1.2284517472219076,7.358375476531443,27.334252148957777,5.665142271043459,25.00192792099929,12.930009545801788,23953820601.05,26950142601.05,12.28849744165562,3.08235281263262,52.7126060983929,59.92095348186523,2.944172954685405,2.944172954685405,3.467916422633446,49.27539516290049,59.3062908370615,67.41631191211161,0.0203442285101959,0.0166886529985315,0.5148844458155779,0.2049597449384187,5.478447842407332,1.0925546155791912,27.91537963062966,0.9275528866172976,0.0,0.0,0.1529759969981771,0.0,0.3450057811975259,0.1202976081756425,0.0070343642319834,0.3366983043748729,0.0058496170128002,29.024652576261456,0.0282130774343662,0.0364020529442575,-13.898663278913697,681311000.0,1843524000.0,-3501199000.0,9551539000.0,6593083500.0,2764104500.0,-469472000.0,75.53569567322133,40.66213422433888,-7.89155207545973,1.1914896552929548,2.2133614409774207,-11.40460065895934,0.0598969273636586,0.1679884109937607,2022-08-04,1.4,bmo,7724048899.0,2025-04-25,2022-06-30,0.3071428571428573,80.49967741935482,2220851.435483871
2022-03-31,CBRE,USD,1138118,2022-05-09,2022-05-09 16:40:27,2022,Q1,7332933000.0,5752194000.0,1580739000.0,0.2155670862,0,1065996000.0,0.0,1065996000.0,149032000.0,1215028000.0,6967222000.0,0.0,12826000.0,149032000.0,522864000.0,0.0713035289,376952000.0,0.0514053517,15581000.0,392533000.0,0.0535301495,-3738000.0,392297000.0,0.053497966,1.18,1.16,331925104,337140325,https://www.sec.gov/Archives/edgar/data/1138118/000113811822000018/0001138118-22-000018-index.htm,https://www.sec.gov/Archives/edgar/data/1138118/000113811822000018/cbre-20220331.htm,22.092131362260567,1.1818840915389153,-1.1855294922194255,-1.3122327740537516,4.993102299366908,27.966625266162453,5.926623133633183,25.517717394463784,12.887036709341515,30377785518.08,32985154518.08,19.35892035758621,4.142651449028649,-77.19757340550485,-69.74372368194727,3.586527689183351,3.586527689183351,4.498221178085221,63.08553374889072,-83.82355210474019,-75.7299277442758,0.0129139433078989,-0.0143382077584544,0.5035088077633324,0.2017062072864064,4.986705912053613,1.1446506156304983,29.38967721815063,-0.9930249753325376,0.0,0.0,0.1453710268456018,0.0,0.3460047016641606,-0.1068748459366669,0.0057352221819018,0.2821944280422996,0.0050270471583471,26.04951334325286,0.0249116959503083,0.0283707377214803,-16.2963268966845,1090418000.0,1967195000.0,-3231621000.0,10229174000.0,6750444500.0,2838670500.0,-335466500.0,81.7880294283338,43.70000385939696,-6.385325321086181,1.1004055315804118,2.059496385619815,-14.094818270698616,0.0463162152503237,0.1267032818343261,2022-05-05,1.08,bmo,7553469420.0,2025-04-25,2022-03-31,0.2870370370370368,97.42790322580645,1750075.4838709678
2021-12-31,CBRE,USD,1138118,2022-03-01,2022-02-28 19:23:41,2021,Q4,8550217000.0,6584255000.0,1965962000.0,0.2299312403,0,4074184000.0,-2811224000.0,1262960000.0,181139000.0,1425104000.0,8009359000.0,0.0,15436000.0,194044000.0,992473000.0,0.1160757674,592236000.0,0.0692656105,324865000.0,917101000.0,0.1072605526,224227000.0,691992000.0,0.0809326828,2.07,2.04,334079778,339466153,https://www.sec.gov/Archives/edgar/data/1138118/000113811822000010/0001138118-22-000010-index.htm,https://www.sec.gov/Archives/edgar/data/1138118/000113811822000010/cbre-20211231.htm,25.59333896588018,2.0713375833241843,3.484368335517752,3.219635161515224,10.85680498746021,28.014616915843376,5.850443902055035,25.52741459257076,12.609751554612204,36250996710.78,38017272710.78,13.096609755163357,4.239775050244924,31.141942972534853,33.70257639655453,4.250724240267545,4.250724240267545,4.446351795607058,38.305598954107566,32.65928791354719,35.34468439988286,0.0190889096242206,0.0296713221040938,0.492159007189448,0.1901478565397743,1.7796715880432012,1.1706965777091307,38.36719357346463,1.6800413928073503,0.0,0.0,0.4765006548956593,0.0,0.3354522399741844,0.0759773791145966,0.0103438310396098,0.5454534241168344,0.0060379754104486,34.492138207720984,0.0288662369398716,0.04717412477523,-12.245475540276493,1391822000.0,1954515000.0,-3168774000.0,10658893000.0,6603059500.0,2676985500.0,100079000.0,71.96704715213662,39.425840888604704,-3.592561345209139,1.2505723600100218,2.282766783701316,-25.051764285116388,0.0811416908599512,0.2647331740025282,2022-02-24,1.78,bmo,8158417231.0,2025-04-25,2021-12-31,0.0112359550561797,102.46703125,1361709.859375
2021-09-30,CBRE,USD,1138118,2021-10-28,2021-10-28 17:04:52,2021,Q3,6798327000.0,5258947000.0,1539380000.0,0.2264351215,0,1025681000.0,0.0,1025681000.0,7693000.0,1148245000.0,6407192000.0,0.0,11038000.0,122564000.0,513699000.0,0.0755625612,409665000.0,0.0602596786,160464000.0,570129000.0,0.0838631328,133507000.0,435743000.0,0.0640956223,1.3,1.28,335364942,340337159,https://www.sec.gov/Archives/edgar/data/1138118/000113811821000042/0001138118-21-000042-index.htm,https://www.sec.gov/Archives/edgar/data/1138118/000113811821000042/cbre-20210930.htm,20.2714301604012,1.2993099320441193,2.9013259233280264,2.765757191161621,8.25315843538589,25.049365476013293,9.483072324238352,23.743069124977293,13.422160268618656,32651130753.12,34373594753.119995,18.733020813369347,4.802818510071669,33.557070998876675,35.20193323952226,4.10056507385471,4.10056507385471,5.056184374938128,66.9138829414112,35.327326589044425,37.05896119956271,0.0133454183652847,0.0284075307226953,0.5639223303263146,0.2275824668176353,3.353060839129529,1.3550339356018395,37.11406051820982,2.228479096335045,0.0,0.0,0.1508725602637237,0.0,0.2645866066305937,0.0467264746357411,0.006687674776456,0.3709490551874939,0.0070715927609836,26.34608366444801,0.0224927789619676,0.0300305906882928,-10.59610458626889,2639874000.0,3180290000.0,-1254253000.0,9556244000.0,6175124000.0,2459360500.0,127813500.0,84.31733866287985,42.26465868547449,7.923365647153317,1.0673961183694465,2.1294387036167213,11.358809375701968,0.0547237564446657,0.1355687321664051,2021-10-28,1.19,bmo,6584150000.0,2025-04-25,2021-09-30,0.1680672268907562,92.92140625,1305118.4375
2021-06-30,CBRE,USD,1138118,2021-07-30,2021-07-30 06:55:57,2021,Q2,6458613000.0,5016759000.0,1441854000.0,0.2232451457,0,957216000.0,0.0,957216000.0,12045000.0,1076301000.0,6093060000.0,0.0,13772000.0,119085000.0,492772000.0,0.0762968767,366482000.0,0.0567431428,210405000.0,576887000.0,0.0893205708,133445000.0,442637000.0,0.0685343742,1.32,1.3,335643233,339502871,https://www.sec.gov/Archives/edgar/data/1138118/000113811821000033/0001138118-21-000033-index.htm,https://www.sec.gov/Archives/edgar/data/1138118/000113811821000033/cbre-20210630.htm,19.242494306447107,1.3187723048776616,1.253014983323081,1.1149308647018068,6.384219282025566,23.002626720616767,7.398924679050508,22.88001140782719,12.70806195577314,28774694365.09,30883477365.09,16.251857823165484,4.455243620432127,68.41897434668994,76.89266008698115,3.746938691239988,3.746938691239988,4.78175072033113,62.67295496718564,73.43312908102415,82.52781757497615,0.0153828566998444,0.0130051424787333,0.5536286703298292,0.2303349183068997,4.279429431867071,1.3597025440693449,26.610659308742378,0.9484126447201664,0.0,0.0,0.1482076724522742,0.0,0.2837348101282281,0.110201490372498,0.0071759989335171,0.3891925935256329,0.0076559781488688,26.05579246632825,0.0206439748854794,0.0334796527513836,-12.55099190395416,2220933000.0,2483399000.0,-2342383000.0,9201764000.0,5642689500.0,2450857500.0,82841000.0,83.34691674512779,43.93619266941067,-3.7199574466303846,1.0798239876733189,2.0484251031305214,-24.193825142146157,0.0576386209504473,0.1380841186212743,2021-07-29,0.77,bmo,6148102756.0,2025-04-25,2021-06-30,0.7662337662337663,85.36190476190477,1556829.1587301588
2021-03-31,CBRE,USD,1138118,2021-04-29,2021-04-29 17:06:10,2021,Q1,5938879000.0,4719546000.0,1219333000.0,0.2053136627,0,828327000.0,0.0,828327000.0,2732000.0,950405000.0,5669951000.0,0.0,10106000.0,122078000.0,391006000.0,0.065838351,269084000.0,0.0453088874,76220000.0,345304000.0,0.0581429593,76327000.0,266202000.0,0.0448236107,0.79,0.78,335860494,339580504,https://www.sec.gov/Archives/edgar/data/1138118/000113811821000023/0001138118-21-000023-index.htm,https://www.sec.gov/Archives/edgar/data/1138118/000113811821000023/cbre-20210331.htm,17.68257686180858,0.7925969405618751,-0.5759772389306377,-0.6641001367669042,5.687855624960761,22.794532660932727,7.385867180913514,21.52789663913256,11.428149688840747,26569923680.34,28487755680.34,24.95278367587396,4.473895440594092,-137.34917745513005,-119.12360142724562,3.6747668072781887,3.6747668072781887,4.796823723861018,72.85759216058065,-147.2631181523717,-127.7220098201708,0.0100189222672465,-0.0083946421029819,0.5294553390767001,0.2219385684555986,4.904865909986036,1.369575750289764,26.62616267563823,-0.7191990393230648,0.0,0.0,0.1394753117549625,0.0,0.300031515367394,-0.1529971878747777,0.0049836004404198,0.2424433558872196,0.0060257163010056,19.593781227482527,0.0169024029463563,0.0220483326964046,-10.47442111485729,2133488000.0,2480621000.0,-1686654000.0,9083680000.0,5761139000.0,2565636500.0,111388500.0,80.38194245075543,46.77082499036984,7.1137160226852325,1.1196544554162384,1.9242765125167471,12.651615514731704,0.0368172029923779,0.0881228978362665,2021-04-29,0.67,bmo,5798590000.0,2025-04-25,2021-03-31,0.2835820895522387,70.71409836065574,1866465.1475409835
2020-12-31,CBRE,USD,1138118,2021-02-24,2021-02-24 17:03:30,2020,Q4,6910501000.0,5370830000.0,1539671000.0,0.2228016464,0,2516139000.0,-1565033000.0,951106000.0,4420000.0,1094931000.0,6465761000.0,0.0,15958000.0,143825000.0,588565000.0,0.085169657,443896000.0,0.0642349954,-33456000.0,410440000.0,0.0593936677,95054000.0,313765000.0,0.0454040886,0.94,0.93,335397942,338799615,https://www.sec.gov/Archives/edgar/data/1138118/000113811821000012/0001138118-21-000012-index.htm,https://www.sec.gov/Archives/edgar/data/1138118/000113811821000012/cbre-20201231.htm,20.603886114483075,0.9355006716171204,2.892495386867937,2.6658124217112817,5.653546914131035,21.22877366969652,5.756043070771138,21.10426187409343,12.260924964172856,21036158922.24,23236301922.24,16.761078292862493,3.0440859385216785,21.683699232417688,23.52753685487659,2.971911568108053,2.971911568108053,3.362462710336052,39.47958496043767,23.951567585031803,25.988249654672583,0.0149155081571607,0.0425033868257538,0.5787146565444994,0.227080133463103,3.7381478681199183,1.2202310909845882,27.81651836069683,3.0760306418166943,0.0,0.0,0.3641037024667242,0.0,0.2876811830805931,0.078369343711249,0.0110019519568841,0.5286215887363115,0.0026843205724158,21.07649522660148,0.0267542218559063,0.0244182299228903,-13.221445914536949,1525896000.0,1930565000.0,-2464547000.0,8550779000.0,5886361000.0,2543442000.0,149659000.0,80.98202865465181,44.8864533042379,-2.517968358708058,1.1113576863306964,2.0050592857044194,-35.74310204842209,0.0443275712364759,0.2266829651566556,2021-02-23,0.96,bmo,5215957935.0,2025-04-25,2020-12-31,0.5104166666666666,56.51109375,1827107.65625
2020-09-30,CBRE,USD,1138118,2020-10-29,2020-10-29 17:13:32,2020,Q3,5645142000.0,4564579000.0,1080563000.0,0.1914146712,0,794227000.0,0.0,794227000.0,7947000.0,921952000.0,5486531000.0,0.0,17829000.0,127725000.0,286336000.0,0.0507225505,211408000.0,0.0374495451,22494000.0,233902000.0,0.0414342102,49062000.0,184132000.0,0.03261778,0.55,0.55,335287245,337665848,https://www.sec.gov/Archives/edgar/data/1138118/000156459020048948/0001564590-20-048948-index.htm,https://www.sec.gov/Archives/edgar/data/1138118/000156459020048948/cbre-10q_20200930.htm,16.836733529782798,0.5491768707157351,2.548796629588459,2.3805916028806884,4.419863928912656,19.667619625673503,4.521842159548896,19.54472201887668,12.866803209289992,15748441897.65,18562763897.65,21.38200027378457,2.789733526215993,18.428304343600765,19.730389682616245,2.403206346687123,2.403206346687123,3.288272269794099,64.82860659382683,21.721530598867982,23.25630482477681,0.0116920772986104,0.0506832361694845,0.6556055336286848,0.2628143406196925,9.828739662494412,1.2631715567842254,11.857535475910034,4.623344514174421,0.0,0.0,0.1406921207650755,0.0,0.310647971539375,0.0659938987501448,0.0099903598527725,0.4415502055196711,0.0039214248286402,15.540397637771417,0.0143765408938264,0.0163398524610675,-11.572381019146732,1619103000.0,1516116000.0,-1981399000.0,8573614000.0,5423266500.0,2312681500.0,140552500.0,88.55730998440784,47.48346999799981,8.864388150583,1.016291032505913,1.8953964401462475,10.152985008229903,0.0280984743699771,0.1682050267077711,2020-10-29,0.44,bmo,5488892532.0,2025-04-25,2020-09-30,0.6590909090909091,45.633125,1588955.203125
2020-06-30,CBRE,USD,1138118,2020-08-04,2020-08-04 13:48:36,2020,Q2,5381384000.0,4399537000.0,981847000.0,0.1824525066,0,770806000.0,0.0,770806000.0,5220000.0,887190000.0,5286727000.0,0.0,17950000.0,116384000.0,248635000.0,0.0462027984,94165000.0,0.0174982867,6750000.0,100915000.0,0.0187526109,18803000.0,81897000.0,0.0152185757,0.24,0.24,335126126,337361419,https://www.sec.gov/Archives/edgar/data/1138118/000156459020035965/0001564590-20-035965-index.htm,https://www.sec.gov/Archives/edgar/data/1138118/000156459020035965/cbre-10q_20200630.htm,16.057787150859138,0.244376650001916,0.4247475471369248,0.2101775854980641,3.62315231728606,18.75428536419151,3.755929193058496,18.63177328048724,12.8457785472685,15154403417.72,18227196417.72,46.26055721735839,2.8160791754909145,106.46323988169505,215.15139158555283,2.427036832149422,2.427036832149422,3.387083400426359,73.30905310081043,128.05033171556232,258.7767110244761,0.0054041718266677,0.0046478899933229,0.6865807366246668,0.2730505068210303,12.358650230257204,1.2082731595125942,5.245961002785515,1.733534684333593,0.0,0.0,0.1432356434701556,0.0,0.3201406663544031,0.5051705726971281,0.0133623618013507,0.6178512510310695,0.0038917497803539,10.12157757478128,0.0066694598015867,0.0076725163862004,-12.880153664892124,1177238000.0,1258710000.0,-2585750000.0,8091856000.0,5622773000.0,2272510500.0,111662500.0,88.50313971275791,45.3549134829415,-3.4464422051684074,1.0169130755372096,1.984349502371998,-26.11388633328387,0.0131161240705868,0.2145699616388607,2020-07-31,0.3,bmo,6457660800.0,2025-04-25,2020-06-30,0.1666666666666666,43.12539682539683,2498412.4444444445
2020-03-31,CBRE,USD,1138118,2020-05-07,2020-05-07 06:59:00,2020,Q1,5889168000.0,4712674000.0,1176494000.0,0.1997725315,0,790066000.0,0.0,790066000.0,-193000.0,903860000.0,5616534000.0,0.0,16016000.0,113794000.0,386428000.0,0.0656167391,220290000.0,0.0374059629,4422000.0,224712000.0,0.038156833,51182000.0,172195000.0,0.0292392745,0.51,0.51,334969826,339737911,https://www.sec.gov/Archives/edgar/data/1138118/000156459020022348/0001564590-20-022348-index.htm,https://www.sec.gov/Archives/edgar/data/1138118/000156459020022348/cbre-10q_20200331.htm,17.58118953675547,0.5140612277118954,-0.4068456004750708,-0.592656366606585,1.8761421215294776,18.41821716801441,3.4510660670671878,18.298194417069677,12.732964789491218,12631712138.46,16252404138.46,18.339255115508585,2.1449060611719686,-92.68872504941996,-63.628777356968,2.060859073877902,2.060859073877902,2.759711412284384,42.058039630823856,-119.25656649466912,-81.86701795498736,0.0136319604272579,-0.0157161592841841,0.6932460787395974,0.2709867002239248,9.369641951411388,1.197539463839803,13.75437062937063,-0.7853454734051749,0.0,0.0,0.1341557924650816,0.0,0.3197359432213641,-0.4567107667246351,0.0105687254973877,0.5469620542383605,-0.0002103862549005,14.547983587300688,0.0153247660528702,0.0161432005339973,-12.60148727545388,1198161000.0,1156003000.0,-2247130000.0,8010367000.0,5917661500.0,2361193500.0,118722500.0,90.9856468689635,44.456983445067486,7.482376247540143,0.9891670070732912,2.024428852920418,12.028264420622769,0.0280935493412589,0.1858107661315141,2020-05-07,0.7,bmo,5653601280.0,2025-04-25,2020-03-31,0.0714285714285715,55.25709677419355,1975496.016129032
2019-12-31,CBRE,USD,1138118,2020-03-02,2020-03-02 13:03:45,2019,Q4,7119407000.0,5533853000.0,1585554000.0,0.2227087172,0,956152000.0,76100000.0,956152000.0,2744000.0,1071514000.0,6605367000.0,0.0,18116000.0,115362000.0,672639000.0,0.0944796385,513841000.0,0.072174691,25320000.0,539161000.0,0.0757311669,-99972000.0,637618000.0,0.0895605491,1.9,1.87,334745003,340333005,https://www.sec.gov/Archives/edgar/data/1138118/000156459020008056/0001564590-20-008056-index.htm,https://www.sec.gov/Archives/edgar/data/1138118/000156459020008056/cbre-10k_20191231.htm,21.26815019252132,1.904787209026687,3.2385218308994443,2.8414106005340427,2.9030485632073795,18.73997204970973,3.405795425719917,18.6192264085866,11.919386291779835,20516521233.87,23516579233.87,8.044205634827593,2.8817738940715145,18.92530086264009,21.57027216991467,3.291758672193545,3.291758672193545,3.3031654509806785,34.96166477690113,21.69268036173563,24.724416425067396,0.0310782706644915,0.0463601011671405,0.6372588863273067,0.245217690765735,4.460130917178457,1.1685905452826242,28.363932435416206,1.6961712194488472,0.0,0.0,0.1343021967981322,0.0,0.3169091119228291,0.1226211373894338,0.0186716393654696,1.1522945163918794,0.0040424715148326,28.24849459464296,0.0547592892096587,0.0576291533100985,-13.796281374213672,1055510000.0,1140073000.0,-2607784000.0,8022721000.0,5657281500.0,2221837499.5,314918500.0,74.35300580511831,38.942769170052046,-2.510357611595393,1.2104419858410698,2.3110837240925397,-35.85146577694276,0.1023021669766183,0.3971112303654014,2020-02-27,1.34,bmo,7281211704.0,2025-04-25,2019-12-31,-0.0149253731343283,55.3853125,1471281.328125
2019-09-30,CBRE,USD,1138118,2019-11-06,2019-11-06 06:58:01,2019,Q3,5925101000.0,4687336000.0,1237765000.0,0.2089019242,0,809584000.0,0.0,809584000.0,941000.0,921144000.0,5608480000.0,0.0,21846000.0,111560000.0,428181000.0,0.0722656036,316630000.0,0.0534387515,4891000.0,321521000.0,0.0542642227,63468000.0,256599000.0,0.0433071099,0.76,0.75,336203747,341100182,https://www.sec.gov/Archives/edgar/data/1138118/000156459019040653/0001564590-19-040653-index.htm,https://www.sec.gov/Archives/edgar/data/1138118/000156459019040653/cbre-10q_20190930.htm,17.623542428871264,0.7632246882721387,1.3567159916275413,1.1785234505432207,1.71758942353489,16.534556945315664,1.802627143236449,16.394311631511947,13.026047565139123,17822160628.47,21602260628.47,17.36382510110133,3.007908325692676,39.07228950431124,44.98001289288383,3.233438596964819,3.233438596964819,3.645889011591533,50.45123587564605,47.359565364641455,54.5203234243004,0.0143977492599912,0.022232096784441,0.7905833072832993,0.289713237375691,8.828275892671558,1.1710136248189689,14.49372882907626,1.76759425389358,0.0,0.0,0.1366363206298086,0.0,0.3292965294327974,0.1313410781504517,0.010111051271531,0.5370114736464683,0.005633321693588,16.778922079470203,0.0239450030850905,0.025436032391714,-13.199519754311364,1030865000.0,606050000.0,-2423127000.0,7746136000.0,5588423000.0,2047767999.5,312001500.0,82.5237173172238,39.34584376072038,15.05701319470164,1.0905955636249047,2.287408056295098,5.977281074022688,0.0465542381666775,0.1781925410843205,2019-11-06,0.78,bmo,5850099721.0,2025-04-25,2019-09-30,0.0128205128205128,52.5875,1439142.703125
2019-06-30,CBRE,USD,1138118,2019-08-09,2019-08-09 06:07:55,2019,Q2,5714073000.0,4445790000.0,1268283000.0,0.2219577874,0,877397000.0,0.0,877397000.0,4369000.0,983876000.0,5429666000.0,0.0,24600000.0,106479000.0,423586000.0,0.0741303095,284417000.0,0.0497748279,1542000.0,285959000.0,0.0500446879,62521000.0,223731000.0,0.0391543825,0.67,0.66,336222471,340508931,https://www.sec.gov/Archives/edgar/data/1138118/000156459019031004/0001564590-19-031004-index.htm,https://www.sec.gov/Archives/edgar/data/1138118/000156459019031004/cbre-10q_20190630.htm,16.99491703515557,0.6654254825222553,0.2529783323137852,0.0953178409065942,1.5930464088463618,16.032628586564638,1.1761855143822315,15.902081095585071,13.5134810784256,17591159682.72,21574477682.72,19.656596183273663,3.0785675441528317,206.81613133216547,548.9003895007489,3.290135403379732,3.290135403379732,3.775674143946008,50.932933767216106,253.6472916129184,673.1926386270594,0.0127183769595232,0.0018218241763492,0.8451922208296543,0.3070109758487846,9.403799936730676,1.0470756797103562,11.561666666666667,0.3806738334571559,0.0,0.0,0.1535501909058564,0.0,0.3393589365135926,0.6232173718800333,0.0092769203333594,0.49783525389983,0.006354311539247,15.4300720895302,0.0205947317485871,0.0230079704321186,-13.57769153983762,268863000.0,395460000.0,-3348449000.0,6959639000.0,5723702500.0,1925093000.0,-217421500.0,90.47045426265991,41.425944545288914,-3.242845478531375,0.9947999126732128,2.1725515492255703,-27.75340379177097,0.0418451823080564,0.1576604914071909,2019-08-01,0.77,bmo,5431896555.0,2025-04-25,2019-06-30,0.0519480519480519,49.69809523809524,1480559.380952381
2019-03-31,CBRE,USD,1138118,2019-05-10,2019-05-10 14:13:14,2019,Q1,5135510000.0,4022034000.0,1113476000.0,0.2168189722,0,792876000.0,0.0,792876000.0,20853000.0,898699000.0,4920733000.0,1534000.0,22726000.0,105823000.0,329100000.0,0.0640832167,144987000.0,0.0282322496,69717000.0,214704000.0,0.041807727,43878000.0,164409000.0,0.0320141524,0.49,0.48,336020431,340158399,https://www.sec.gov/Archives/edgar/data/1138118/000156459019018435/0001564590-19-018435-index.htm,https://www.sec.gov/Archives/edgar/data/1138118/000156459019018435/cbre-10q_20190331.htm,15.283326626052688,0.4892827484052599,-1.1960254881049182,-1.33787698165294,1.8003429083155955,15.487796335812687,0.6002254071271041,15.146040331101176,14.39602938905819,16918628700.85,21128310700.85,25.726433316986903,3.294439831847275,-42.097765056645,-37.63425239426187,3.324301196835606,3.324301196835606,4.114160171209869,64.20027560270434,-52.572503106205936,-46.99838217622354,0.0097176315472742,-0.0265715388610315,0.9460160070609792,0.3276819831582478,12.79149802491644,1.1004983182806145,6.379785267975007,-2.3526219662112324,0.0,0.0,0.154390897885507,0.0,0.3404699704784752,-0.1186024001652197,0.0092814540328029,0.4504219309601882,0.0056997260252633,12.912810128504452,0.0101923813880989,0.0169660326423458,-14.116908712613371,551339000.0,201688000.0,-3451401000.0,7222998000.0,5546613000.0,1840984000.0,-216770000.0,99.9533970335955,40.36407698194496,-6.145860527285448,0.9004196222540586,2.2297053897765933,-14.644003000138357,0.0323043341830113,0.1418514935480218,2019-05-08,0.59,bmo,4030400253.0,2025-04-25,2019-03-31,0.3389830508474578,46.951147540983605,1702755.9672131147
2018-12-31,CBRE,USD,1138118,2019-03-01,2019-03-01 09:12:05,2018,Q4,6293748000.0,4771599000.0,1522149000.0,0.2418509607,0,948171000.0,74800000.0,948171000.0,-2224000.0,1065111000.0,5836710000.0,2244000.0,24876000.0,116940000.0,599434000.0,0.0952427711,459347000.0,0.0729846508,36768000.0,496115000.0,0.0788266388,101612000.0,393795000.0,0.0625692354,1.16,1.15,339823278,342683720,https://www.sec.gov/Archives/edgar/data/1138118/000156459019005666/0001564590-19-005666-index.htm,https://www.sec.gov/Archives/edgar/data/1138118/000156459019005666/cbg-10k_20181231.htm,18.520650018566418,1.158822910301042,1.850779627874698,1.6273988152159489,2.28712701664893,14.742668687929024,-0.2463486330091842,14.533427577612857,9.193140088537431,13606524051.12,15928472051.12,8.638075680950747,2.161911161857767,21.63412617955983,24.603680195433142,2.755028006034668,2.755028006034668,2.5308404548640966,26.57252016255334,25.32598133857391,28.80228858415849,0.0289416311263996,0.0406443260543443,0.6275145546577435,0.2303050214118624,3.8735673985793264,1.0128906868240144,18.465468724875382,1.5942540360909805,0.0,0.0,0.1506528383405246,0.0,0.3785164117483267,0.1206955216571426,0.012061175630165,0.6491363092184026,0.0049471316614519,19.46631832032246,0.0406323144161636,0.0470867766025729,-10.908001275886695,74769000.0,-83715000.0,-2571888000.0,5890078000.0,5306575000.0,1752955000.0,-175032000.0,77.07310016225627,35.42448349075436,-2.9968444540289325,1.167722588173172,2.5406157304591224,-30.031588686227863,0.0797350042935556,0.223380812658749,2019-02-13,1.13,bmo,5877632429.0,2025-04-25,2018-12-31,0.0707964601769912,41.355873015873016,2167284.095238095
2018-09-30,CBRE,USD,1138118,2018-11-09,2018-11-09 08:09:47,2018,Q3,5260954000.0,4098904000.0,1162050000.0,0.2208819921,0,859085000.0,0.0,859085000.0,95515000.0,972569000.0,5071473000.0,1231000.0,26651000.0,113484000.0,330701000.0,0.0628595118,189717000.0,0.0360613303,196935000.0,386652000.0,0.0734946552,94963000.0,290469000.0,0.0552122296,0.86,0.85,339477316,343733947,https://www.sec.gov/Archives/edgar/data/1138118/000156459018028760/0001564590-18-028760-index.htm,https://www.sec.gov/Archives/edgar/data/1138118/000156459018028760/cbg-10q_20180930.htm,15.497218082164878,0.8556359624334958,1.750847470468395,1.6200257692622972,1.6215162959518628,14.05805564929116,-0.8076415921704766,13.882977677365636,10.343542364992658,15086371923.04,18020650923.04,12.984493976155804,2.8676114489957523,25.381994005515057,27.43166241129387,3.201042386782308,3.201042386782308,3.42535800979062,54.49227829078231,30.318757620282216,32.76708376767849,0.0192537345282064,0.0364542252309247,0.7393973124298211,0.2685301572398674,8.872906341377861,1.0282620033613188,7.118569659675059,2.0376942565540697,0.0,0.0,0.163294527950634,0.0,0.3888820135382931,0.0747190737129714,0.008441624845988,0.3913415106975432,0.0067212144413351,16.348468941902432,0.0155228409812522,0.0366265941992162,-11.288841903062533,154926000.0,-274176000.0,-2568022000.0,5903921000.0,5096628500.0,1610156500.0,-192290500.0,89.35733519053768,35.74137623130476,-4.19771236408562,1.0071920767119114,2.518089941964009,-21.440249401081715,0.061632020328643,0.1308217012060976,2018-11-01,0.75,bmo,4994576582.0,2025-04-25,2018-09-30,0.0533333333333333,47.69253968253968,1550812.5555555555
2018-06-30,CBRE,USD,1138118,2018-08-09,2018-08-09 13:53:11,2018,Q2,5111434000.0,3958748000.0,1152686000.0,0.2255112753,0,826282000.0,0.0,826282000.0,4009000.0,939681000.0,4898429000.0,1489000.0,26885000.0,113399000.0,326404000.0,0.063857618,225316000.0,0.0440807805,74634000.0,299950000.0,0.0586821624,70319000.0,228667000.0,0.0447363695,0.67,0.67,339081556,343471513,https://www.sec.gov/Archives/edgar/data/1138118/000156459018020899/0001564590-18-020899-index.htm,https://www.sec.gov/Archives/edgar/data/1138118/000156459018020899/cbg-10q_20180630.htm,15.07434984166464,0.6743716841974148,0.4656578843822458,0.286473853505615,1.5674134750048156,13.320898527432734,-0.9985267379155238,13.134235469887958,11.38617813821758,16187753483.44,19490230483.44,17.697955414904644,3.166969089973577,102.52161855550489,166.64697114867508,3.634775705784362,3.634775705784362,3.813065077909644,59.71198417739979,123.43713889800884,200.64475780271368,0.0141259255173316,0.0060007091224469,0.8608716094950194,0.3058490807315601,10.11775897354199,1.0067920737638654,8.380732750604427,0.6876075094390566,0.0,0.0,0.1616536572711298,0.0,0.3873375338449966,0.3847975882859604,0.0118866838542765,0.5357895572271361,0.006281016247104,14.11702947243717,0.0186947194555818,0.0297743334508679,-11.373086892405318,36539000.0,-338582000.0,-2602394000.0,5597461000.0,4757311500.0,1527882000.0,-189216000.0,87.5074000759865,36.205310365802525,-4.396912862349409,1.028484447279305,2.4858231870043266,-20.46890689389513,0.0513445708921166,0.1791840308766307,2018-08-02,0.71,bmo,4904181081.0,2025-04-25,2018-06-30,0.0422535211267606,47.28921875,1843835.0625
2018-03-31,CBRE,USD,1138118,2018-05-10,2018-05-10 12:09:12,2018,Q1,4673952000.0,3619961000.0,1053991000.0,0.2255031716,0,732235000.0,0.0,732235000.0,-4280000.0,840400000.0,4460361000.0,3621000.0,28858000.0,108165000.0,321756000.0,0.0688402448,213609000.0,0.0457020098,-17320000.0,196289000.0,0.0419963662,46164000.0,150288000.0,0.0321543739,0.44,0.44,338890098,342589810,https://www.sec.gov/Archives/edgar/data/1138118/000156459018012793/0001564590-18-012793-index.htm,https://www.sec.gov/Archives/edgar/data/1138118/000156459018012793/cbg-10q_20180331.htm,13.791940300362509,0.4434712046381479,-0.7375783520237289,-0.8754519584694387,1.896939461476977,13.038663643692534,-0.7626661313662815,12.858537401113445,10.027197666896718,16002390427.56,18728796427.56,26.61954119350846,3.423738717804547,-64.02031712351675,-53.93785409145145,3.672268355801581,3.672268355801581,4.007057930325343,58.2080720408011,-74.92777357620079,-63.12751170465346,0.0093915968792492,-0.0185398551137111,0.7731861646844352,0.2829541391005725,8.473520307313617,1.1357996254698646,7.402072215676762,-1.6649991673605329,0.0,0.0,0.1566629267908613,0.0,0.3927908277865221,-0.186927403803839,0.0099966794695367,0.4319696759580271,0.0063265519200881,11.327126692194287,0.0179294274294064,0.020785836509316,-10.415954230683957,598413000.0,-258460000.0,-2483767000.0,5909213000.0,3876019000.0,1506853000.0,-169702500.0,87.51218882864009,36.37913778629107,-4.600218068647701,1.028428167603388,2.473945383991897,-19.56428992212032,0.0344884640301117,0.1378736064457097,2018-05-02,0.49,bmo,4241222222.0,2025-04-25,2018-03-31,0.1020408163265307,45.54934426229509,2272684.62295082
2017-12-31,CBRE,USD,1138118,2018-03-01,2018-03-01 10:29:41,2017,Q4,4336212000.0,2974208000.0,1362004000.0,0.3140999564,0,835151000.0,63100000.0,835151000.0,336000.0,944251000.0,3918459000.0,2886000.0,32891000.0,109100000.0,514322000.0,0.1186108982,418718000.0,0.0965630832,34833000.0,441020000.0,0.1017062819,270334000.0,168400000.0,0.0388357396,0.5,0.49,338777028,341728078,https://www.sec.gov/Archives/edgar/data/1138118/000156459018003991/0001564590-18-003991-index.htm,https://www.sec.gov/Archives/edgar/data/1138118/000156459018003991/cbg-10k_20171231.htm,12.799604582398072,0.4970821103017646,1.3673801991084236,1.1417568726058958,2.219081985688829,12.04198532611249,-1.6952271037692674,11.864529374169964,8.687968063761396,14672433082.68,16831052082.68,21.78211562155582,3.383698279207751,31.67370715784793,37.93276926036903,3.6503765664982346,3.6503765664982346,3.881510424923874,32.72473680433659,36.33356593424101,43.51346579424562,0.0114773057100384,0.0263624306766542,0.724081026414193,0.2534340024190535,4.197018599243275,1.076741932969958,12.73047338177617,2.713971854750829,0.0,0.0,0.1925992087102752,0.0,0.4052526030078815,0.1650040907785863,0.0176273669276317,0.7006049495875344,0.0055606137338303,11.519419222713347,0.0208082405495349,0.0246560091408786,-12.76424282817665,353521000.0,-574304000.0,-2444140000.0,5625112000.0,3025205500.0,1517766000.0,-135723000.0,66.56862026118648,46.91752560681701,-4.671441943535893,1.3519883639901038,1.918259729940302,-19.265999896356945,0.0418964878104606,0.2256233265025277,2018-02-08,0.93,bmo,5166384848.0,2025-04-25,2017-12-31,0.064516129032258,41.45222222222223,1824412.6984126985
2017-09-30,CBRE,USD,1138118,2017-11-09,2017-11-09 12:10:25,2017,Q3,3549977000.0,2513377000.0,1036600000.0,0.2920018918,0,704898000.0,0.0,704898000.0,1768000.0,807489000.0,3320866000.0,3129000.0,34483000.0,102591000.0,335367000.0,0.0944701895,235291000.0,0.0662795843,34583000.0,273539000.0,0.0770537387,76178000.0,199088000.0,0.0560814901,0.59,0.58,337948324,341186431,https://www.sec.gov/Archives/edgar/data/1138118/000156459017023069/0001564590-17-023069-index.htm,https://www.sec.gov/Archives/edgar/data/1138118/000156459017023069/cbg-10q_20170930.htm,10.504496539536026,0.5891078187445014,1.2960709342059054,1.172552049703315,2.8276660428119182,11.39770706482332,-2.024188171443632,11.230918251276783,11.843023668908623,12801482513.12,15813724513.12,16.07515585208551,3.606074775447841,29.226795386171396,32.30560213474924,3.372831958392505,3.372831958392505,4.454599146169116,47.15349009628258,36.10398171966074,39.90724448248886,0.0155519487524947,0.0309543835718932,1.045416509681278,0.3405288562131834,8.981927261775905,1.168539846740012,6.8233912362613465,2.2193087793434367,0.0,0.0,0.1985641033730641,0.0,0.3892809431914517,0.0953025650392118,0.0117586677322134,0.4068875437416537,0.0058287701582291,12.20102411496339,0.0199325888145187,0.027977094779491,-14.116843201151664,767084000.0,-684071000.0,-2481743000.0,5877257000.0,2748236000.0,1443980500.0,-120870000.0,72.07971769957946,53.17761720585491,-4.192088970337518,1.2486175428032384,1.6924413828397509,-21.46900999402067,0.0524541097676967,0.1235188845025904,2017-11-03,0.54,bmo,3913818750.0,2025-04-25,2017-09-30,0.1851851851851851,36.78952380952381,1639750.7936507936
2017-06-30,CBRE,USD,1138118,2017-08-09,2017-08-08 18:23:40,2017,Q2,3342215000.0,2318562000.0,1023653000.0,0.3062798174,0,712374000.0,0.0,712374000.0,3186000.0,812760000.0,3131322000.0,1427000.0,35430000.0,100386000.0,317416000.0,0.0949717478,222191000.0,0.0664801636,44567000.0,266758000.0,0.0798147336,68362000.0,201777000.0,0.0603722382,0.6,0.59,336975149,340882603,https://www.sec.gov/Archives/edgar/data/1138118/000156459017016641/0001564590-17-016641-index.htm,https://www.sec.gov/Archives/edgar/data/1138118/000156459017016641/cbg-10q_20170630.htm,9.91828332124278,0.5987889629214171,0.4489737609701302,0.34176110713731,1.5896750890671765,10.63290871933111,-2.705573401200573,10.50431466683616,10.8044495589792,12265895423.6,15335615423.6,15.19734090555415,3.6699899388878334,81.07378017224855,106.50714560500153,3.465242726869251,3.465242726869251,4.588458678929992,48.31393320941604,101.36368122517236,133.16211890418097,0.0164502462341048,0.0093890414048711,1.018563191779626,0.3399327639692113,9.670968067142171,1.1411743918338348,6.271267287609371,0.7625808988084437,0.0,0.0,0.213144277073737,0.0,0.423783199628746,0.2387949211133363,0.010809597826591,0.3598908214292829,0.0098353935937694,11.896302909937557,0.0210143241814105,0.0330160561736181,-13.53166995706262,536113000.0,-911711000.0,-2689556000.0,5587330000.0,2946516000.0,1350692500.0,-133367500.0,71.44996357206223,54.45663734676925,-4.839335760699951,1.25962275556976,1.652691102223179,-18.597593647228685,0.0570040961179401,0.1072126538328201,2017-07-27,0.53,bmo,3619981538.0,2025-04-25,2017-06-30,0.2264150943396226,34.77984126984127,2114969.8412698414
2017-03-31,CBRE,USD,1138118,2017-05-10,2017-05-10 11:37:34,2017,Q1,2981204000.0,2087079000.0,894125000.0,0.2999207703,0,606231000.0,0.0,606231000.0,4115000.0,700268000.0,2787347000.0,2411000.0,34010000.0,94037000.0,297863000.0,0.099913659,195242000.0,0.0654909895,-12466000.0,182776000.0,0.0613094575,51273000.0,137020000.0,0.0459612962,0.41,0.4,336907836,339690579,https://www.sec.gov/Archives/edgar/data/1138118/000156459017010115/0001564590-17-010115-index.htm,https://www.sec.gov/Archives/edgar/data/1138118/000156459017010115/cbg-10q_20170331.htm,8.848722651853071,0.406698762566033,-1.0152034576007902,-1.0856529914608457,1.5828690906435314,9.671009848521305,-3.4567554552218844,9.53360134965813,10.01683142804669,11721023614.44,14528481614.44,21.385607236972703,3.9316409123427984,-34.26899282062977,-32.0452301735814,3.649198107202956,3.649198107202956,4.8733604323756445,48.77571774419784,-42.47721432166769,-39.72080875545774,0.0116901052764022,-0.0312058922523956,1.040098445023187,0.3365267763675881,9.425333122945784,1.087362430437827,5.740723316671567,-2.6009292563667747,0.0,0.0,0.203351062188297,0.0,0.4455320943291462,-0.0693944975586936,0.007961548421376,0.2524006508076608,0.0051693879385644,9.340200057457873,0.019387638591158,0.0248934235542801,-11.210365555284977,303423000.0,-1164608000.0,-2892298000.0,5277903000.0,2922644000.0,1357811000.0,-126442500.0,97.80335059257938,55.99383636172852,-6.126193594013451,0.9202138725790092,1.6073197667433714,-14.69101467638053,0.0426595100476502,0.0704495338600554,2017-04-27,0.33,bmo,3108906976.0,2025-04-25,2017-03-31,0.3030303030303029,33.44258064516129,2260691.935483871
2016-12-31,CBRE,USD,1138118,2017-03-01,2017-03-01 12:54:02,2016,Q4,3823831000.0,2603098000.0,1220733000.0,0.3192434498,0,770972000.0,6482000.0,777454000.0,-3765000.0,874394000.0,3477492000.0,2506000.0,35801000.0,96940000.0,575504000.0,0.1505045594,352821000.0,0.0922689836,43389000.0,396210000.0,0.1036159809,131084000.0,263975000.0,0.0690341702,0.78,0.78,336843925,338839469,https://www.sec.gov/Archives/edgar/data/1138118/000119312517064772/0001193125-17-064772-index.htm,https://www.sec.gov/Archives/edgar/data/1138118/000119312517064772/d291832d10k.htm,11.351936954184346,0.7836715475869128,1.4947694247417405,1.326002836476864,2.2638852697135623,9.076147061283647,-3.963812023624888,8.949209934541642,11.395802967205064,10607215198.25,13647445198.25,10.045662655791268,2.77397594147074,21.066794302031365,23.74806383044222,3.5187463731805777,3.5187463731805777,3.5690503053743745,23.71390155107523,27.10493898409943,30.55471145187796,0.0248863622606196,0.0421086959821169,1.2615101674016176,0.3527784506029776,5.282726097472824,1.0414679182092552,9.855059914527526,1.899112120274888,0.0,0.0,0.2016229273730978,0.0,0.4074767428473836,0.1129047634179668,0.0148667658167947,0.5864245925314627,0.0052664461373946,12.561764485109348,0.0314417722296565,0.0413290359590403,-15.024686878351748,187659000.0,-1335186000.0,-3009281000.0,5140846000.0,2502381500.0,1391333000.0,-126573500.0,61.32702517449123,48.99639583296518,-3.8315115297234295,1.467542241677739,1.836869803787634,-23.489424291644102,0.0875687969462134,0.1687665882648766,2017-02-10,0.8,bmo,6986150537.0,2025-04-25,2016-12-31,0.1625,28.94650793650794,2619447.619047619
2016-09-30,CBRE,USD,1138118,2016-11-09,2016-11-09 12:24:49,2016,Q3,3193487000.0,2252783000.0,940704000.0,0.2945695411,0,686530000.0,193000.0,686723000.0,1356000.0,779448000.0,3032231000.0,1020000.0,37273000.0,92725000.0,321374000.0,0.100634197,172492000.0,0.0540136847,-10225000.0,162267000.0,0.0508118555,51414000.0,104163000.0,0.0326173239,0.31,0.31,335770122,338488975,https://www.sec.gov/Archives/edgar/data/1138118/000119312516764008/0001193125-16-764008-index.htm,https://www.sec.gov/Archives/edgar/data/1138118/000119312516764008/d271606d10q.htm,9.510932601680384,0.3102211697084829,0.4670695506373852,0.3023765169909906,1.3293201829315833,8.879595904009589,-4.403048106823513,8.741173820105411,13.10213360794502,9394848013.56,13310534013.56,22.54842893724259,2.941877644580986,59.90542513811309,92.5336407682534,3.2009430970979804,3.2009430970979804,4.168025112849997,41.417582049450175,84.87345380646313,131.10080876951412,0.011087246951697,0.0108068805214792,1.486199265764346,0.4047624659336702,12.18420282910254,1.0081460544324952,4.627800284388163,1.4147384373900571,0.0,0.0,0.2149781727622501,0.0,0.4138452430552011,0.3526092279439896,0.0173161813403342,0.596376381774063,0.0046319274197765,7.811093794066939,0.0147259441807669,0.0164896930513681,-16.739767423380215,36835000.0,-1478412000.0,-3236611000.0,5047529000.0,2386159000.0,1373665000.0,-151315000.0,67.61401878260347,54.55364320487149,-5.686046991654322,1.3310849084325729,1.649752330234166,-15.82821952264855,0.0354896465958552,0.1646930336463945,2016-10-27,0.5,bmo,3193500000.0,2025-04-25,2016-09-30,0.0,28.53625,2726462.5
2016-06-30,CBRE,USD,1138118,2016-08-09,2016-08-09 11:20:23,2016,Q2,3207537000.0,2254233000.0,953304000.0,0.2972074835,0,680442000.0,8532000.0,688974000.0,3882000.0,779242000.0,3033475000.0,3066000.0,36987000.0,90268000.0,300062000.0,0.0935490378,182594000.0,0.0569265452,4890000.0,187484000.0,0.0584510794,64039000.0,121668000.0,0.0379319085,0.36,0.36,335076746,338080641,https://www.sec.gov/Archives/edgar/data/1138118/000119312516676274/0001193125-16-676274-index.htm,https://www.sec.gov/Archives/edgar/data/1138118/000119312516676274/d222328d10q.htm,9.572544314967177,0.3631048750843486,0.3540174047171868,0.2179590224383998,1.2885645009815154,8.665984836799149,-4.636233395915812,8.520788249507472,11.041712217176658,8872832234.08,12103898234.08,18.23164725745471,2.7662447024243213,74.79858234979726,121.49072657675298,3.1076937044563486,3.1076937044563486,3.773580237446988,40.33799092880805,102.0366896308473,165.73190522202293,0.0137124197539406,0.0082310809077945,1.2829010920039032,0.3691415894991742,10.767994614446348,1.0062301237781706,4.93670749182145,0.9609380695856454,0.0,0.0,0.2121384726037455,0.0,0.4492045006073022,0.384326816890485,0.0142133980060089,0.5050516240528204,0.0049757804820334,8.343479156895276,0.0166568224094569,0.0222618743536503,-14.585666741552991,23052000.0,-1553494000.0,-3295663000.0,5013891000.0,2358991000.0,1366432000.0,-154827500.0,66.58820459436633,55.168290056972815,-6.400079317444115,1.3515907291426568,1.6313719331713226,-14.062325720666488,0.0426140005421842,0.1360583822787869,2016-07-28,0.51,bmo,3145817307.0,2025-04-25,2016-06-30,0.0196078431372549,29.24515625,2645770.3125
2016-03-31,CBRE,USD,1138118,2016-05-10,2016-05-10 12:01:18,2016,Q1,2846734000.0,2013613000.0,833121000.0,0.2926585343,0,643366000.0,-7528000.0,635838000.0,3215000.0,722832000.0,2736445000.0,1459000.0,34790000.0,86994000.0,197555000.0,0.0693970705,107580000.0,0.0377906752,27185000.0,134765000.0,0.0473402151,50125000.0,82167000.0,0.028863603,0.25,0.24,333992935,337506232,https://www.sec.gov/Archives/edgar/data/1138118/000119312516585170/0001193125-16-585170-index.htm,https://www.sec.gov/Archives/edgar/data/1138118/000119312516585170/d132908d10q.htm,8.523335980145808,0.2460141858988724,-0.9839729094868428,-1.0841786219220475,1.4647884692530997,8.583109699610862,-5.0405377586804345,8.436091619722434,11.090923225666437,9625676386.7,12805947386.7,29.286929018644955,3.3813051682032818,-29.289424253590557,-26.58233562003601,3.416273945226337,3.416273945226337,4.49846996126087,64.82218818405002,-38.96649034414557,-35.36499438482442,0.0085362312942009,-0.0376189667564901,1.3023518284210471,0.3731011318095786,16.098154944192757,0.9905895017479218,3.092267893072722,-3.8827977315689983,0.0,0.0,0.2260014458674396,0.0,0.4626476403221715,-0.1018378773125608,0.0117566305808691,0.3847161873232637,0.0044240171368311,6.833480794578417,0.0094193070777514,0.0155474061828219,-14.357385284212674,-34408000.0,-1683504000.0,-3346503000.0,5044144000.0,2408282500.0,1417590500.0,-148772000.0,74.13205800050163,60.38676746723427,-6.675403863602391,1.214049662554775,1.4903927428941084,-13.482330333708289,0.0291621045608045,0.1002057124352046,2016-04-28,0.35,bmo,2767625000.0,2025-04-25,2016-03-31,0.0285714285714286,27.511803278688525,3644101.6393442624
2015-12-31,CBRE,USD,1138118,2016-02-29,2016-02-29 13:32:36,2015,Q4,3700242000.0,2530521000.0,1169721000.0,0.3161201348,0,864771000.0,62700000.0,864771000.0,1118000.0,963369000.0,3493890000.0,1454000.0,35813000.0,98598000.0,345389000.0,0.0933422733,206983000.0,0.0559376927,90222000.0,297205000.0,0.0803204223,114610000.0,180043000.0,0.0486570878,0.54,0.53,333783269,337223824,https://www.sec.gov/Archives/edgar/data/1138118/000119312516484680/0001193125-16-484680-index.htm,https://www.sec.gov/Archives/edgar/data/1138118/000119312516484680/d215062d10k.htm,11.085762360365642,0.539400912871999,1.526400653712814,1.3641995938388392,1.6190236305702908,8.266052424574942,-5.32500027735063,8.126986137223073,13.380386061231848,11542225442.02,15432158442.02,16.027039987697382,3.1193163695833945,22.65460245702049,25.348196961921342,4.254959885020268,4.254959885020268,4.170580854446817,44.68051513516643,30.289601976144628,33.89098520912622,0.0155986383132446,0.0394505377049982,1.6332120743832972,0.4021019168460029,11.262469273775366,0.9782852354561644,5.779549325663865,2.7902571264273397,0.0,0.0,0.2337066062165664,0.0,0.4117343863550574,0.1062637515775672,0.0146314754548486,0.549098358993083,0.0071860164821652,9.931431627898096,0.0162843869039278,0.0277780820637024,-17.792266873628108,-107699000.0,-1777396000.0,-3406859000.0,4958590000.0,2373382500.0,1402222000.0,-52298000.0,60.11947326688362,52.78387731222148,-5.270566812130783,1.4970191039510627,1.7050661031898386,-17.075962265169508,0.066371580283796,0.1622010598739746,2016-02-03,0.78,bmo,3563155555.0,2025-04-25,2015-12-31,0.0384615384615384,35.24515625,2080804.6875
2015-09-30,CBRE,USD,1138118,2015-11-09,2015-11-09 13:28:09,2015,Q3,2712559000.0,1773660000.0,938899000.0,0.3461303515,0,626905000.0,0.0,626905000.0,-4945000.0,701952000.0,2475612000.0,1158000.0,30699000.0,75047000.0,311994000.0,0.1150183277,240101000.0,0.0885145724,-17244000.0,222857000.0,0.0821574757,72866000.0,149123000.0,0.0549750254,0.45,0.44,332684487,336561877,https://www.sec.gov/Archives/edgar/data/1138118/000119312515371619/0001193125-15-371619-index.htm,https://www.sec.gov/Archives/edgar/data/1138118/000119312515371619/d64274d10q.htm,8.153548199558822,0.4482415195993193,0.5548831015977009,0.4498706908446861,1.5156763230742407,7.78372632686056,-5.815239590657559,7.651931783642199,11.25852014855144,10645903584.0,13920382584.0,17.847521146972632,3.9246717155276634,57.66980451893543,71.13155102395349,4.181950506721389,4.181950506721389,5.131826656673643,44.61746887440143,75.40794786593789,93.01027350415929,0.0140075474874787,0.0140584590888964,1.4592711806948166,0.3887656318939614,10.495326833208331,0.9605691297236276,7.82113423890029,1.2307471781640231,0.0,0.0,0.2311120237384698,0.0,0.4734636643495282,0.1892514125058911,0.012879351195679,0.4655216064599518,0.0069996634174593,8.784819544978,0.0231437219509561,0.0296390653785433,-14.22858724999702,-140062000.0,-1934640000.0,-3553911000.0,4887769000.0,1939822500.0,1042424500.0,40290000.0,75.48305861734252,66.99663407868476,2.2121714421027705,1.1923205239502863,1.3433510688656205,40.6840077071291,0.0585788703131856,0.1050124107530147,2015-10-27,0.46,bmo,2446658823.0,2025-04-25,2015-09-30,0.108695652173913,35.47671875,2105328.125
2015-06-30,CBRE,USD,1138118,2015-08-10,2015-08-10 14:56:50,2015,Q2,2390506000.0,1487974000.0,902532000.0,0.377548519,0,610158000.0,0.0,610158000.0,-1069000.0,680763000.0,2168737000.0,1402000.0,26154000.0,70605000.0,292374000.0,0.1223063234,228755000.0,0.0956931294,-19128000.0,209627000.0,0.0876914762,76474000.0,125029000.0,0.0523023159,0.38,0.37,331999935,336154524,https://www.sec.gov/Archives/edgar/data/1138118/000119312515284650/0001193125-15-284650-index.htm,https://www.sec.gov/Archives/edgar/data/1138118/000119312515284650/d97362d10q.htm,7.200320686809773,0.3765934472246207,0.4146356233473359,0.3189729540157892,1.2232050587600265,7.540748464303163,-1.856605785178844,7.408411088996147,7.591899076727229,12283997595.0,14441931595.0,24.56229673715698,5.138660013821341,89.23497624565049,115.99729548909812,4.994323284105657,4.994323284105657,6.041370151340344,49.39540313092135,104.91091461509964,136.37457950500004,0.010178201276341,0.0086208906490753,1.0141340515012245,0.3343524668513519,7.38073152879531,1.0839653888518284,8.746463256098494,1.0338407696409393,0.0,0.0,0.2552421955853698,0.0,0.4182054537248639,0.2307150277134077,0.0132858901002549,0.4498264995396926,0.0055180785992589,7.923009471494951,0.0258293750146574,0.0288062819070772,-10.026116420775804,216493000.0,-616393000.0,-2161878000.0,3820446000.0,1570860000.0,733324500.0,42253000.0,60.41223071600741,46.24217896280446,2.236974570792232,1.4897645548478768,1.946275067885377,40.23291152930997,0.0508332276247442,0.0956626693315467,2015-07-29,0.43,bmo,2507109756.0,2025-04-25,2015-06-30,-0.0465116279069767,37.96523809523809,1554763.492063492
2015-03-31,CBRE,USD,1138118,2015-05-11,2015-05-11 15:16:46,2015,Q1,2052503000.0,1290777000.0,761726000.0,0.3711205294,0,531775000.0,0.0,531775000.0,1087000.0,601621000.0,1892398000.0,2297000.0,26214000.0,69846000.0,229951000.0,0.1120344282,160105000.0,0.0780047581,-10064000.0,150041000.0,0.0731014766,56903000.0,92937000.0,0.0452798364,0.28,0.28,331976907,335698590,https://www.sec.gov/Archives/edgar/data/1138118/000119312515181733/0001193125-15-181733-index.htm,https://www.sec.gov/Archives/edgar/data/1138118/000119312515181733/d893183d10q.htm,6.182668001060688,0.2799501954513962,-0.5417545504151589,-0.5978668871687511,1.3374454386370918,6.943317295259938,-2.2622206068086537,6.805617958239487,8.961358267007409,12850826069.97,15420548069.97,34.56864884268376,6.261051053260337,-71.45302235179317,-64.74685390809057,5.687947845079113,5.687947845079113,7.5130453256195,67.06014790094412,-85.74116246855714,-77.69399162612481,0.0072319864492739,-0.0154447658788104,1.305156269087703,0.3866878407901742,11.175085126831368,1.0566666575791366,6.107614251926451,-1.9310056045867423,0.0,0.0,0.2590861012139812,0.0,0.4007556067278111,-0.1035752015568529,0.0090757480013427,0.2667010279758325,0.0077666147138396,6.547348069674868,0.0169393352663822,0.020337952667544,-11.145510190562742,166284000.0,-751005000.0,-2219931000.0,3702061000.0,1636664500.0,764827500.0,46563000.0,67.40014509113995,48.955977678561055,3.313492570753895,1.3353086981979052,1.8383863272209364,27.16167248853163,0.0411351617397893,0.0561123367535923,2015-04-29,0.26,bmo,1667656250.0,2025-04-25,2015-03-31,0.2307692307692307,34.480000000000004,1864891.8032786888
2014-12-31,CBRE,USD,1138118,2015-03-02,2015-03-02 15:07:51,2014,Q4,2787194000.0,1706343000.0,1080851000.0,0.3877918078,0,743337000.0,55600000.0,743337000.0,1131000.0,812781000.0,2519124000.0,1912000.0,27709000.0,69444000.0,339423000.0,0.1217794671,288627000.0,0.1035546862,9484000.0,298111000.0,0.1069573916,92441000.0,204277000.0,0.0732912743,0.62,0.61,331875303,335106838,https://www.sec.gov/Archives/edgar/data/1138118/000119312515073030/0001193125-15-073030-index.htm,https://www.sec.gov/Archives/edgar/data/1138118/000119312515073030/d837146d10k.htm,8.39831700281717,0.6155233551681307,1.787725674784544,1.5508174165041742,2.4236542843924727,6.934526248854378,-2.515351375814789,6.809274385807491,7.387747680640159,11366729127.75,13049947127.75,13.910926251792908,4.078198047121944,19.15842037908181,22.085127259665267,5.029904518370851,5.029904518370851,4.682109364382242,38.44744501035581,21.99545446964615,25.35555653777702,0.0179714848224271,0.0452793406278591,1.072692193660585,0.3154376825987224,4.959056987888269,1.088898094331007,10.416362914576492,2.8847279622696558,0.0,0.0,0.2666972589636746,0.0,0.4080973766162248,0.1325193577638369,0.0282090159493741,1.1321928460342146,0.0056067141361527,9.710999787086005,0.0369891181831379,0.0449088454445146,-9.805373345301325,249583000.0,-834783000.0,-2326385000.0,3883690000.0,1672428500.0,769314500.0,58536500.0,56.063772381829175,43.64755503436296,2.4053546092432763,1.6053147367081186,2.06197116720844,37.41652048065959,0.0903948527101596,0.2369082582803698,2015-02-04,0.7,bmo,2869176470.0,2025-04-25,2014-12-31,-0.0285714285714284,31.99296875,1717164.0625
2014-09-30,CBRE,USD,1138118,2014-11-10,2014-11-10 15:23:43,2014,Q3,2275076000.0,1428986000.0,846090000.0,0.3718952686,0,601026000.0,0.0,601026000.0,-113000.0,668185000.0,2097171000.0,1598000.0,27841000.0,67159000.0,273997000.0,0.1204342185,185140000.0,0.0813775012,-6143000.0,178997000.0,0.0786773717,69305000.0,107099000.0,0.0470749109,0.32,0.32,330419006,334293046,https://www.sec.gov/Archives/edgar/data/1138118/000119312514405746/0001193125-14-405746-index.htm,https://www.sec.gov/Archives/edgar/data/1138118/000119312514405746/d788760d10q.htm,6.885427165772661,0.3241308703652477,0.8851246286964497,0.7670533334877232,2.074702082966741,6.6062725217447085,-2.8674833553612227,6.494587057743282,9.073167540489484,9826661238.44,12181409238.44,22.93826561975369,4.319267241375672,33.59978813808289,38.77174989224656,4.579197989892518,4.579197989892518,5.3542867308344855,44.45818471895677,41.65125465339087,48.06256579603786,0.0108988187748906,0.0257919748987129,1.3840614930088748,0.3944387973684832,8.594064898520786,1.2337011252501109,6.649904816637333,2.666210844911206,0.0,0.0,0.2641784274459403,0.0,0.4157142261426829,0.1333951077404928,0.0171479985723553,0.580905016453491,0.0086410300139423,6.882199031051563,0.0197699466246091,0.0243426458271065,-10.348646530339115,566241000.0,-947471000.0,-2357947000.0,4152409000.0,1623412500.0,699896500.0,79145500.0,63.63590491042936,44.786240033142384,4.501240739937271,1.414295909309051,2.0095457875766947,19.99448712028991,0.049907849026182,0.1180712952087265,2014-10-29,0.35,bmo,1990712499.0,2025-04-25,2014-09-30,0.142857142857143,31.43296875,1917875.0
2014-06-30,CBRE,USD,1138118,2014-08-11,2014-08-11 17:06:49,2014,Q2,2126806000.0,1314473000.0,812333000.0,0.3819497406,0,566202000.0,0.0,566202000.0,6364000.0,629497000.0,1943970000.0,1146000.0,28470000.0,63295000.0,286075000.0,0.1345092124,206006000.0,0.096861679,-11696000.0,194310000.0,0.0913623527,64111000.0,105464000.0,0.0495879737,0.32,0.32,330133061,333918620,https://www.sec.gov/Archives/edgar/data/1138118/000119312514305068/0001193125-14-305068-index.htm,https://www.sec.gov/Archives/edgar/data/1138118/000119312514305068/d744648d10q.htm,6.442269046177111,0.3194590680513515,0.139283232829565,0.0182653624018589,1.372746487816923,6.586056523433138,-2.960536569828734,6.460370838169401,9.123224407991056,10577463274.44,13179005274.44,25.073634781631647,4.973402968789819,230.0348674359532,1754.1398465074628,4.959467622307391,4.959467622307391,6.196618438371907,46.068357159625975,286.61226728806923,2185.573014003317,0.0099706325858723,0.0005700799750892,1.3988340111647604,0.3992906099504388,9.09391593113694,1.1782939643875492,7.235897435897436,0.3531670750159371,0.0,0.0,0.2662217428387921,0.0,0.4218070923212181,0.8688617285024575,0.0187849761567345,0.6312030966111067,0.0062535087826534,6.814399537936106,0.0224233480207055,0.0244122565897977,-10.820631654337705,437829000.0,-977371000.0,-2404009000.0,4044797000.0,1526790000.0,690490500.0,107566500.0,69.3235443195101,47.15384796796891,5.944572463641323,1.298260221450778,1.9086459298324072,15.13986086475778,0.0494490294835571,0.1210178704277061,2014-07-29,0.37,bmo,2185877777.0,2025-04-25,2014-06-30,-0.027027027027027,28.878412698412696,2045346.031746032
2014-03-31,CBRE,USD,1138118,2014-05-12,2014-05-12 13:08:00,2014,Q1,1860842000.0,1161460000.0,699382000.0,0.3758416889,0,528395000.0,0.0,528395000.0,4801000.0,593598000.0,1755058000.0,1577000.0,28015000.0,65203000.0,199062000.0,0.1069741547,112481000.0,0.0604462926,-6637000.0,105844000.0,0.0568796276,37902000.0,67663000.0,0.0363614966,0.21,0.2,330035445,333349519,https://www.sec.gov/Archives/edgar/data/1138118/000119312514194337/0001193125-14-194337-index.htm,https://www.sec.gov/Archives/edgar/data/1138118/000119312514194337/d706570d10q.htm,5.638309545812572,0.2050173732097169,-0.8179909282168162,-0.8593592121597727,1.4879341217425903,6.145576272875782,-3.353030763104854,6.028310080452116,8.050265631317266,9052872256.35,11253493256.35,33.44838484973324,4.864933323920032,-33.533379226828565,-31.919131850651755,4.550197258257621,4.550197258257621,6.047527547395212,56.53260419542655,-41.68485385696717,-39.67820652477443,0.0074742024502266,-0.0313291728822374,1.3213289799332113,0.384147373263243,11.054952728295708,1.2192699292836089,4.015027663751562,-3.9734773777633854,0.0,0.0,0.2839547903583431,0.0,0.4580904579301565,-0.0505730351229414,0.0073370012069804,0.2093922058800975,0.0060031964024887,5.273323116947119,0.0137892743307068,0.0182454757082482,-9.69088714092512,419648000.0,-1106619000.0,-2481610000.0,4001185000.0,1450936000.0,754903000.0,127632500.0,68.45528529558125,53.64440445645997,9.94264976839495,1.3147268265904,1.6777145894693963,9.051912930302157,0.0340090954966836,0.0413682839429564,2014-04-30,0.17,bmo,1265344000.0,2025-04-25,2014-03-31,0.4705882352941175,26.958524590163936,2362819.672131148
2013-12-31,CBRE,USD,1138118,2014-09-23,2014-09-23 07:39:07,2013,Q4,2233851000.0,1276998000.0,956853000.0,0.4283423559,0,638696000.0,49400000.0,638696000.0,4171000.0,691680000.0,1968678000.0,1287000.0,27372000.0,52984000.0,329223000.0,0.1473791224,169211000.0,0.0757485616,12868000.0,182079000.0,0.0815090174,66242000.0,114646000.0,0.0513221338,0.35,0.34,329912177,332519441,https://www.sec.gov/Archives/edgar/data/1138118/000119312514349197/0001193125-14-349197-index.htm,https://www.sec.gov/Archives/edgar/data/1138118/000119312514349197/d793029d10ka.htm,6.771047435451284,0.3475046027173468,1.5472845065673342,1.312024927167208,1.6681833480793284,5.868246566721907,-3.6242857443846335,5.746332303460263,7.625123215745989,8676690255.1,10673027255.1,18.920612701489805,3.8841848695817225,16.99752042263178,20.045350858374555,4.576832423033203,4.576832423033203,4.7778599625042135,32.418838462379604,20.90831796527892,24.657394670014995,0.0132131027649181,0.0498868793599698,1.3125164509688598,0.3555446991275451,6.063783514517516,1.0801520828087416,6.18190121291831,4.306293234351274,0.0,0.0,0.2859170105794881,0.0,0.4474873878567344,0.152046749257544,0.0347449315106513,1.4645997660112466,0.0048736464518,6.702964328892541,0.0214698418822562,0.0296494799716141,-10.104841477251687,189077000.0,-1195696000.0,-2514353000.0,3779375000.0,1360244500.0,677131000.0,147707000.0,59.88940623166003,57.61693440396931,8.94743766239258,1.502769949861721,1.562040759908944,10.05874568741434,0.0604741571433469,0.2352595794001262,2014-02-05,0.66,bmo,2200558208.0,2025-04-25,2013-12-31,0.0151515151515151,23.7925,2969376.5625
2013-09-30,CBRE,USD,1138118,2013-11-12,2013-11-12 13:35:42,2013,Q3,1733866000.0,1032348000.0,701518000.0,0.4045975871,0,496615000.0,0.0,496615000.0,5125000.0,544139000.0,1576487000.0,1484000.0,27783000.0,47524000.0,225599000.0,0.1301132844,158119000.0,0.0911944752,-7827000.0,150292000.0,0.0866802856,56126000.0,94444000.0,0.054470184,0.29,0.28,328307961,332061402,https://www.sec.gov/Archives/edgar/data/1138118/000119312513437838/0001193125-13-437838-index.htm,https://www.sec.gov/Archives/edgar/data/1138118/000119312513437838/d586144d10q.htm,5.2812182644574985,0.2876689304527708,0.4567936748874633,0.3374209984509026,1.7461714856192598,5.593245422397783,-2.6312307425283543,5.354822937114218,7.157727740875586,7593763137.929999,9413298137.93,20.10123231208441,4.379671288282947,50.63555226700184,68.5493792804528,4.319470554233685,4.319470554233685,5.429080527520582,41.72579726829463,62.76829303342691,84.97443660230371,0.0124370484415378,0.0145880241440078,1.3208845577808357,0.3759155040158903,8.06535046697902,1.3432190444277998,5.691214051758269,1.5926024255038973,0.0,0.0,0.2864206345819112,0.0,0.437107749539243,0.2613273409838033,0.0226032461562773,0.8246570154027438,0.0087913368161092,5.887220414540402,0.0207335699247268,0.0271611371763391,-8.400697904489743,557212000.0,-863854000.0,-2160328000.0,3651636000.0,1528519000.0,549421000.0,167824000.0,64.05339282274409,46.79320345464901,14.686326703785932,1.4050777957860616,1.923356243118215,6.1281491155170364,0.0537214645248007,0.1193726764365607,2013-10-29,0.33,bmo,1907290000.0,2025-04-25,2013-09-30,-0.0909090909090909,23.151875,2344609.375
2013-06-30,CBRE,USD,1138118,2013-08-09,2013-08-09 12:47:37,2013,Q2,1742014000.0,1018827000.0,723187000.0,0.4151441952,0,499458000.0,0.0,499458000.0,1533000.0,543059000.0,1561886000.0,1490000.0,37532000.0,43601000.0,198077000.0,0.1137057452,187624000.0,0.1077052194,-70680000.0,116944000.0,0.0671314926,45815000.0,69902000.0,0.0401271172,0.21,0.21,327423589,331631185,https://www.sec.gov/Archives/edgar/data/1138118/000119312513328678/0001193125-13-328678-index.htm,https://www.sec.gov/Archives/edgar/data/1138118/000119312513328678/d545507d10q.htm,5.320368044710426,0.213491032254246,0.5025813824305737,0.4087060446949043,1.5800236066681197,5.227018020378489,-2.831500329073725,4.948024682485537,8.338794429377536,7628969623.7,9836260623.7,27.284518410417444,4.379396275632687,46.36065086079596,57.00918863921686,4.708949832541202,4.708949832541202,5.646487699697018,49.65877221333118,59.77418538074953,73.50366629577044,0.0091627052469633,0.0175410319611546,1.662110980803654,0.4241751476933623,11.143600720931758,1.313158380044292,4.999040818501546,2.2167335722175823,0.0,0.0,0.2867129655674409,0.0,0.4156315844523752,0.1867863415108442,0.0176445195044356,0.6951713219495647,0.0061009842630426,4.875251294484707,0.0228579392805284,0.0188428350350253,-8.15038863922538,589241000.0,-927100000.0,-2165991000.0,3597487000.0,1968162000.0,579959500.0,228155500.0,94.18605131761282,49.654072771923005,14.76886654947307,0.9555555067968962,1.812540139726276,6.093900279924396,0.0431467193383124,0.0938753377356693,2013-07-25,0.34,bmo,1910580645.0,2025-04-25,2013-06-30,-0.0882352941176471,23.78796875,2688167.1875
2013-03-31,CBRE,USD,1138118,2013-05-10,2013-05-10 13:34:28,2013,Q1,1475063000.0,861216000.0,613847000.0,0.4161496831,0,469541000.0,0.0,469541000.0,2694000.0,515822000.0,1377038000.0,2028000.0,42395000.0,46281000.0,148346000.0,0.1005692638,101174000.0,0.0685896128,-41504000.0,59670000.0,0.0404525095,19004000.0,37546000.0,0.0254538281,0.11,0.11,326759455,330802552,https://www.sec.gov/Archives/edgar/data/1138118/000119312513213389/0001193125-13-213389-index.htm,https://www.sec.gov/Archives/edgar/data/1138118/000119312513213389/d497915d10q.htm,4.514216734753704,0.1149040966542192,-0.2444795361774611,-0.271456567339421,1.8747980835015163,5.22031412985433,-2.87937192207644,4.820888809476072,9.9290776452054,7986001080.200001,10669326080.2,53.17477947184787,5.414006778151171,-99.96746714317904,-90.03281902346085,5.069604582449623,5.069604582449623,7.233132469731802,71.92189934477506,-133.55689457727263,-120.28416906461032,0.0047014769498453,-0.0111070608567684,2.0326819956693165,0.4648943614939224,18.08828684292128,1.3217117367595947,2.3864606675315487,-1.2915043246301834,0.0,0.0,0.3183192853457784,0.0,0.3842606466075463,-0.1103447412562902,0.0059760159396581,0.1894191718417603,0.0079122044278786,3.530389094529646,0.0125241096736418,0.0088531194713688,-8.69054883201467,713934000.0,-940862000.0,-2248746000.0,3723004000.0,2221148000.0,590057000.0,340991500.0,128.94075710664563,62.47422249470517,30.214336473079925,0.6979949708652781,1.4405941587768891,2.9787184001272813,0.023834629089217,0.0269770311619598,2013-04-25,0.17,bmo,1567293750.0,2025-04-25,2013-03-31,-0.0588235294117647,23.0615,2933143.333333333
2012-12-31,CBRE,USD,1138118,2013-03-01,2013-03-01 14:37:23,2012,Q4,2005846000.0,1131570000.0,874276000.0,0.4358639696,0,597453000.0,0.0,597453000.0,6458000.0,642203000.0,1773773000.0,1860000.0,43025000.0,44750000.0,327910000.0,0.1634771563,232723000.0,0.1160223666,6152000.0,238875000.0,0.1190894017,82969000.0,172998000.0,0.0862469003,0.53,0.53,325372928,329012910,https://www.sec.gov/Archives/edgar/data/1138118/000119312513087299/0001193125-13-087299-index.htm,https://www.sec.gov/Archives/edgar/data/1138118/000119312513087299/d448420d10k.htm,6.164759964295493,0.5316914380780936,1.263218186363679,1.0669449426351785,3.6613586979184696,5.168875020849922,-3.056747855801943,4.730605614490459,11.973961767341628,6474921267.2,9238602267.2,9.356930813072982,3.22802511618539,15.753414742455906,18.651384157508893,4.206649554349599,4.206649554349599,4.605838268341638,28.174201052727884,22.477421292063347,26.612326675980476,0.0267181627174921,0.0536153237505114,2.503216258199818,0.4933679849599374,8.428169314750999,1.4378640910268934,5.409018012783266,2.625685940065288,0.0,0.0,0.2978558672998824,0.0,0.3427083175940407,0.1553755684071461,0.0318379377080792,1.3880026081286676,0.0069023245054705,7.522799099959174,0.0247116723329872,0.0337021324345474,-9.19939934277507,1177593000.0,-994583000.0,-2260734000.0,4233164000.0,2004365500.0,548831500.0,243598500.0,104.49999651020067,46.3130517776187,31.246321482541955,0.8612440479001807,1.943296685179652,2.8803390520796213,0.1123939472885783,0.1962732437285009,2013-02-06,0.49,bmo,1786985454.0,2025-04-25,2012-12-31,0.1224489795918368,18.7083870967742,2722759.6774193547
2012-09-30,CBRE,USD,1138118,2012-11-09,2012-11-09 12:12:26,2012,Q3,1557147000.0,915245000.0,641902000.0,0.4122295454,0,482362000.0,0.0,482362000.0,151000.0,522464000.0,1437709000.0,1895000.0,43651000.0,40102000.0,148618000.0,0.0954424984,103595000.0,0.0665287221,-38730000.0,64865000.0,0.0416563112,22160000.0,39709000.0,0.0255011248,0.12,0.12,322331850,327309341,https://www.sec.gov/Archives/edgar/data/1138118/000119312512462450/0001193125-12-462450-index.htm,https://www.sec.gov/Archives/edgar/data/1138118/000119312512462450/d401617d10q.htm,4.830881589889426,0.1231929143831117,0.2535368440940602,0.1056612928570353,2.7127384402130907,4.7128634666416,-3.399977383556729,4.158546541398252,14.666304307191488,6011489002.5,9918995002.5,37.84714423997078,3.8605789963953305,73.55932849381448,176.5073992160432,4.484739996135573,4.484739996135573,6.369979842943537,66.741545455463,121.37335881575568,291.23832880674144,0.0066055181974858,0.0056654848716909,3.494221265979923,0.6919663626087844,26.29227953545331,1.298062486670932,2.3732560536986558,1.9136635054443272,0.0,0.0,0.3097729373013594,0.0,0.386336704547956,0.5832507372465524,0.0306104690180182,1.1885940850830383,0.0098006161268011,3.3951182646168383,0.0120716566783622,0.0095597953656334,-9.51910197518489,559046000.0,-1095921000.0,-2815025000.0,3639442000.0,1622390000.0,505748000.0,72715000.0,97.08453344481929,50.6784631437484,9.27656529126081,0.9270271670116644,1.77590231465222,9.70186671189459,0.0296240316554662,0.1478755512370248,2012-10-30,0.33,bmo,1976319230.0,2025-04-25,2012-09-30,-0.2121212121212121,17.296825396825398,3144938.095238095
2012-06-30,CBRE,USD,1138118,2012-08-09,2012-08-09 11:55:25,2012,Q2,1601117000.0,908143000.0,692974000.0,0.4328065969,0,482377000.0,0.0,482377000.0,-2104000.0,520274000.0,1428417000.0,1585000.0,44411000.0,38336000.0,213126000.0,0.133110822,172700000.0,0.1078621987,-42321000.0,130379000.0,0.0814300267,54780000.0,75873000.0,0.0473875426,0.24,0.23,320852344,326081681,https://www.sec.gov/Archives/edgar/data/1138118/000119312512346328/0001193125-12-346328-index.htm,https://www.sec.gov/Archives/edgar/data/1138118/000119312512346328/d360230d10q.htm,4.990198856081912,0.236473260734539,0.3032235912230082,0.2077934016900933,2.5319590621410577,4.472281492822755,-3.6336870270768538,3.9110264377560537,14.463914902862609,5249144347.84,9114312347.84,17.2958244297708,3.278426465923477,53.95358564950149,78.73204763450376,4.183045106027596,4.183045106027596,5.692471160970747,42.76490126892073,93.6819030510844,136.70579934064287,0.0144543557906197,0.012701308171766,3.6628489825972896,0.6989193927676182,18.13560053677168,1.314057590239428,3.888676228862219,1.2869217846796914,0.0,0.0,0.301275297183154,0.0,0.3954779176129171,0.3147188816939048,0.0191235243895355,0.798700959933222,0.0068495931277976,4.5617098140380605,0.0182100616325442,0.0190847816769192,-9.754416037552776,552606000.0,-1165877000.0,-2829278000.0,3644916000.0,1545695000.0,510180000.0,41830500.0,87.97315249291589,49.1678403070882,5.063486697579566,1.0230393870135248,1.830464780187331,17.774313506742608,0.0604632222507335,0.0954301895329148,2012-07-31,0.26,bmo,1541800000.0,2025-04-25,2012-06-30,0.0384615384615384,17.206825396825398,3084950.793650794
2012-03-31,CBRE,USD,1138118,2012-05-10,2012-05-10 13:19:23,2012,Q1,1349989000.0,787556000.0,562433000.0,0.4166204317,0,440722000.0,0.0,440722000.0,6588000.0,487179000.0,1274735000.0,2303000.0,43981000.0,46457000.0,145797000.0,0.1079986578,76063000.0,0.0563434221,-20704000.0,55359000.0,0.0410070008,25413000.0,26975000.0,0.0199816443,0.08,0.08,320671395,325738859,https://www.sec.gov/Archives/edgar/data/1138118/000119312512224728/0001193125-12-224728-index.htm,https://www.sec.gov/Archives/edgar/data/1138118/000119312512224728/d321279d10q.htm,4.209882830365958,0.0841203812394928,-0.9322596423045468,-0.9574754867050116,2.5909732297762327,4.37314653525613,-3.841543147308166,3.780277938417301,14.402609874198475,6400601044.2,10271188044.2,59.31975017794254,4.741224590867037,-21.41034438716972,-20.846486700864723,5.280035046406325,5.280035046406325,7.608349434106499,70.44855548605253,-34.35765981555382,-33.4528247405019,0.0042144479578904,-0.0479697137627761,3.7736529544384014,0.699515884638669,26.5477821903057,1.2882377267762055,1.72945135399377,-9.98293595137915,0.0,0.0,0.3264634008128955,0.0,0.4028126064196703,-0.0270480918149918,0.0059896784344168,0.1740534257485416,0.0086215517311622,2.674876535626536,0.0075222647987544,0.0069072073347756,-9.80857912193883,505311000.0,-1231873000.0,-2878798000.0,3626975000.0,1690881500.0,549630000.0,44693000.0,101.7562291248299,59.90808272681562,3.7217924820584174,0.8844667375556154,1.5023014575579945,24.18189633996561,0.022252432918917,0.0252158444004648,2012-04-24,0.13,bmo,1253571428.0,2025-04-25,2012-03-31,0.0769230769230769,18.646129032258063,3890745.1612903215
2011-12-31,CBRE,USD,1138118,2012-02-29,2012-02-29 16:29:27,2011,Q4,1763625000.0,1008946000.0,754679000.0,0.4279135304,0,603647000.0,0.0,603647000.0,8515000.0,639495000.0,1648441000.0,2380000.0,43235000.0,36534000.0,229800000.0,0.1302998086,116556000.0,0.0660888794,33475000.0,150031000.0,0.0850696718,72071000.0,79763000.0,0.0452267347,0.25,0.25,320662314,320671395,https://www.sec.gov/Archives/edgar/data/1138118/000119312512089257/0001193125-12-089257-index.htm,https://www.sec.gov/Archives/edgar/data/1138118/000119312512089257/d266559d10k.htm,5.499944717544825,0.2487445406509478,0.8017624422182645,0.6377830854173903,3.8902482316646654,4.419487224183133,-3.759621718441163,3.5909458321940506,11.309663910178108,4880480419.08,7370646419.08,15.296818133345036,2.7673005423942163,18.9831790547463,23.863912900793597,4.238437646022818,4.238437646022818,4.179259433881919,32.074179369364664,28.66896057519594,36.03998972720561,0.0163432681111003,0.0419042763086327,3.1119471359058464,0.4963675051179897,10.836231505657093,1.3243241932547654,2.6958714004857174,2.317444721874183,0.0,0.0,0.3422762775533347,0.0,0.3633024030691731,0.2045236196736614,0.0298147281876816,1.4392620572617287,0.0064985470267205,4.483038462857502,0.0109906191795589,0.0173533219722953,-9.775208570346686,869399000.0,-1205569000.0,-2251933000.0,3787619000.0,1776336000.0,535430000.0,71086500.0,94.68502657877951,51.29355783163816,5.068279174504879,0.9505198789284652,1.7546063054430487,17.75750642402056,0.069269922821132,0.1639793568008743,2012-02-07,0.44,bmo,1686921739.0,2025-04-25,2011-12-31,0.0454545454545455,15.506666666666666,5273414.285714285
2011-09-30,CBRE,USD,1138118,2011-11-09,2011-11-09 14:35:24,2011,Q3,1534463000.0,894607000.0,639856000.0,0.4169901783,0,469138000.0,0.0,469138000.0,-5809000.0,496851000.0,1391458000.0,2493000.0,39080000.0,31308000.0,177711000.0,0.1158131542,143005000.0,0.0931954697,-35682000.0,107323000.0,0.0699417321,47290000.0,63807000.0,0.0415826253,0.2,0.2,318867447,323714703,https://www.sec.gov/Archives/edgar/data/1138118/000119312511304244/0001193125-11-304244-index.htm,https://www.sec.gov/Archives/edgar/data/1138118/000119312511304244/d232582d10q.htm,4.812228449271587,0.200105092571585,0.816997791561959,0.6656809969065296,2.4434102864065643,4.259017384110709,-2.3155703316431677,3.394432420691724,10.835988535386615,4291955836.62,7045525836.620001,16.81616373054681,2.7970409430660763,16.474952734286834,20.21989520889082,3.9653168282127993,3.9653168282127993,4.591525397888383,39.64597485029064,27.04471098144438,33.19227865591905,0.0148666487794639,0.0494562404833974,3.156177070033094,0.5325189634523405,15.49465142844281,1.3718913796143428,3.659288638689867,4.339513267702763,0.0,0.0,0.3057343187812283,0.0,0.3267947529447306,0.1852107756205041,0.0314442251132806,1.5411396448192156,0.0075427038644789,3.909344230153749,0.0155725032082657,0.0147746499452031,-9.290096959944613,742438000.0,-738360000.0,-2318219000.0,3088749000.0,1505215000.0,468816000.0,42956500.0,99.54726832774725,49.8822052588455,8.586954942226027,0.904093115882256,1.8042506247063024,10.48101458614024,0.0589509725843377,0.1513167946554293,2011-10-27,0.24,bmo,1534500000.0,2025-04-25,2011-09-30,0.0,17.98890625,6255631.25
2011-06-30,CBRE,USD,1138118,2011-08-09,2011-08-09 15:00:24,2011,Q2,1422218000.0,839822000.0,582396000.0,0.4094984032,0,432856000.0,0.0,432856000.0,25385000.0,458241000.0,1298063000.0,1902000.0,34216000.0,25385000.0,174537000.0,0.1227216925,130182000.0,0.0915344905,-15246000.0,114936000.0,0.0808146149,46336000.0,61223000.0,0.0430475497,0.19,0.19,317698275,324093042,https://www.sec.gov/Archives/edgar/data/1138118/000119312511216305/0001193125-11-216305-index.htm,https://www.sec.gov/Archives/edgar/data/1138118/000119312511216305/d10q.htm,4.4766311683624975,0.1927080025851572,-0.1337999081046316,-0.2393277080273728,4.173642428496032,3.901997894071034,-1.5795647615650414,3.4089073980650357,8.743657799212162,7977403685.25,9968923685.25,32.57519104441958,5.609128618291992,-187.66829032770303,-104.91890056093328,7.365996510862378,7.365996510862378,7.009420275407849,57.11639185530861,-234.5187655323704,-131.1113933930873,0.0076745520742794,-0.0095311711679559,2.533350754013836,0.5193579761381043,11.41030268653638,5.02323850039883,3.804711246200608,-0.5677801968824716,0.0,0.0,0.3043527785473113,0.0,0.3296557538788642,-0.7886985979109815,0.0235730387324587,1.3086381201452046,0.0075044754039113,3.8445785273258193,0.0141829478509071,0.0172885329441674,-5.451535737800276,1664454000.0,-501825000.0,-1964910000.0,4036884000.0,1257425500.0,435662500.0,17068500.0,83.10055139226195,47.34563990940937,0.0597983858484297,1.0830253047921474,1.900914216646031,1505.057347670251,0.0565307238015741,0.1055277999227411,2011-07-27,0.24,bmo,1625371428.0,2025-04-25,2011-06-30,-0.125,26.306349206349207,3557652.380952381
2011-03-31,CBRE,USD,1138118,2011-05-10,2011-05-10 14:03:17,2011,Q1,1185105000.0,713755000.0,471350000.0,0.3977284713,0,377025000.0,0.0,377025000.0,23178000.0,400203000.0,1113958000.0,2668000.0,33718000.0,23178000.0,114144000.0,0.0963155163,73119000.0,0.0616983305,-15871000.0,57248000.0,0.0483062682,23406000.0,34369000.0,0.0290008058,0.11,0.11,316563392,322920829,https://www.sec.gov/Archives/edgar/data/1138118/000119312511133955/0001193125-11-133955-index.htm,https://www.sec.gov/Archives/edgar/data/1138118/000119312511133955/d10q.htm,3.743657763181916,0.1085690919056111,-0.3597446921468418,-0.4027755679342733,3.2630936681396188,3.6300628216670106,-1.659898185574155,3.1479003105956105,7.463408782276379,8452242566.4,10353521566.4,61.48158635980098,7.132062193982812,-74.21930214081242,-66.29001887313339,8.48184420266731,8.48184420266731,8.736374892013787,90.70578888421645,-90.91446906798264,-81.20154321746769,0.0040662581238056,-0.0150852272634559,2.3370804106331096,0.4859114464776842,16.656845738716008,1.178363039067787,2.1685449908060974,-2.559951445398553,0.0,0.0,0.3181363676636247,0.0,0.3493936236489906,-0.1196150401292566,0.0114943401639517,0.5804252418083429,0.0089603874762151,2.7730317809109266,0.0115822465507853,0.0110217458927809,-5.347244162711019,249590000.0,-525463000.0,-1994826000.0,2617872000.0,1313630500.0,437431500.0,24937000.0,91.25730631463034,54.16051726432739,4.234099936252636,0.9862224038227088,1.661727113143325,21.25599332916406,0.0344893678939498,0.0430308757874315,2011-04-26,0.12,bmo,1093938461.0,2025-04-25,2011-03-31,0.0833333333333334,24.19677419354839,3778056.4516129033
2010-12-31,CBRE,USD,1138118,2011-03-01,2011-03-01 13:08:02,2010,Q4,1651296000.0,930869000.0,720427000.0,0.4362797463,0,522128000.0,0.0,522128000.0,28865000.0,550993000.0,1481862000.0,2042000.0,41329000.0,29245000.0,201300000.0,0.1219042498,172933000.0,0.1047256216,-42207000.0,130726000.0,0.0791656977,58290000.0,95144000.0,0.0576177742,0.23,0.23,315901493,316563392,https://www.sec.gov/Archives/edgar/data/1138118/000119312511051618/0001193125-11-051618-index.htm,https://www.sec.gov/Archives/edgar/data/1138118/000119312511051618/d10k.htm,5.227249749022237,0.3011824955192598,0.9232719897275066,0.7631619518809934,1.6131357758413634,3.3738207118888166,-1.8703963516880244,2.874994326158503,8.09396617824785,6469662576.64,8478655576.64,16.99965992768856,3.9179302660698014,22.18197912193182,26.835719403361484,7.123492319153504,7.123492319153504,5.134546184717943,42.11950112588177,29.070041714718705,35.168885436777224,0.0147061765390263,0.0372637671816891,2.769792394972556,0.4911712584895875,9.98009438648783,1.155410350128375,4.184301580004355,4.062441674211296,0.0003748263485573,0.0254876818296476,0.3161928570044377,0.0,0.3234665633649695,0.1734158943712435,0.0306298810146696,1.7294922208924604,0.0069327364688099,4.4139216383521065,0.0250291193029717,0.0274592832372077,-7.815200480866356,304102000.0,-590861000.0,-1794903000.0,2149155000.0,1285161500.0,222668500.0,11787500.0,77.69897099005873,43.056896297975335,1.57546335735748,1.1583164983164984,2.0902574903949143,57.1260509358699,0.1047593356198697,0.1601100378465131,2011-02-03,0.34,bmo,1559561111.0,2025-04-25,2010-12-31,0.0588235294117645,19.4503125,3633557.8125
2010-09-30,CBRE,USD,1138118,2010-11-09,2010-11-09 14:28:47,2010,Q3,1266218000.0,735393000.0,530825000.0,0.4192208609,0,374815000.0,0.0,374815000.0,25605000.0,400420000.0,1135813000.0,1463000.0,49755000.0,25605000.0,161329000.0,0.12741013,130579000.0,0.1031252122,-44610000.0,85969000.0,0.067894312,38075000.0,57038000.0,0.0450459558,0.18,0.18,313791661,319353359,https://www.sec.gov/Archives/edgar/data/1138118/000119312510253911/0001193125-10-253911-index.htm,https://www.sec.gov/Archives/edgar/data/1138118/000119312510253911/d10q.htm,4.035218768927068,0.1817702861134987,0.713584928568258,0.6794093868542924,2.5509473306239325,3.0496795133124968,-2.20409617577441,2.4646830879294783,9.284781471614696,5736111563.08,7831168563.08,25.141622966618748,4.530113742720448,25.617132969269864,26.905721872106493,7.4167750367275795,7.4167750367275795,6.184692180240686,48.54160481426154,34.973532885310185,36.732765912014,0.0099436699186815,0.0371668154734295,3.702796881808437,0.5642751626925616,12.986239299815905,1.486447157113309,2.6244397547985128,4.018971551646774,0.0,0.0,0.2960114293115403,0.0,0.3248414847263965,0.0478927459728381,0.0084693157102489,0.4182853576722053,0.0105313618981881,3.174923365472144,0.0178614765003698,0.0166462764032509,-7.825098800187683,622773000.0,-691627000.0,-2215078000.0,3110249000.0,1095592000.0,182317000.0,9710000.0,81.36440170649921,0.0,0.8909521847501948,1.106134846596076,0.0,101.01552197802198,0.0737499628263362,0.0341755417139654,2010-10-26,0.17,bmo,1076270000.0,2025-04-25,2010-09-30,0.1764705882352941,16.42046875,3856895.3125
2010-06-30,CBRE,USD,1138118,2010-08-09,2010-08-09 15:08:22,2010,Q2,1171919000.0,678714000.0,493205000.0,0.4208524651,0,372033000.0,0.0,372033000.0,27616000.0,399649000.0,1078363000.0,3111000.0,50275000.0,27616000.0,142141000.0,0.1212890993,97179000.0,0.0829229665,-32929000.0,64250000.0,0.0548246082,26704000.0,54790000.0,0.0467523779,0.17,0.17,312910934,318425227,https://www.sec.gov/Archives/edgar/data/1138118/000119312510183181/0001193125-10-183181-index.htm,https://www.sec.gov/Archives/edgar/data/1138118/000119312510183181/d10q.htm,3.745215883060194,0.1750977484219199,0.3001365238326891,0.2865128388258877,2.4742855422239733,2.622503437351921,-2.4918592330174056,2.0510660710884587,9.947814735038948,4258717811.74,6577659811.74,19.432003156324143,3.6339694225795465,45.34603062034158,47.50223430046959,6.6355736618359895,6.6355736618359895,5.612725633546345,46.27559825623853,70.03769125324759,73.36798335515822,0.0128653746085172,0.0210516413538492,4.771736098884234,0.621065493150546,16.314377976797687,1.6324511938574,1.9329487817006463,2.1016873293649017,0.0,0.0,0.3174562405763538,0.0,0.3245434542338852,0.0453916265599045,0.003637623419366,0.1534336308666858,0.0095834268409335,2.8426367417459644,0.0137536803962924,0.0164499461075866,-8.134241962922268,686959000.0,-779730000.0,-2337296000.0,3173347000.0,1007918500.0,397037000.0,9174500.0,80.36518735509877,48.35182418515015,1.609809139048259,1.1198878887985315,1.8613568674341945,55.90724876441516,0.0853691409019306,0.0136236850068013,2010-07-27,0.09,bmo,585950000.0,2025-04-25,2010-06-30,1.0,15.917460317460316,5047112.698412699
2010-03-31,CBRE,USD,1138118,2010-05-10,2010-05-10 15:12:58,2010,Q1,1025883000.0,615194000.0,410689000.0,0.4003273278,0,338706000.0,0.0,338706000.0,26295000.0,365001000.0,980195000.0,1800000.0,49792000.0,26295000.0,67199000.0,0.0655035711,45688000.0,0.044535293,-54576000.0,-8888000.0,-0.008663756,7299000.0,-6627000.0,-0.006459801,-0.0212,-0.0212,312879640,312879640,https://www.sec.gov/Archives/edgar/data/1138118/000119312510114446/0001193125-10-114446-index.htm,https://www.sec.gov/Archives/edgar/data/1138118/000119312510114446/d10q.htm,3.2788423049834754,-0.0211806687069826,0.0226636670893638,0.0134013194338883,4.742465824877579,2.5232546291602738,-2.648810897378941,1.9564679887767704,9.527302575520734,4959142294.0,7209954294.0,-187.08096778331068,4.8340232697100936,699.3572548300663,1182.7193641783929,8.101333674214517,8.101333674214517,7.02804734458023,107.29258313367758,1016.7753904949936,1719.521653708562,-0.0013363197922386,0.0008455091125481,4.788302983472708,0.6021896633017731,33.494724623878334,1.5327641850495095,0.917577120822622,-0.4380675850991536,0.0004889958497327,-0.3659272672400784,0.3301604568942072,0.0,0.3324627137813398,0.4086870681145113,0.0028248835393509,0.1102110667427267,0.0105148442853619,,0.0208991830721121,-0.0020395908999837,-5.957506535100846,532875000.0,-828759000.0,-2544857000.0,3077906000.0,1111685000.0,443975000.0,113822500.0,85.04268030564889,62.82506006235431,0.9083476106724058,1.0582921384478263,1.4325493666169895,99.08101143501368,-0.0108259725323823,0.0092623476554754,2010-04-28,-0.01695,bmo,1025900000.0,2025-04-25,2010-03-31,0.2495575221238938,13.628524590163934,4094181.9672131143
2009-12-31,CBRE,USD,1138118,2010-03-01,2010-03-01 15:34:38,2009,Q4,1296499000.0,721165000.0,575334000.0,0.4437596944,0,410687000.0,0.0,410687000.0,32429000.0,443116000.0,1164281000.0,1339000.0,52855000.0,25470000.0,150189000.0,0.1158419713,140445000.0,0.1083263466,-63479000.0,76966000.0,0.0593644885,25836000.0,64290000.0,0.0495873888,0.16,0.16,298803851,312879640,https://www.sec.gov/Archives/edgar/data/1138118/000119312510044595/0001193125-10-044595-index.htm,https://www.sec.gov/Archives/edgar/data/1138118/000119312510044595/d10k.htm,4.338963489463193,0.2151578695684213,0.5361175883907868,0.484066719742511,2.4846466921873773,2.6247821016202364,-2.827878546987,2.1054681788555665,10.252652332784024,4054768258.07,6323888258.07,15.767492059690468,3.1274750370574917,25.311611284255346,28.03332566886291,6.445122342041766,6.445122342041766,4.877665357296843,42.1062012402373,39.47643643376156,43.72127030420143,0.0158554067478571,0.0356718290156603,4.785521727105395,0.5974269586534603,15.108430044810206,1.3914474835194448,2.657175290890171,3.1330725601408176,0.0007174269439962,0.045248094571473,0.3167661525384902,0.0,0.3233071516762094,0.0970885301571844,0.011996152715891,0.6106399685904986,0.0292518544171649,3.192597856863595,0.0230442867332524,0.0188526537111488,-8.237763642477285,637684000.0,-844981000.0,-1988386000.0,2606099000.0,1130822000.0,229255000.0,302130000.0,87.04939996097183,57.22116297934592,27.63478538198609,1.033895696470637,1.5728446489716692,3.2567649343376868,0.1021900362727738,0.0520508686482758,2010-02-03,0.18,bmo,833464285.0,2025-04-25,2009-12-31,0.5555555555555558,12.00953125,3990498.4375
2009-09-30,CBRE,USD,1138118,2009-11-09,2009-11-09 15:32:16,2009,Q3,1023205000.0,606470000.0,416735000.0,0.4072839754,0,338062000.0,0.0,338062000.0,24445000.0,362507000.0,968977000.0,1248000.0,54075000.0,24445000.0,76375000.0,0.0746429112,56994000.0,0.0557014479,-59139000.0,-2145000.0,-0.0020963541,8498000.0,12377000.0,0.0120963052,0.04,0.04,282732848,285923601,https://www.sec.gov/Archives/edgar/data/1138118/000104746909009816/0001047469-09-009816-index.htm,https://www.sec.gov/Archives/edgar/data/1138118/000104746909009816/a2195316z10-q.htm,3.6189816897398495,0.0437763071661202,0.4816207277054699,0.4576864729916348,1.266492388602827,1.6487507670138135,-4.114573203040066,1.057874959049682,10.51366341416403,3319283635.52,5911721635.52,67.04539944089845,3.244006465488343,24.376027285892636,25.650747165985333,11.097719914408753,11.097719914408753,5.777651238529914,77.40388393479542,43.414273595652496,45.68457945735416,0.0037288166240306,0.0389852191645344,9.757679808489582,0.6521248422467636,33.94354173486089,1.1921547271076125,1.0539805825242718,-12.794324908390491,0.0,0.0,0.3303951798515449,0.0,0.3641018433443329,0.0496952338988029,0.0066135329674894,0.2768255266925751,0.0100781368347496,1.0207702145394333,0.0846788521740978,0.0043491201087332,-9.5636552990829,263222000.0,-1163325000.0,-2376122000.0,2609095000.0,964912000.0,0.0,189225000.0,88.63179910184176,0.0,56.8109881774861,1.0154369076564282,0.0,1.5842005725868806,0.0413813625056837,0.023934254713835,2009-10-28,0.1,bmo,1279000000.0,2025-04-25,2009-09-30,-0.2,10.84328125,5232354.6875
2009-06-30,CBRE,USD,1138118,2009-08-10,2009-08-10 15:10:12,2009,Q2,955667000.0,566831000.0,388836000.0,0.4068739425,0,328671000.0,0.0,328671000.0,24166000.0,352837000.0,919668000.0,1237000.0,47418000.0,24166000.0,62584000.0,0.0654872461,38924000.0,0.0407296684,-47924000.0,-9000000.0,-0.0094175063,4706000.0,-6637000.0,-0.0069448877,-0.025,-0.025,265683366,265683366,https://www.sec.gov/Archives/edgar/data/1138118/000104746909007486/0001047469-09-007486-index.htm,https://www.sec.gov/Archives/edgar/data/1138118/000104746909007486/a2194036z10-q.htm,3.597014801446019,-0.0249808638753846,-0.2681575481093536,-0.2804880151962543,1.280554387435757,1.8304495585169605,-4.183385722386549,1.0292928914488384,11.379590847249354,2486796305.76,5153226305.76,-93.67170053337352,2.602157766000081,-34.904853754789805,-33.3704097604702,9.093621531598078,9.093621531598078,5.392282359608525,82.3409546491116,-72.33105910253352,-69.15133057473733,-0.0026688957131821,-0.0299666682901981,10.88234003495864,0.6734475709089296,42.605618049341686,1.252104344984667,0.820869711923742,5.198088428425507,0.0,0.0,0.3439179128294688,0.0,0.3615713859629987,-0.0459821741876622,0.0034279722957892,0.1355623603409749,0.0085542348956278,,0.0160941281382491,-0.0023525433485443,-10.926512049685488,234542000.0,-1111456000.0,-2767779000.0,2582184000.0,978809500.0,0.0,143443500.0,86.84579461255856,0.0,-0.6944927147597785,1.0363196099651475,0.0,-129.5909922267947,-0.0242699275229827,0.0123304670869007,2009-07-29,0.03667,bmo,955700000.0,2025-04-25,2009-06-30,0.0908099263703299,7.375396825396825,8172252.380952381
2009-03-31,CBRE,USD,1138118,2009-05-11,2009-05-11 15:25:24,2009,Q1,890449000.0,553419000.0,337030000.0,0.3784944449,0,306159000.0,0.0,306159000.0,25392000.0,331551000.0,884970000.0,2305000.0,34798000.0,25392000.0,11454000.0,0.0128631735,5479000.0,0.0061530756,-71945000.0,-66466000.0,-0.0746432418,-12047000.0,-36689000.0,-0.0412028089,-0.14,-0.14,261999151,261999151,https://www.sec.gov/Archives/edgar/data/1138118/000104746909005353/0001047469-09-005353-index.htm,https://www.sec.gov/Archives/edgar/data/1138118/000104746909005353/a2192915z10-q.htm,3.398671318595227,-0.1400348049219442,-0.0437940350425028,-0.0537329985470067,1.6162762298416762,1.0626103135731153,-4.867760048581226,0.2443099519814856,12.745560385422776,1055856578.53,3936921578.53,-7.194639936561368,1.1857574982171917,-92.02166450496776,-75.00046729151869,16.495439368370075,16.495439368370075,4.421276882258277,343.71587030993544,-343.11674904392544,-279.6506306669981,-0.0347480905513509,-0.0133332502598031,51.62599009514287,0.7095097113654355,251.5335254059717,0.93534455232906,0.1574515776768779,0.2108454767636303,0.002755109035784,-0.079288069993731,0.3438254184125087,0.0,0.3336035079906928,-0.2269478821683807,0.0029243673697202,0.1025519848771266,0.0091201180528025,,0.0011841936804747,-0.0118209418412496,-11.577902975723765,-131620000.0,-1275349000.0,-2474984000.0,1772669000.0,998929000.0,197829000.0,284817500.0,104.65512342649608,0.0,47.36644386983461,0.8599674536069033,0.0,1.90007931030931,-0.5731850208564421,0.0099389635045038,2009-04-29,-0.0079,bmo,593600000.0,2025-04-25,2009-03-31,2.797468354430379,3.6565573770491806,7103231.147540984
2008-12-31,CBRE,USD,1138118,2009-03-02,2009-03-02 15:32:23,2008,Q4,1283284000.0,729708000.0,553576000.0,0.4313745048,0,425546000.0,0.0,425546000.0,1183055000.0,1608601000.0,2338309000.0,13362000.0,48114000.0,31165000.0,-1023860000.0,-0.7978436574,-1055025000.0,-0.8221290065,-48114000.0,-1103139000.0,-0.8596218764,-13683000.0,-1089456000.0,-0.8489593886,-4.16,-4.16,261999151,261999151,https://www.sec.gov/Archives/edgar/data/1138118/000119312509042445/0001193125-09-042445-index.htm,https://www.sec.gov/Archives/edgar/data/1138118/000119312509042445/d10k.htm,4.898046406264881,-4.158242482243769,0.3853905618190343,-0.1678249713106894,0.6071012039271837,1.3195577110858654,-4.647141013063817,0.4377342428869168,9.725115483294068,1131836332.3200002,3472871332.32,-0.2597251133409702,0.8819842936715491,11.209407878619816,-25.741103759836257,9.869001729243326,9.869001729243326,2.706237537692358,-3.3919396522180767,34.39439975755655,-78.98274578849215,-0.9625561301490204,-0.0388483729885855,21.79741206424498,0.5289121943189911,-2.286479596819878,1.0227931302376865,-21.92760942760943,-0.0926811179157304,0.0,0.0,0.3316070332054323,0.0,0.3307518131082042,1.4354672582498118,0.1129461600082289,4.650794160115514,0.0,,-0.2988351031398388,-0.344421878991282,-12.826889847440766,42688000.0,-1217547000.0,-2465158000.0,1813934000.0,1012059500.0,394933500.0,346941000.0,67.49649337169325,48.7992731339111,34.333815718068045,1.3334026036639155,1.8442897654034545,2.621322393614346,-9.499468112934448,0.5532155331297237,2009-02-10,0.27,bmo,936462162.0,2025-04-25,2008-12-31,0.3703703703703702,5.51296875,6466432.8125
2008-09-30,CBRE,USD,1138118,2008-11-10,2008-11-10 15:37:25,2008,Q3,1299735000.0,755362000.0,544373000.0,0.4188338392,0,420352000.0,0.0,420352000.0,15646000.0,435998000.0,1191360000.0,4400000.0,42290000.0,27729000.0,134871000.0,0.1037680758,108375000.0,0.0833823818,-41298000.0,67849000.0,0.0522021797,37701000.0,40373000.0,0.0310624858,0.2,0.19,203680475,207706250,https://www.sec.gov/Archives/edgar/data/1138118/000104746908011901/0001047469-08-011901-index.htm,https://www.sec.gov/Archives/edgar/data/1138118/000104746908011901/a2189014z10-q.htm,6.381244937689781,0.1982173303553028,0.7301730811458487,0.6661905123699264,1.96768983379482,6.565052443048358,-6.795202141982436,5.17526287190758,17.005267687047567,2723207950.75,5743778950.75,16.86280404447279,2.095202445690852,18.310727066271298,20.069334149532025,2.583443649321696,2.583443649321696,4.41919233593771,42.58720518680813,38.62090982336171,42.33015661249908,0.0148255295703293,0.049827263453248,3.2457556209088323,0.5336050941347517,22.39600062281736,0.9710652890831756,2.562662567982975,3.683699502142521,0.0,0.0,0.3234136189300126,0.0,0.4244108409446009,0.0876265784483802,0.0100266592805456,0.4699772801038623,0.0,4.804279632059302,0.0091085427787918,0.0109395826034271,-18.017335731370423,-64681000.0,-1384050000.0,-2903862000.0,2873888000.0,1092950500.0,436974500.0,388486500.0,73.51770937921961,46.96928095403264,49.50701782721397,1.2241948335980015,1.916146003769574,1.817924083290815,0.0383009202162982,0.0639825687759221,2008-11-06,0.23,bmo,1107151851.0,2025-04-25,2008-09-30,0.1739130434782609,15.28671875,4117000.0
2008-06-30,CBRE,USD,1138118,2008-08-08,2008-08-08 16:03:09,2008,Q2,1314873000.0,737205000.0,577668000.0,0.4393336847,0,468839000.0,0.0,468839000.0,20980000.0,489819000.0,1227024000.0,4481000.0,50956000.0,27225000.0,115639000.0,0.0879468968,87849000.0,0.0668117757,-53438000.0,36893000.0,0.0280582231,20330000.0,16563000.0,0.0125966538,0.08,0.08,203435495,208388563,https://www.sec.gov/Archives/edgar/data/1138118/000104746908009043/0001047469-08-009043-index.htm,https://www.sec.gov/Archives/edgar/data/1138118/000104746908009043/a2187254z10-q.htm,6.46334111950326,0.081416470611483,-0.3106783307406606,-0.1062056550161022,1.2314370213516574,6.55261757541377,-6.981972344599943,5.242782239156446,16.09201481776816,3905961504.0,6878174504.0,58.95612968665096,2.970599825230269,-61.80025479803173,-180.7813340738684,3.6621776614336814,3.6621776614336814,5.231056158275362,59.47971276126566,-108.82670923848552,-318.3455754882903,0.0042404411776814,-0.0055315445320886,3.021589809557384,0.5004625355520339,25.702513857781543,0.9728117458028,1.7240167988068138,-3.8159149912455472,0.0,0.0,0.3565659953470791,0.0,0.4275819337045316,-0.6581491384902616,0.031635754936028,1.5278971533516987,0.0,3.099048013047786,0.0077272675844489,0.0044933803822967,-18.836797629636852,-62016000.0,-1420381000.0,-2887501000.0,2921061000.0,1159524000.0,462426000.0,337604500.0,76.94853419303614,58.56796956070564,44.12863450464931,1.16961292302492,1.5366761162296243,2.039492067005104,0.0155292489555283,0.2044726757245583,2008-07-29,0.44,bmo,3615975000.0,2025-04-25,2008-06-30,-0.6363636363636365,21.78953125,2394918.75
2008-03-31,CBRE,USD,1138118,2008-05-12,2008-05-12 14:38:32,2008,Q1,1230925000.0,704446000.0,526479000.0,0.4277100554,0,432345000.0,0.0,432345000.0,23802000.0,456147000.0,1160593000.0,5226000.0,43416000.0,28452000.0,98784000.0,0.0802518431,70332000.0,0.0571375185,-48541000.0,26916000.0,0.0218664825,6462000.0,20454000.0,0.0166167719,0.1,0.1,203110675,207730837,https://www.sec.gov/Archives/edgar/data/1138118/000104746908006378/0001047469-08-006378-index.htm,https://www.sec.gov/Archives/edgar/data/1138118/000104746908006378/a2185548z10-q.htm,6.06036585718599,0.1007037173206184,-1.560055866093695,-1.8971134825877567,1.541829349934463,6.243792946874899,-7.013299522538635,5.021735071285643,15.605102981416412,4395315007.0,7208300007.0,53.721949337537886,3.570741521213721,-13.87129811843567,-11.406803124124114,4.309267552511451,4.309267552511451,5.85600260535776,72.97031915087463,-22.74887651168956,-18.70711403130872,0.0046535913734112,-0.0876669816352937,3.064946155173496,0.4955068863659275,28.47611961451247,1.003721700369057,1.6199557766721946,-15.491541996675467,0.0022235038863961,0.477803852547179,0.3512358592115685,0.0,0.4267969759967843,-0.2160548374065845,0.0556167110100127,2.406157739350485,0.0057127769766638,3.373190812013184,0.0108022227244631,0.0056560088111403,-18.091778041700664,8249000.0,-1424476000.0,-2816098000.0,2929962000.0,1266141500.0,468933500.0,315662000.0,87.36256879988626,56.86749587619207,40.08392410489945,1.0301894877445177,1.582626395154478,2.2452891529399763,0.020053570308088,0.3370576164940617,2008-04-29,0.21,bmo,1723260000.0,2025-04-25,2008-03-31,-0.2857142857142857,19.258360655737704,4355993.442622951
2007-12-31,CBRE,USD,1138118,2008-02-29,2008-02-29 16:14:49,2007,Q4,1837116000.0,967588000.0,869528000.0,0.4733114294,0,638592000.0,0.0,638592000.0,21855000.0,660447000.0,1628035000.0,0.0,0.0,32579000.0,241660000.0,0.1315431361,191973000.0,0.1044969398,-1030000.0,190943000.0,0.1039362784,71131000.0,122446000.0,0.0666512077,0.6,0.6,203110675,203110675,https://www.sec.gov/Archives/edgar/data/1138118/000119312508043674/0001193125-08-043674-index.htm,https://www.sec.gov/Archives/edgar/data/1138118/000119312508043674/d10k.htm,9.044901258882629,0.6028535920133198,1.1729171792669193,0.0292746799251196,1.7112542213746271,6.164895075061909,-6.531700020198348,4.867016467745971,13.286421307004174,4377035046.25,6732775046.25,8.9366640115847,2.382557795071188,18.37299374664193,736.1310202236798,4.427763937684047,4.427763937684047,3.664861144451412,27.860527378341477,28.26142183354881,1132.3200548688194,0.0279746446409893,0.0013584538248315,2.7298903537832957,0.4322919411595187,9.748158569891585,0.9721907080537036,0.0,1.9456086764777945,0.0,0.0,0.3476057037225739,0.0,0.4131011363423383,0.9750411363712684,0.1264405731592343,7.1299303232143405,0.019348805410219,8.125097728599599,0.0266443542239661,0.0334208663834056,-17.138343417941968,-67531000.0,-1326658000.0,-2629587000.0,2727497000.0,1373655000.0,460185000.0,339617000.0,65.5204679508534,45.83350558295473,29.53963877187397,1.373616563109845,1.963628983977839,3.0467535739026386,0.1238651227108987,1.1436424993417995,2008-02-05,0.71,bmo,2070382539.0,2025-04-25,2007-12-31,-0.1126760563380281,23.2146875,4831092.1875
2007-09-30,CBRE,USD,1138118,2007-11-09,2007-11-09 16:08:59,2007,Q3,1492809000.0,791852000.0,700957000.0,0.4695557168,0,468375000.0,0.0,468375000.0,12236000.0,480611000.0,1272463000.0,7937000.0,36152000.0,30450000.0,239813000.0,0.1606454677,215254000.0,0.1441939324,-36152000.0,179102000.0,0.1199765007,64155000.0,114947000.0,0.0770004736,0.5,0.48,230997817,237450864,https://www.sec.gov/Archives/edgar/data/1138118/000104746907008892/0001047469-07-008892-index.htm,https://www.sec.gov/Archives/edgar/data/1138118/000104746907008892/a2180840z10-q.htm,6.462437694811635,0.4976107631354802,0.8835018557772778,0.782726011648846,1.8962776604940816,7.453715460869485,-3.9274916611008495,6.593594778430309,11.950411635275325,6484108723.190001,8773268723.19,14.102387890049329,4.343562185912599,31.77129715851573,35.861846396121855,4.257161827994899,4.257161827994899,5.8770202505410944,36.5837912172818,42.98788616222494,48.52256937298129,0.0177274942335404,0.0278847884449179,1.788691660330929,0.420190908164101,9.545604283337434,1.1679665133266206,5.954138083646825,1.775487833523276,0.0,0.0,0.313754137334381,0.0,0.405487287158558,0.114064100114167,0.015594091407541,0.7644991789819376,0.0,8.592059352318776,0.0276722544274098,0.0298206795141502,-13.357598093665102,370496000.0,-907242000.0,-2185580000.0,3193838000.0,1238746500.0,407974500.0,335764000.0,85.00029139695701,48.601695771432034,41.10472664083692,1.0588198995659206,1.851787238520632,2.1895292185348425,0.075468811757028,0.1007758441284317,2007-10-29,0.57,bmo,1547083636.0,2025-04-25,2007-09-30,-0.0350877192982454,31.95142857142857,4760998.412698412
2007-06-30,CBRE,USD,1138118,2007-08-09,2007-08-09 15:30:37,2007,Q2,1490363000.0,791605000.0,698758000.0,0.4688508773,0,469754000.0,0.0,469754000.0,27511000.0,497265000.0,1288870000.0,5972000.0,42173000.0,29461000.0,230954000.0,0.1549649314,198616000.0,0.1332668618,-10121000.0,188495000.0,0.1264758988,47360000.0,141135000.0,0.0946984057,0.61,0.59,230543095,237475584,https://www.sec.gov/Archives/edgar/data/1138118/000110465907060838/0001104659-07-060838-index.htm,https://www.sec.gov/Archives/edgar/data/1138118/000110465907060838/a07-19083_110q.htm,6.464574443229367,0.6121848932408928,0.393254024806078,0.3163963769984089,1.9128614543844829,6.644120050526779,-4.633944903012601,5.938139244638839,11.442125386579026,8414822967.5,10572384967.5,14.905627533035746,5.646156652775196,92.81532469502106,115.3616243847936,6.146706652753805,6.146706652753805,7.093832151965662,45.77701606163998,116.61318929099292,144.94036394856258,0.0167721888559148,0.0086683938903673,1.8960815838164728,0.4362549432523869,9.341955540930227,1.2075859588393092,4.709553505797548,0.6423778651645587,0.0,0.0,0.315194351980021,0.0,0.4369860320031999,0.1954402064812159,0.0118890498489294,0.6014391907946098,0.0,9.04394165391383,0.0316525735742389,0.0421304795593964,-13.106574499661331,365327000.0,-1068324000.0,-2293064000.0,3149535000.0,936120500.0,387246000.0,378893000.0,64.47098458563451,44.1508833319648,35.230525325130586,1.3959768193156137,2.0384643116492502,2.5546028385730977,0.1030937248218951,0.0768576478076691,2007-07-30,0.41,bmo,925854545.0,2025-04-25,2007-06-30,0.6097560975609758,36.38952380952381,2182777.777777778
2007-03-31,CBRE,USD,1138118,2007-05-10,2007-05-10 15:58:57,2007,Q1,1213961000.0,649673000.0,564288000.0,0.4648320663,0,411937000.0,0.0,411937000.0,27368000.0,439305000.0,1088978000.0,7013000.0,103009000.0,29162000.0,154145000.0,0.1269768963,93128000.0,0.0767141613,-71154000.0,21974000.0,0.0181010757,9997000.0,11977000.0,0.0098660501,0.05,0.05,229663454,236932240,https://www.sec.gov/Archives/edgar/data/1138118/000110465907038272/0001104659-07-038272-index.htm,https://www.sec.gov/Archives/edgar/data/1138118/000110465907038272/a07-11088_110q.htm,5.28582575441019,0.0521502215149999,0.5017298050389855,0.4613533331254349,1.5151169850471726,5.528681110926774,-5.881297073934976,5.202316603668253,11.43330362000042,7849896857.72,10026351857.72,163.8535705460466,6.466350119748493,68.12431642832968,74.08638357167126,6.570149916654251,6.570149916654251,8.25920425591926,65.04493728450485,87.01240015725209,94.62750441428518,0.0015257525311585,0.0134977569668061,2.111517414892424,0.4506017601811264,14.119530312368225,1.267027577960596,0.9040763428438292,9.62085664189697,0.0,0.0,0.3393329769242998,0.0,0.4680435354942235,0.080474533320605,0.0076386308950617,0.317982305740347,0.0113570370053074,2.4706869841463903,0.0113011635579758,0.0040214391695629,-13.731448974898722,376742000.0,-1350719000.0,-2541391000.0,3174789000.0,894714500.0,431969500.0,440614500.0,59.65308605465909,53.49494284047513,62.04980043806653,1.508723285791695,1.6824020219702815,1.4504478558288236,0.0100244228654264,0.0403764719135505,2007-05-01,0.15,bmo,901366039.0,2025-04-25,2007-03-31,0.8000000000000002,35.187704918032786,2083572.1311475409
2006-12-31,CBRE,USD,1138118,2007-03-01,2007-03-01 16:16:44,2006,Q4,1611832000.0,900577000.0,711255000.0,0.4412711747,0,461900000.0,0.0,461900000.0,25518000.0,487418000.0,1387995000.0,2254000.0,10252000.0,29614000.0,253451000.0,0.1572440552,223837000.0,0.1388711727,-8544000.0,215293000.0,0.1335703721,90195000.0,125098000.0,0.077612307,0.54,0.54,228453448,229663454,https://www.sec.gov/Archives/edgar/data/1138118/000119312507044383/0001193125-07-044383-index.htm,https://www.sec.gov/Archives/edgar/data/1138118/000119312507044383/d10k.htm,7.055406754027192,0.5475863949315398,1.24344807437531,1.167703977923765,1.0717588293961753,5.514370700152444,-5.995304566381506,5.172349160604483,11.010733355182278,7584654473.6,9845366473.6,15.15742552558794,4.705611052268475,26.69994886330834,28.43186340688094,6.418746872865786,6.418746872865786,6.1081840251341335,38.84524611700092,34.658240833597354,36.90637665069762,0.0164935661123957,0.0351718065639688,2.1200923123012827,0.4214202698199434,8.919720182599399,1.1605445503257323,21.833495903238397,2.2707797087083725,0.0,0.0,0.2865683272202066,0.0,0.4423192961850786,0.0609145633118597,0.0107356101628457,0.5843182278651989,0.0254586085894807,7.982914923704759,0.0301702874852299,0.0377346083471132,-15.253644803820164,306000000.0,-1369648000.0,-2472841000.0,3115971000.0,791065500.0,354997500.0,276066000.0,54.98841690697294,47.747488554560015,43.30393736460069,1.636708329906245,1.8849158924277023,2.07833295254975,0.1058680259063455,0.0757440964515449,2007-02-06,0.56,bmo,1384575438.0,2025-04-25,2006-12-31,0.0178571428571426,29.88111111111111,2630295.238095238
2006-09-30,CBRE,USD,1138118,2006-11-09,2006-11-09 15:37:33,2006,Q3,903876000.0,456994000.0,446882000.0,0.4944063124,0,293122000.0,0.0,293122000.0,14892000.0,308014000.0,765008000.0,0.0,0.0,15392000.0,154260000.0,0.1706650027,138868000.0,0.1536361182,3246000.0,142114000.0,0.1572273188,49805000.0,92309000.0,0.1021257341,0.41,0.39,226749704,233943772,https://www.sec.gov/Archives/edgar/data/1138118/000110465906073536/0001104659-06-073536-index.htm,https://www.sec.gov/Archives/edgar/data/1138118/000110465906073536/a06-21977_110q.htm,3.986227915869738,0.407096452042116,0.7227396424738001,0.8969008400557824,0.6098045446621619,4.650753590399395,-0.0942316555350387,4.524116159375449,1.722868842201443,5578042718.400001,5830429718.400001,15.106985013378978,6.171247735751365,34.03715329049738,27.42778120095195,5.43752616718754,5.43752616718754,6.450475196155225,37.79612160248931,35.5772158969008,28.668792746297427,0.0165486362618746,0.0364593837421049,0.3808188785407499,0.1505940729170441,1.6361143523920654,0.8655195421283733,0.0,1.7753523491750534,0.0,0.0,0.3242944828715443,0.0,0.4147539479578093,0.2409736333070948,0.0436907274891688,2.565683471933472,0.0,6.437345092111605,0.0489195132470943,0.0608015270695203,-3.942192577239263,-135646000.0,-21367000.0,-666548000.0,1094059000.0,544070500.0,219309500.0,109790000.0,59.476853019662,45.732022739904686,23.399322529398635,1.5131937120184822,1.967986426313659,3.846265202205109,0.0899836427052119,0.1741611975819822,2006-10-25,0.36,bmo,871109999.0,2025-04-25,2006-09-30,0.1111111111111112,23.34174603174603,1768642.857142857
2006-06-30,CBRE,USD,1138118,2006-08-09,2006-08-09 16:39:53,2006,Q2,836228000.0,412496000.0,423732000.0,0.5067182634,0,283598000.0,0.0,283598000.0,12255000.0,295853000.0,708349000.0,2976000.0,25783000.0,26488000.0,154367000.0,0.1845991763,127879000.0,0.1529236046,-25783000.0,102096000.0,0.1220911043,37842000.0,64254000.0,0.0768378959,0.28,0.27,225964727,233655941,https://www.sec.gov/Archives/edgar/data/1138118/000110465906053196/0001104659-06-053196-index.htm,https://www.sec.gov/Archives/edgar/data/1138118/000110465906053196/a06-15675_110q.htm,3.700701481607791,0.2843541151447057,0.4747997681956795,0.202991858990452,0.5633135830089092,4.199429763212557,-0.4092452889782218,4.073564986096259,1.9907664615283072,5626521702.299999,5923292702.299999,21.891717645204967,6.7284540846515535,52.443159554656624,122.66501781813425,6.112581997583875,6.112581997583875,7.083346530252514,38.37149586569668,55.20927505685631,129.13498664239464,0.011419843981715,0.0081522834935924,0.4606934193172707,0.1769075676106381,1.9225028665453108,0.7973327430092491,4.959818485048288,1.6697481868833068,0.0,0.0,0.339139564807684,0.0,0.4344460385195098,0.5724684960107375,0.0734476721659643,2.318748112352764,0.0,5.105148064442577,0.0456560643399704,0.0473963854115262,-3.99340313853498,-187679000.0,-92475000.0,-709782000.0,1010717000.0,500382500.0,204715000.0,100757500.0,52.82409821244923,45.034254877623056,21.985304099918544,1.7037678454639362,1.99847871902328,4.093643626259118,0.0698047327378482,0.2718079092052274,2006-07-26,0.29,bmo,770632352.0,2025-04-25,2006-06-30,0.1724137931034484,26.14429047619048,2319258.73015873
2006-03-31,CBRE,USD,1138118,2006-05-10,2006-05-10 15:38:50,2006,Q1,680091000.0,340445000.0,339646000.0,0.4994125786,0,265161000.0,0.0,265161000.0,14930000.0,280091000.0,620536000.0,3590000.0,2161000.0,16196000.0,75751000.0,0.1113836237,59555000.0,0.0875691635,-2161000.0,57394000.0,0.0843916476,20484000.0,36910000.0,0.0542721489,0.16,0.16,225559521,232948764,https://www.sec.gov/Archives/edgar/data/1138118/000110465906033238/0001104659-06-033238-index.htm,https://www.sec.gov/Archives/edgar/data/1138118/000110465906033238/a06-9869_110q.htm,3.015128765058869,0.1636375172121419,-0.8191097373362484,-0.8903370565324086,1.122049731609423,3.8256820025788234,-0.5842537677671341,3.745614444712356,2.971384213925512,6067551114.9,6482525114.9,41.096932504063936,8.92167535653317,-32.840532560971646,-30.213276873780025,7.181732235674828,7.181732235674828,9.53184958321754,85.57675957941149,-35.086573327812594,-32.27963348454368,0.0060831790785182,-0.0330980318413534,0.7907390463970911,0.2687539801406319,5.478132301883804,1.2213783570681915,27.559000462748728,-5.005635329179084,0.0,0.0,0.3898904705399718,0.0,0.400157455670838,-0.0869569923900453,0.0236233092336172,0.9919733267473452,0.0108279627285172,3.713592409480338,0.0203282563836077,0.0247539360837408,-4.153806036855345,160318000.0,-131784000.0,-738361000.0,1307936000.0,624546000.0,228555000.0,94471500.0,67.4848806997887,53.67166502665629,26.634258103364715,1.3336320530871413,1.67686245536264,3.379106699751861,0.0436877632835775,0.0712273191961602,2006-05-02,0.12,bmo,530329411.0,2025-04-25,2006-03-31,0.4166666666666668,22.88575322580645,1721511.2903225806
2005-12-31,CBRE,USD,1138118,2006-03-15,2006-03-15 16:47:33,2005,Q4,956014000.0,482407000.0,473607000.0,0.4953975569,0,301975000.0,0.0,301975000.0,12663000.0,314638000.0,797045000.0,3351000.0,13515000.0,13928000.0,172897000.0,0.1808519541,158969000.0,0.1662831297,4450000.0,163419000.0,0.1709378733,68007000.0,95412000.0,0.0998018857,0.42,0.42,224008743,225559521,https://www.sec.gov/Archives/edgar/data/1138118/000119312506055100/0001193125-06-055100-index.htm,https://www.sec.gov/Archives/edgar/data/1138118/000119312506055100/d10k.htm,4.267753067120242,0.4259298039987662,0.9949433089761144,0.6476756132683624,2.0056761802373044,3.573561412288269,-0.8446545320777948,3.543098315586727,3.779923893416964,4394312308.808101,4778244308.808101,11.514045164151524,4.596493679808142,19.716399741596675,30.2878471848096,5.5365948818587984,5.5365948818587984,4.998090309146206,27.63636331924846,21.43902577580404,32.93410282805321,0.0217126124169083,0.0330165427043469,1.0498132130505176,0.2959226074628011,2.2205821963365477,1.1363540085585992,11.762412134665189,2.335932587095962,0.0,0.0,0.3158688052685421,0.0,0.3515036552552996,0.3490326459555986,0.0813701472990981,5.585224009190121,0.0,5.827092014880991,0.0473073367846662,0.0522532617214134,-4.318688579043542,155144000.0,-189210000.0,-722216000.0,1282518000.0,620750000.0,223547000.0,76358000.0,69.58310233950549,47.40323005263191,16.453679154738634,1.2934174673741574,1.8986047976071,5.469901239327385,0.1202139387792386,0.3472676957077519,2006-02-01,0.37,bmo,888602325.0,2025-04-25,2005-12-31,0.1621621621621621,17.544922222222223,1504080.9523809524
2005-09-30,CBRE,USD,1138118,2005-11-08,2005-11-08 15:04:56,2005,Q3,744198000.0,380943000.0,363255000.0,0.4881160659,0,255706000.0,0.0,255706000.0,11665000.0,267371000.0,648314000.0,413000.0,10423000.0,13082000.0,108966000.0,0.1464207106,95884000.0,0.1288420555,-10423000.0,85461000.0,0.1148363742,28525000.0,56936000.0,0.0765065211,0.26,0.25,222532011,230331813,https://www.sec.gov/Archives/edgar/data/1138118/000110465905053451/0001104659-05-053451-index.htm,https://www.sec.gov/Archives/edgar/data/1138118/000110465905053451/a05-19759_110q.htm,3.344228979263572,0.2558553250120945,0.5643188116427887,0.5226394147851385,1.2787868078898543,3.188188507405346,-1.08700765751854,3.1586736525739663,3.446933304350537,3649524980.4,4121583980.4,16.02468113495855,4.90397042238759,29.06158657418836,31.379187133718528,5.192052679021092,5.192052679021092,5.538289514887167,37.82449553438687,32.820646608111225,35.438024319026,0.0156009344519569,0.0318682569990938,1.0764312724603289,0.3178181552408303,4.3321678321678325,1.0971163627874232,9.199270843327255,2.2056168329352257,0.0,0.0,0.3435994184343414,0.0,0.3996167515366272,0.0738578902523511,0.0124630810617604,0.7089894511542577,0.0,4.264232423859559,0.0363245324146892,0.0398339645135178,-4.39317919074573,80286000.0,-241894000.0,-764242000.0,1165093000.0,498090000.0,173156000.0,66297000.0,60.753428523054346,45.59949913766626,15.243934131877998,1.4813978764317364,1.973705889362672,5.903987725307255,0.0810008735165157,0.0416793968576502,2005-11-01,0.2,bmo,760720000.0,2025-04-25,2005-09-30,0.2499999999999999,15.35083125,1309406.25
2005-06-30,CBRE,USD,1138118,2005-08-09,2005-08-09 14:16:42,2005,Q2,672163000.0,338691000.0,333472000.0,0.4961177572,0,241730000.0,0.0,241730000.0,10818000.0,252548000.0,591239000.0,3058000.0,13374000.0,12499000.0,93423000.0,0.1389886084,80924000.0,0.1203934165,2631000.0,83555000.0,0.1243076456,33134000.0,50421000.0,0.0750130549,0.23,0.22,221355696,229097697,https://www.sec.gov/Archives/edgar/data/1138118/000119312505162340/0001193125-05-162340-index.htm,https://www.sec.gov/Archives/edgar/data/1138118/000119312505162340/d10q.htm,3.036574220344436,0.2277827086048872,0.3197387791638305,0.2819308521430593,0.8683625651991355,2.89649198817093,-1.3192929085502276,2.8702491577176312,3.598868311931761,3236220275.52,3827259275.52,16.04599410721723,4.814636145577784,45.724825866395385,51.85668715881231,5.093634453541849,5.093634453541849,5.693945182225145,40.96699180630038,54.07566513394371,61.32740358485426,0.0155802126268732,0.0192839160152571,1.2328022841097606,0.3494235726273507,6.326482771908417,1.0705300754041325,6.050844922984896,1.4037008389361576,0.0,0.0,0.3596300302158851,0.0,0.4163107399023718,0.118246298180174,0.0124508489756204,0.6695735658852708,0.0,3.835406806207904,0.0284296368709575,0.0385370282899895,-4.534760198806901,52745000.0,-292033000.0,-799829000.0,1119662000.0,415726000.0,159855500.0,67024000.0,66.12030117694667,40.73704349982727,18.088434590821723,1.3611553244312682,2.2092914032993485,4.975554935288155,0.0793599078297494,0.0378079270207711,2005-08-02,0.14,bmo,594144078.0,2025-04-25,2005-06-30,0.6428571428571428,12.278909375,1615917.1875
2005-03-31,CBRE,USD,1138118,2005-05-10,2005-05-10 13:44:17,2005,Q1,538266000.0,268046000.0,270220000.0,0.5020194476,0,223221000.0,0.0,223221000.0,10370000.0,233591000.0,501637000.0,2445000.0,12842000.0,12610000.0,49239000.0,0.0914770764,36629000.0,0.0680499976,-12842000.0,23787000.0,0.0441919051,9215000.0,14572000.0,0.0270721168,0.0667,0.0633,220598529,228554175,https://www.sec.gov/Archives/edgar/data/1138118/000119312505102408/0001193125-05-102408-index.htm,https://www.sec.gov/Archives/edgar/data/1138118/000119312505102408/d10q.htm,2.440025336705668,0.0660566508129344,-0.2700607310033332,-0.3024453531147526,0.715254089477632,2.657125605765032,-1.5724946198530634,2.626867017775989,3.005387220873082,2572906823.2857,3065264823.2857,44.14127819252162,4.779991348674633,-43.18769321503483,-38.56333013512942,4.440003974725229,4.440003974725229,5.694702662411707,62.25278383569325,-51.45220013908015,-45.94290716715928,0.0056636330037754,-0.0259313704624551,1.1219345520058397,0.3250279337987716,9.99935010865371,1.0565560151690574,2.8522815760784925,-4.08832006587977,0.0,0.0,0.414703882467033,0.0,0.4664621937593269,-0.1199160721779269,0.0132722482935946,0.5665344964314036,0.0137720012038657,1.9759164556777111,0.0146982791949023,0.0136542052834615,-4.397622252503778,31214000.0,-346890000.0,-830980000.0,1098838000.0,434964500.0,176142500.0,62449000.0,56.45361215458528,55.8736933212956,22.152652902859955,1.5942292541627916,1.6107759242344115,4.062718826257635,0.025146553048148,0.0323846221114194,2005-05-04,0.04252,bmo,269150000.0,2025-04-25,2005-03-31,0.8814675446848541,11.71163606557377,1036824.5901639344
2004-12-31,CBRE,USD,1138118,2005-03-15,2005-03-15 16:54:58,2004,Q4,798189000.0,406221000.0,391968000.0,0.4910716635,0,266876000.0,0.0,266876000.0,14856000.0,281732000.0,687953000.0,4264000.0,1964000.0,16175000.0,126411000.0,0.1583722652,110236000.0,0.1381076412,-1964000.0,108272000.0,0.1356470711,41839000.0,66433000.0,0.0832296611,0.3,0.3,219248793,220598529,https://www.sec.gov/Archives/edgar/data/1138118/000119312505051169/0001193125-05-051169-index.htm,https://www.sec.gov/Archives/edgar/data/1138118/000119312505051169/d10k.htm,3.6405628011826727,0.3030028083210474,0.65482686602521,0.5385297605720457,1.1717099851947643,2.5809628972507044,-1.684333103717474,2.5539388032115644,3.533752635071519,2451925026.7569,2967836026.7569,9.227059694567831,3.071860206989698,17.078254696363445,20.76635465442188,4.378844154737403,4.378844154737403,3.7182121361693774,23.47767224970058,20.671700402290867,25.13581566126516,0.0270942215912161,0.048154816607982,1.3801406559180496,0.3401984296779942,4.081219197696403,1.0674920404208197,56.12830957230143,2.161124742221486,0.0,0.0,0.334351889088925,0.0,0.4116685067502011,0.17759977711221,0.0319448150751263,1.5763833075734155,0.0301394782438745,4.172725628075368,0.0413822340303744,0.0497076264052825,-4.653094030944106,54607000.0,-369288000.0,-842068000.0,1127471000.0,460239000.0,178003500.0,78337500.0,60.01905563719871,41.18184436550547,13.05419956132253,1.4995237603208746,2.185429074065107,6.894333090069755,0.1186413738418567,0.1162971054531643,2005-02-02,0.27,bmo,718380000.0,2025-04-25,2004-12-31,0.111111111111111,9.1062453125,1019545.3125
2004-09-30,CBRE,USD,1138118,2004-11-09,2004-11-09 14:57:37,2004,Q3,574999000.0,300711000.0,274288000.0,0.4770234383,0,213226000.0,0.0,213226000.0,12340000.0,225566000.0,526277000.0,672000.0,30527000.0,21476000.0,70198000.0,0.1220836906,44682000.0,0.0777079612,-26487000.0,18195000.0,0.0316435333,6300000.0,11895000.0,0.0206869925,0.0567,0.0533,214339077,225553254,https://www.sec.gov/Archives/edgar/data/1138118/000119312504191089/0001193125-04-191089-index.htm,https://www.sec.gov/Archives/edgar/data/1138118/000119312504191089/d10q.htm,2.682660614424499,0.0554961800082772,0.3625097256530595,0.2575451978828853,0.6901448026670377,2.2623732768990137,-2.160609285445416,2.2312683561663373,3.6663076607351446,1650410892.9,2257791892.9,34.68707215006305,2.8702848055387924,21.240809432432435,29.897664811057577,3.450952001681136,3.450952001681136,3.92660142521987,32.16319400695177,29.05781071943372,40.90054514148039,0.007207296104971,0.0334474282964786,1.5793186798481125,0.3762707693288704,8.6523975042024,1.06416827510143,1.463687882857798,6.532156368221942,0.0,0.0,0.3708284710060365,0.0,0.4722741010896472,0.2895495495495495,0.0391270245687383,1.047588005215124,0.0,1.669162838869548,0.0191681525483995,0.0112288061593706,-4.826430926545419,40726000.0,-463103000.0,-847031000.0,1116820000.0,451687000.0,175830500.0,100635500.0,60.75918392901553,50.91832357313167,29.25686123886389,1.4812575512065185,1.7675365896667254,3.0762014853612127,0.0248720329201585,0.1049645277701741,2004-11-03,0.12,bmo,530769230.0,2025-04-25,2004-09-30,0.0833333333333334,6.690671875,524934.375
2004-06-30,CBRE,USD,1138118,2004-08-09,2004-08-09 14:16:13,2004,Q2,550916000.0,272611000.0,278305000.0,0.505167757,0,230539000.0,0.0,230539000.0,10830000.0,241369000.0,513980000.0,1950000.0,30031000.0,13400000.0,49989000.0,0.0907379709,25362000.0,0.0460360563,-18457000.0,6905000.0,0.0125336712,3940000.0,2965000.0,0.0053819457,0.0167,0.0133,191971482,208127787,https://www.sec.gov/Archives/edgar/data/1138118/000110465904023300/0001104659-04-023300-index.htm,https://www.sec.gov/Archives/edgar/data/1138118/000110465904023300/a04-8961_110q.htm,2.8697804187394875,0.0154450023988458,0.2514540154458983,0.2798384397532546,0.93551395305684,2.403273627902711,-2.526073117464395,2.360751687065686,5.438115021688482,1222224834.4494,2056564834.4494,103.05437052693088,2.218532107343769,25.319539991079715,22.75134182999944,2.6968952452231587,2.6968952452231587,3.7329916619764174,41.1403475654524,42.60367986512678,38.28232598889447,0.0024259039060809,0.043953451513854,2.237287537207881,0.4569163021005139,16.69047190381884,1.143046094381776,0.8445273217675069,16.28060708263069,0.0,0.0,0.4184648839387493,0.0,0.4264360481569806,0.1128811733510109,0.0098908000493723,0.4066417910447761,0.0,0.9057542978483196,0.0062192999295663,0.0023295426868073,-5.938237482586086,104365000.0,-484934000.0,-923761000.0,1174043000.0,430245000.0,185128000.0,106509500.0,84.16381081689404,59.93078048941532,34.175180018414515,1.069343214458327,1.5017324864623671,2.6334901513761024,0.0065424087096781,0.0283844243073562,2004-08-09,,bmo,,2025-04-25,2004-06-30,,6.300471428571428,3678557.142857143
2004-03-31,CBRE,USD,1138118,2004-05-17,2004-05-17 16:45:45,2004,Q1,440992000.0,224222000.0,216770000.0,0.4915508671,0,199251000.0,0.0,199251000.0,16831000.0,216082000.0,440304000.0,2307000.0,20679000.0,18493000.0,19528000.0,0.0442819824,-9272000.0,-0.0210253247,-15846000.0,-25118000.0,-0.0569579494,-8550000.0,-16568000.0,-0.0375698425,-0.0883,-0.0883,187566528,187566528,https://www.sec.gov/Archives/edgar/data/1138118/000119312504090092/0001193125-04-090092-index.htm,https://www.sec.gov/Archives/edgar/data/1138118/000119312504090092/d10q.htm,2.351123117233369,-0.0883313252991493,-0.4657920628567587,-0.5212710446930062,0.2892520354164683,1.700836515990742,-3.3606902399984717,1.664262826254373,4.991530258533122,1147288181.8176,2008599181.8176,-17.311808634379528,2.601607697685219,-13.13182530952877,-11.734202508029824,3.675320930989236,3.675320930989236,4.554729296262971,102.85739357935272,-22.99036457492646,-20.543495462117352,-0.0144410099071638,-0.0852209597810921,2.9329991030240903,0.4769225960874808,44.10646251536256,0.9804226171337324,-0.4483775811209439,5.273237566393047,0.0,0.0,0.4518245228938393,0.0,0.4945333600731351,-0.1191067565556789,0.023596799941949,0.5626993997728871,0.0110274109280893,,-0.0041012821264734,-0.0170740404096615,-6.572258724115211,-10838000.0,-630353000.0,-1057955000.0,1055875000.0,449252500.0,263693000.0,95018500.0,70.47046204919818,75.75193335176745,43.95277894229826,1.2771308344362422,1.1880884885415286,2.047652097678581,-0.0530753459764223,0.0554789818362474,2004-08-04,0.08,bmo,400654545.0,2025-04-25,2004-03-31,0.375,,
2003-12-31,CBRE,USD,1138118,2004-03-30,2004-03-30 16:25:20,2003,Q4,621257000.0,311545000.0,309712000.0,0.4985247651,0,678397000.0,0.0,678397000.0,268371000.0,268371000.0,579916000.0,2477000.0,27697000.0,39051000.0,80392000.0,0.1294021637,24319000.0,0.0391448306,-25220000.0,-901000.0,-0.0014502855,9183000.0,-10084000.0,-0.0162316079,-0.0497,-0.0497,203040765,203040765,https://www.sec.gov/Archives/edgar/data/1138118/000119312504053937/0001193125-04-053937-index.htm,https://www.sec.gov/Archives/edgar/data/1138118/000119312504053937/d10k.htm,3.0597648703697504,-0.0496649034985659,0.6631919457159255,0.5707179048502895,0.8071334837612536,1.6724966535660954,-3.0127152052446218,1.6397150591902074,5.420285921401055,1241939447.2755,2150900447.2755003,-30.78985142987654,1.999075177061184,9.22312166110059,10.71755406307873,3.7303432481865504,3.7303432481865504,3.4621749892162184,26.7551553298276,15.973416859942075,18.56160691130835,-0.0081195585035339,0.093304871066145,3.222434813428689,0.4846854343904465,11.306610110458752,1.0066773295961085,0.8780373325630935,-13.353332011106705,0.0,0.0,1.0919748187947982,0.0,0.429770574041521,0.1394378225836396,0.0302225970894492,0.4808071496248495,0.0220762100064868,,0.1638162848973556,-0.0079892757995613,-6.180251537172843,5565000.0,-611704000.0,-1034914000.0,1070423000.0,469817000.0,314182000.0,90252500.0,80.14161611056294,97.83334670753824,23.265178385145003,1.123012042530269,0.9199317311411708,3.868442292171106,-0.0302887402419134,0.092474040865636,2004-03-30,,bmo,,2025-04-25,2003-12-31,,,
2003-09-30,CBRE,USD,1138118,2003-11-14,2003-11-14 14:49:49,2003,Q3,423376000.0,208198000.0,215178000.0,0.5082432637,0,180298000.0,0.0,180298000.0,219051000.0,219051000.0,427249000.0,1788000.0,28255000.0,41071000.0,22501000.0,0.053146612,-20358000.0,-0.0480849174,-24149000.0,-46825000.0,-0.1105990892,-18380000.0,-28445000.0,-0.0671861419,-0.16,-0.16,172459215,172459215,https://www.sec.gov/Archives/edgar/data/1138118/000110465903026614/0001104659-03-026614-index.htm,https://www.sec.gov/Archives/edgar/data/1138118/000110465903026614/a03-5215_110q.htm,2.454934054988016,-0.1649375476978716,0.0222719325261917,-0.0183985529564192,0.4957346002067793,2.0607886914016165,-3.4306024180847627,2.021904135421236,5.93266065834754,1054881280.3905,1964274280.3905,-9.271236424595712,2.4915944229018647,274.63714667807864,-332.4554933471478,3.025217611875387,3.025217611875387,4.639550376947442,87.29719925294431,511.3965843245249,-619.0590231296881,-0.0269651197047217,-0.0030079214210962,2.853164360933306,0.5057828475910817,40.41567041464824,1.0713844840721198,-0.7205096443107415,-0.1350325188961153,0.0,0.0,0.4258578662937908,0.0,0.4814587925719259,1.826086956521739,0.0165668342088356,0.1707774341993133,0.0,,-0.0078496563351807,-0.027887719697289,-6.878855386185076,40479000.0,-591639000.0,-1004087000.0,1098225000.0,270326000.0,224645000.0,69675500.0,82.14570499981104,125.233047387583,43.215112537104105,1.0956141894479696,0.7186601450450979,2.0826047814344304,-0.0815753550370523,0.040670485482611,2003-11-14,,bmo,,2025-04-25,2003-09-30,,,
2003-06-30,CBRE,USD,1138118,2003-08-14,2003-08-14 14:26:26,2003,Q2,321717000.0,153066000.0,168651000.0,0.5242215985,0,137421000.0,0.0,137421000.0,139949000.0,139949000.0,293015000.0,701000.0,19549000.0,6329000.0,31230000.0,0.0970728933,25392000.0,0.0789265099,-16239000.0,9153000.0,0.0284504704,3981000.0,5172000.0,0.0160762409,0.04,0.04,125051097,127571679,https://www.sec.gov/Archives/edgar/data/1138118/000110465903018593/0001104659-03-018593-index.htm,https://www.sec.gov/Archives/edgar/data/1138118/000110465903018593/a03-2462_110q.htm,2.572684348382805,0.0413590933952382,-0.0303395979005286,-0.0303395979005286,1.7834149827570085,2.069178169624533,-3.261690699122775,2.0205500476337286,7.546355231094054,764900045.0199,1466013045.0198998,36.97312669276392,2.377555569086806,-201.60781365838164,-201.60781365838164,3.0272449856727297,3.0272449856727297,4.556840468548134,46.94246061543067,-386.4030166104112,-386.4030166104112,0.0067616677939474,-0.0049601252146629,3.657433352330294,0.591670662865316,22.44998398975344,0.8665387623021846,1.2988899687963578,-0.7335653518948183,0.0,0.0,0.4271487052285083,0.0,0.4268074609082137,0.0,0.0,0.0,0.0,1.3712339909444051,0.0106088232235039,0.0057770281591028,-7.5550836631205245,-56833000.0,-407878000.0,-934142000.0,678757000.0,155107000.0,160107500.0,38983500.0,43.14400544577998,93.8342283720748,23.1553055544667,2.08603719265484,0.9591382756740836,3.886798202178716,0.0204692249240121,0.0,2003-08-14,,bmo,,2025-04-25,2003-06-30,,,
2003-03-31,CBRE,USD,1138118,2003-05-14,2003-05-14 16:08:11,2003,Q1,263724000.0,123599000.0,140125000.0,0.5313319986,0,126175000.0,0.0,126175000.0,129283000.0,129283000.0,252882000.0,1075000.0,13249000.0,6171000.0,17013000.0,0.0645106247,10842000.0,0.0411111617,-13249000.0,-2407000.0,-0.0091269661,-1060000.0,-1347000.0,-0.0051076125,-0.01,-0.01,135262971,135262971,https://www.sec.gov/Archives/edgar/data/1138118/000110465903009816/0001104659-03-009816-index.htm,https://www.sec.gov/Archives/edgar/data/1138118/000110465903009816/j0823_10q.htm,1.949713199778822,-0.0099583795183679,-0.5231365204894102,-0.552708545785232,0.1432025324950167,1.8981987317135005,-3.0357606147805227,1.855858984496208,4.490075853797415,827363014.7157,1402085014.7157,-153.55661000662585,3.1372306453553715,-11.692358993169966,-11.06677297943714,3.295886191299412,3.295886191299412,5.316486230740092,82.41256772560396,-19.814375358116763,-18.75423034357085,-0.0016280640734984,-0.0903605777274072,2.366626963418569,0.4966095347639714,33.781343678363605,0.8017023292198495,0.8183259113895388,52.53229398663697,0.0,0.0,0.4784357889308519,0.0,0.5578736366250493,-0.0565283136190839,0.0151673719494623,0.6481931615621456,0.0080045805463287,,0.0060525774348771,-0.0025467278234268,-5.795263065750641,-55261000.0,-410626000.0,-716124000.0,678827000.0,192671500.0,171114000.0,33528500.0,53.2340628839241,116.96308222558434,28.096829262372676,1.6906468363356626,0.7694735662524591,3.203208417560773,-0.0053659138983942,0.0295720252958217,2003-05-14,,bmo,,2025-04-25,2003-03-31,,,
2002-12-31,CBRE,USD,1138118,2003-03-25,2003-03-25 16:34:58,2002,Q4,376466000.0,0.0,376466000.0,1.0,0,493949000.0,0.0,493949000.0,324262000.0,324262000.0,324262000.0,0.0,0.0,6507000.0,58711000.0,0.1559529944,52168000.0,0.1385729389,-13561000.0,38607000.0,0.1025510936,23510000.0,15097000.0,0.040101895,0.33,0.33,45087657,45087657,https://www.sec.gov/Archives/edgar/data/1138118/000104746903010098/0001047469-03-010098-index.htm,https://www.sec.gov/Archives/edgar/data/1138118/000104746903010098/a2105317z10-k.htm,8.349646556262615,0.3348366494182654,1.859755098828932,1.7270136702823125,1.7676899910767152,5.699031998934875,-9.121409879426649,5.574496807407845,14.037300718464923,275787671.5719,828995671.5719,4.566928389280982,0.7325699308088911,3.288981438390259,3.541778565655541,1.0972649570579411,1.0972649570579411,2.202046590055676,14.119937857844356,9.886415011829175,10.6463029469724,0.0547413882352028,0.2823440205147077,2.518128757345598,0.4777118764322095,9.422561359881453,0.8494870271146319,0.0,5.554216069417765,0.0,0.0,1.312068022079019,0.0,0.5043634272188492,0.0713757572866479,0.0158978500050469,0.2431543024295116,0.0423012967970547,6.480530938639856,0.0196263054337096,0.0229906937716342,-17.786880121093894,-61294000.0,-411263000.0,-721980000.0,673559000.0,215454500.0,156912500.0,36561500.0,54.83036980763203,0.0,0.0,1.6414260986339837,0.0,0.0,0.0600658070111919,0.1327414285466197,2003-03-25,,bmo,,2025-04-25,2002-12-31,,,
2002-09-30,CBRE,USD,1138118,2002-11-14,2002-11-14 12:07:38,2002,Q3,284928000.0,0.0,284928000.0,1.0,0,119852000.0,0.0,119852000.0,263766000.0,263766000.0,263766000.0,0.0,0.0,6404000.0,27566000.0,0.0967472484,21162000.0,0.0742713949,-14145000.0,7017000.0,0.0246272743,5136000.0,1881000.0,0.0066016678,0.0433,0.04,45048132,45677364,https://www.sec.gov/Archives/edgar/data/1138118/000110465902006157/0001104659-02-006157-index.htm,https://www.sec.gov/Archives/edgar/data/1138118/000110465902006157/j5468_10q.htm,6.324968147402871,0.0417553384899511,0.4697642068709974,0.4049890459386862,0.4103166808337358,5.819664176086147,-9.131788194902288,5.717506776973571,14.37606780232308,275545909.0044,904676909.0044,36.62226329138756,0.9670720638350742,13.02078768568188,15.103371464832277,1.0698194577808149,1.0698194577808149,3.1751070761890725,32.81857755947181,42.75006658181646,49.58764026553388,0.0068264486553126,0.0662103823857122,2.514394536482337,0.5161582646772133,22.82271638975549,0.8256321915369902,0.0,8.687192118226601,0.0,0.0,0.4206396001796945,0.0,0.536816869280926,0.1378886683678291,0.010241183737646,0.478831637676403,0.0,2.317664706725333,0.0053634350001837,0.0032366970203803,-17.770792360491217,-57797000.0,-411370000.0,-718849000.0,678634000.0,240641500.0,135161000.0,44357000.0,63.66534703504043,0.0,0.0,1.413641866280339,0.0,0.0,0.0073030675989951,0.0647751609323112,2002-11-14,,bmo,,2025-04-25,2002-09-30,,,
2002-06-30,CBRE,USD,1138118,2002-08-13,2002-08-13 14:23:40,2002,Q2,284893000.0,0.0,284893000.0,1.0,0,120735000.0,0.0,120735000.0,255630000.0,255630000.0,255630000.0,534000.0,14904000.0,4111000.0,33374000.0,0.1171457354,29263000.0,0.1027157564,-14370000.0,14893000.0,0.0522757667,7604000.0,7289000.0,0.0255850442,0.16,0.16,45103848,45651558,https://www.sec.gov/Archives/edgar/data/1138118/000110465902003716/0001104659-02-003716-index.htm,https://www.sec.gov/Archives/edgar/data/1138118/000110465902003716/j4311_10q.htm,6.3163790371056585,0.1616048369088154,0.3639157350831796,0.2925692725817983,0.4037571251126954,6.048220098648789,-8.956309004943437,5.946055866452903,16.89235029348272,275886707.0616,1004681707.0616,9.46243336059816,0.968387103444451,16.808011883855244,20.906843517853893,1.0286987100995562,1.0286987100995562,3.5265229649784304,30.10372466775334,61.20882826011941,76.13532184461958,0.0264202653242459,0.0478312280448278,2.7853611245758603,0.5525507000028848,21.83720860550129,0.8463553724758228,1.9634326355340848,2.2518864041706683,0.0,0.0,0.4237906863278494,0.0,0.5005921195216,0.1960521506031436,0.0112954688251378,0.7827779129165653,0.0,4.649785612514688,0.0122743291677432,0.0107959434860722,-18.38175204031372,-64042000.0,-403964000.0,-726348000.0,677648000.0,220119000.0,141330000.0,43492500.0,88.36801887024251,0.0,0.0,1.0184680063061484,0.0,0.0,0.0271784928595398,0.0713464625013812,2002-08-13,,bmo,,2025-04-25,2002-06-30,,,
2002-03-31,CBRE,USD,1138118,2002-05-14,2002-05-14 14:46:28,2002,Q1,223990000.0,0.0,223990000.0,1.0,0,112636000.0,0.0,112636000.0,221076000.0,221076000.0,221076000.0,0.0,0.0,7592000.0,10506000.0,0.0469038796,2914000.0,0.0130095094,-15153000.0,-12239000.0,-0.0546408322,-6144000.0,-6095000.0,-0.0272110362,-0.13,-0.13,45151899,45621045,https://www.sec.gov/Archives/edgar/data/1138118/000110465902002303/0001104659-02-002303-index.htm,https://www.sec.gov/Archives/edgar/data/1138118/000110465902002303/j3874_10q.htm,4.960810175447992,-0.134988785300038,-1.2523504271658652,-1.2998567347078802,0.4428828120828317,5.649175464358653,-8.691705303469075,5.550929319716984,14.265623689493104,276180620.6133,900303620.6133,-11.328163273720262,1.2330042439988391,-4.884176079887172,-4.705672430411817,1.1019235965180445,1.1019235965180445,4.01939202916782,85.69423382955453,-15.921614625496057,-15.339721943965854,-0.0220688909542789,-0.2125094797370935,2.569952321104395,0.5272511023961718,59.40633923472301,0.7874723156773572,0.0,9.27744052502051,0.0,0.0,0.5028617348988794,0.0,0.5300325705169291,-0.0379337176811799,0.0095763203714451,0.2825342465753425,0.0125764543059958,,0.0013781915209557,-0.0106158961505837,-17.8230432788663,-62854000.0,-392447000.0,-733695000.0,650478000.0,211867500.0,147831500.0,37251000.0,64.49390597794545,0.0,0.0,1.3954806835668585,0.0,0.0,-0.0243182316915035,0.047506307542015,2002-05-14,,bmo,,2025-04-25,2002-03-31,,,
2001-12-31,CBRE,USD,1138118,2002-03-27,2002-03-27 00:00:00,2001,Q4,337262000.0,0.0,337262000.0,1.0,0,0.0,0.0,0.0,290313000.0,290313000.0,290313000.0,0.0,0.0,6410000.0,53359000.0,0.1582123097,46949000.0,0.1392063144,-13861000.0,33088000.0,0.0981077026,16910000.0,16178000.0,0.0479686416,0.36,0.36,45151899,45151899,https://www.sec.gov/Archives/edgar/data/1138118/000091205702011967/0000912057-02-011967-index.htm,https://www.sec.gov/Archives/edgar/data/1138118/000091205702011967/a2074264z10-k.htm,7.469497573069961,0.3583016519415938,1.5570330718537442,0.5534207985360704,1.2723717334679543,5.795105096244125,-8.548920611290347,5.699959596383754,15.235328197381024,276180620.6133,906634620.6133,4.26784244982847,0.8188904193573541,3.928432934772343,11.052530038950694,1.073112869761505,1.073112869761505,2.6882204950848303,16.991222110858523,12.896101455319116,36.28280056880502,0.0585776075239252,0.090477021684253,2.672883542375779,0.506052511746397,11.815326374182424,0.851087020631569,0.0,4.345592780318952,0.0,0.0,0.0,0.0,0.4764472510083841,0.644567088175469,0.134361416346935,0.0,0.0,6.778780210049179,0.0208431610975242,0.0227317115666446,-18.316737907302635,-63119000.0,-386000000.0,-736947000.0,652992000.0,243666500.0,150687000.0,29291500.0,70.24260070805487,0.0,0.0,1.2812737440354982,0.0,0.0,0.0628603845137626,1.0036122733176738,2002-03-27,,bmo,,2025-04-25,2001-12-31,,,
2001-09-30,CBRE,USD,1138118,2001-11-14,2001-11-14 00:00:00,2001,Q3,225566000.0,0.0,225566000.0,1.0,0,90336000.0,0.0,90336000.0,209783000.0,209783000.0,209783000.0,1173000.0,12234000.0,5788000.0,21571000.0,0.0956305472,15783000.0,0.0699706516,-12234000.0,3549000.0,0.0157337542,1571000.0,1978000.0,0.0087690521,0.0567,0.0567,35596377,35596377,https://www.sec.gov/Archives/edgar/data/1138118/000091205701539725/0000912057-01-539725-index.htm,https://www.sec.gov/Archives/edgar/data/1138118/000091205701539725/a2063422z10-q.htm,6.336768486298479,0.0555674528337532,0.1712252907086583,0.1712252907086583,0.6801534886541964,6.951915359251308,-11.66733906655725,6.870446394024875,18.313605342476286,217732359.1959,833185359.1959,27.5192567234454,0.9652711809222134,35.72311061458573,35.72311061458573,0.8902914962439126,0.8902914962439126,3.6937541969795977,38.62525423929813,136.699812829516,136.699812829516,0.0090845476864572,0.0279930829873393,2.6155387364400995,0.5244703756360494,28.53150062584025,0.8527336913885704,1.2900931829328102,0.0,0.0,0.0,0.4004858888307635,0.0,0.5434219005967345,0.0,0.0,0.0,0.0,2.930852629151314,0.0087687806165084,0.0035520597636748,-21.52972618533622,-48807000.0,-415315000.0,-689562000.0,682079000.0,112054500.0,79021437.0,13502000.0,89.41866238706187,0.0,0.0,1.0065013007063528,0.0,0.0,0.0080878955524752,0.0,2001-11-14,,bmo,,2025-04-25,2001-09-30,,,
2001-06-30,CBRE,USD,1138118,2001-08-27,2001-08-27 00:00:00,2001,Q2,0.0,0.0,0.0,0.0,0,0.0,0.0,0.0,-1195330.0,-1195330.0,-1195330.0,579845.0,1775175.0,0.0,-1195330.0,,-1195330.0,,0.0,-1195330.0,,-464983.0,-730347.0,,-0.0205,-0.0205,35596377,35596377,https://www.sec.gov/Archives/edgar/data/1138118/000091205701530392/0000912057-01-530392-index.htm,https://www.sec.gov/Archives/edgar/data/1138118/000091205701530392/a2058088z10-q.htm,0.0,-0.0205174532228378,,,6.4472651247625565,0.0882059710739663,0.0882059710739663,0.0882059710739663,6.388763777841773,217732359.1959,213874748.1959,-74.53044894957465,0.0,0.0,0.0,69.34564548777269,69.34564548777269,0.0,-178.9252743559519,0.0,0.0,-0.0033543337457841,,71.86468397958733,0.9470084332315476,3.2272351568186197,24.302658528959537,-0.673358964609123,0.0,,,0.0,0.0,0.0,0.0,0.0,0.0,0.0,,-0.003192334421542,-0.0030652351192516,-0.1581274127982182,221057734.0,3139813.0,-4583935.0,221057734.0,,,,0.0,0.0,0.0,0.0,0.0,0.0,-0.2326084387828192,,2001-08-27,,bmo,,2025-04-25,2001-06-30,,,
