date,symbol,reportedCurrency,cik,fillingDate,acceptedDate,calendarYear,period,revenue,costOfRevenue,grossProfit,grossProfitRatio,researchAndDevelopmentExpenses,generalAndAdministrativeExpenses,sellingAndMarketingExpenses,sellingGeneralAndAdministrativeExpenses,otherExpenses,operatingExpenses,costAndExpenses,interestIncome,interestExpense,depreciationAndAmortization,ebitda,ebitdaratio,operatingIncome,operatingIncomeRatio,totalOtherIncomeExpensesNet,incomeBeforeTax,incomeBeforeTaxRatio,incomeTaxExpense,netIncome,netIncomeRatio,eps,epsdiluted,weightedAverageShsOut,weightedAverageShsOutDil,link,finalLink,revenuePerShare,netIncomePerShare,operatingCashFlowPerShare,freeCashFlowPerShare,cashPerShare,bookValuePerShare,tangibleBookValuePerShare,shareholdersEquityPerShare,interestDebtPerShare,marketCap,enterpriseValue,peRatio,priceToSalesRatio,pocfratio,pfcfRatio,pbRatio,ptbRatio,evToSales,enterpriseValueOverEBITDA,evToOperatingCashFlow,evToFreeCashFlow,earningsYield,freeCashFlowYield,debtToEquity,debtToAssets,netDebtToEBITDA,currentRatio,interestCoverage,incomeQuality,dividendYield,payoutRatio,salesGeneralAndAdministrativeToRevenue,researchAndDdevelopementToRevenue,intangiblesToTotalAssets,capexToOperatingCashFlow,capexToRevenue,capexToDepreciation,stockBasedCompensationToRevenue,grahamNumber,roic,returnOnTangibleAssets,grahamNetNet,workingCapital,tangibleAssetValue,netCurrentAssetValue,investedCapital,averageReceivables,averagePayables,averageInventory,daysSalesOutstanding,daysPayablesOutstanding,daysOfInventoryOnHand,receivablesTurnover,payablesTurnover,inventoryTurnover,roe,capexPerShare,report_date,epsEstimated,time,revenueEstimated,updatedFromDate,fiscalDateEnding,surprise(%),QuarterAvgPrice,QuarterAvgVolume
2025-03-31,CCI,USD,1051470,2025-04-30,2025-04-30 16:17:21,2025,Q1,1061000000.0,0.0,1061000000.0,1.0,0,0.0,0.0,93000000.0,447000000.0,540000000.0,540000000.0,3000000.0,-236000000.0,177000000.0,-528000000.0,-0.4976437323,521000000.0,0.4910461828,-232000000.0,289000000.0,0.2723845429,-5000000.0,-464000000.0,-0.4373232799,-1.07,-1.06,435000000,436000000,https://www.sec.gov/Archives/edgar/data/1051470/000105147025000124/0001051470-25-000124-index.htm,https://www.sec.gov/Archives/edgar/data/1051470/000105147025000124/q12025earningsrelease.htm,2.439080459770115,-1.0666666666666669,0.6206896551724138,0.5287356321839081,0.5379310344827586,-2.8804597701149426,-16.949425287356323,-2.8804597701149426,67.67586206896551,45340050000.0,74781050000.0,-24.42890625,42.73331762488219,167.9261111111111,197.13065217391303,-36.185195530726254,-36.185195530726254,70.48166823751178,-141.63077651515152,276.96685185185186,325.135,-0.0102337778630592,0.0050727778200509,-23.68316041500399,0.9343513853904282,-55.759469696969695,0.3677966101694915,-2.207627118644068,-0.5818965517241379,0.0152183334601527,-1.487068965517241,0.0,0.0,0.1926952141057934,0.1481481481481481,0.0377002827521206,0.2259887005649717,0.0169651272384542,,0.0173314751260733,-0.0180967238689547,-70.8971264367816,-1865000000.0,-7373000000.0,-31928000000.0,16313000000.0,1619500000.0,117000000.0,0.0,219.27426955702168,0.0,0.0,0.4104448742746615,0.0,0.0,0.3703112529928172,0.0919540229885057,2025-04-30,1.02,amc,1040480770.0,2025-05-11,2025-03-31,0.0784313725490196,93.36716666666666,3356456.9833333334
2024-12-31,CCI,USD,1051470,2025-03-14,2025-03-14 16:23:11,2024,Q4,1649000000.0,464000000.0,1185000000.0,0.7186173438,0,0.0,0.0,166000000.0,5524000000.0,5690000000.0,6154000000.0,5000000.0,232000000.0,437000000.0,-4094000000.0,-2.4827167981,-4505000000.0,-2.7319587629,-258000000.0,-4763000000.0,-2.8884172226,5000000.0,-4768000000.0,-2.8914493633,-10.96,-10.96,434000000,434000000,https://www.sec.gov/Archives/edgar/data/1051470/000105147025000089/0001051470-25-000089-index.htm,https://www.sec.gov/Archives/edgar/data/1051470/000105147025000089/cci-20241231.htm,3.799539170506912,-10.986175115207374,2.02073732718894,1.3847926267281103,0.2741935483870967,-0.3064516129032258,-18.527649769585253,-0.3064516129032258,68.76728110599079,39389840000.0,68712840000.0,-2.0653229865771814,23.88710733778047,44.91429874572407,65.54049916805324,-296.1642105263158,-296.1642105263158,41.66939963614312,-16.783790913532,78.34987457240592,114.33084858569052,-0.121046442432871,0.0152577415902171,-222.65413533834587,0.904600439882698,-7.162432828529555,0.5006890215893431,-19.41810344827586,-0.1839345637583892,0.0172633349107282,-0.1426174496644295,0.0,0.0,0.2415689149560117,0.314709236031927,0.1673741661613098,0.631578947368421,0.0139478471801091,,-0.1446863602391053,-0.1920412437570484,-74.33064516129032,-1087000000.0,-8041000000.0,-31779000000.0,28113000000.0,1782500000.0,196000000.0,0.0,35.694360218314124,37.241379310344826,0.0,2.521406727828746,2.4166666666666665,0.0,35.849624060150376,0.6359447004608295,2025-03-13,1.82,amc,1637620970.0,2025-05-11,2024-12-31,-0.0109890109890109,104.54859375,2928830.5625
2024-09-30,CCI,USD,1051470,2024-10-30,2024-10-30 16:05:52,2024,Q3,1652000000.0,430000000.0,1222000000.0,0.7397094431,0,0.0,0.0,153000000.0,525000000.0,678000000.0,1108000000.0,6000000.0,228000000.0,432000000.0,968000000.0,0.5859564165,544000000.0,0.3292978208,-236000000.0,308000000.0,0.186440678,5000000.0,303000000.0,0.1834140436,0.7,0.69,435000000,436000000,https://www.sec.gov/Archives/edgar/data/1051470/000105147024000216/0001051470-24-000216-index.htm,https://www.sec.gov/Archives/edgar/data/1051470/000105147024000216/cci-20240930.htm,3.7977011494252872,0.696551724137931,1.606896551724138,0.9241379310344828,0.8413793103448276,12.17471264367816,-17.625287356321838,12.17471264367816,68.65287356321839,51604050000.0,80874050000.0,42.57759900990099,31.23731840193705,73.8255364806867,128.36828358208956,9.743967145015104,9.743967145015104,48.95523607748184,83.54757231404959,115.69964234620888,201.1792288557214,0.0058716321684053,0.0077900862432309,5.5959214501510575,0.7790132218805036,30.237603305785125,0.536003814973772,2.3859649122807016,2.3069306930693068,0.013196638635921,2.247524752475248,0.0,0.0,0.3407459979496885,0.4248927038626609,0.1797820823244552,0.6875,0.0181598062953995,13.813295564920509,0.0144021322201574,0.0120813397129186,-69.42011494252874,-973000000.0,-7667000000.0,-31623000000.0,33476000000.0,1730000000.0,212500000.0,0.0,158.58958837772397,41.860465116279066,0.0,0.5675025764342151,2.15,0.0,0.0572129909365558,0.6827586206896552,2024-10-16,1.8,amc,1633560000.0,2025-04-25,2024-09-30,0.0222222222222222,110.145,2214534.21875
2024-06-30,CCI,USD,1051470,2024-07-30,2024-07-30 16:11:39,2024,Q2,1626000000.0,459000000.0,1167000000.0,0.7177121771,0,0.0,0.0,204000000.0,505000000.0,683000000.0,1142000000.0,226000000.0,222000000.0,430000000.0,963000000.0,0.5922509225,484000000.0,0.2976629766,-227000000.0,258000000.0,0.1586715867,7000000.0,251000000.0,0.1543665437,0.58,0.58,435000000,435000000,https://www.sec.gov/Archives/edgar/data/1051470/000105147024000186/0001051470-24-000186-index.htm,https://www.sec.gov/Archives/edgar/data/1051470/000105147024000186/cci-20240630.htm,3.737931034482759,0.5770114942528736,1.7655172413793103,1.0091954022988503,0.3563218390804598,12.993103448275862,-17.02758620689655,12.993103448275862,68.05287356321838,41751300000.0,70977300000.0,41.58496015936255,25.67730627306273,54.363671875,95.10546697038724,7.3869957537154995,7.3869957537154995,43.65147601476015,73.70436137071651,92.418359375,161.67949886104785,0.0060117888544787,0.0105146426578334,5.198336871903751,0.7682110547508236,30.34890965732087,0.4334402566158781,2.18018018018018,3.0597609561752988,0.0162869180121337,2.7091633466135456,0.0,0.0,0.3414474716310202,0.4283854166666667,0.2023370233702337,0.7651162790697674,0.02460024600246,12.987930004531744,0.0127520167110159,0.009965458371382,-73.62586206896552,-1413000000.0,-7407000000.0,-31513000000.0,33274000000.0,526000000.0,220500000.0,0.0,30.387453874538743,44.11764705882353,0.0,2.9617486338797816,2.04,0.0,0.0444090587402689,0.7563218390804598,2024-07-17,1.65,amc,1614360000.0,2025-04-25,2024-06-30,-0.018181818181818,98.48746031746032,2958472.73015873
2024-03-31,CCI,USD,1051470,2024-05-01,2024-05-01 16:06:20,2024,Q1,1641000000.0,464000000.0,1177000000.0,0.717245582,0,0.0,0.0,183000000.0,2000000.0,622000000.0,1086000000.0,4000000.0,218000000.0,439000000.0,994000000.0,0.6057282145,538000000.0,0.3278488726,-220000000.0,318000000.0,0.1937842779,7000000.0,311000000.0,0.1895185862,0.72,0.71,434000000,435000000,https://www.sec.gov/Archives/edgar/data/1051470/000105147024000143/0001051470-24-000143-index.htm,https://www.sec.gov/Archives/edgar/data/1051470/000105147024000143/cci-20240331.htm,3.78110599078341,0.716589861751152,1.380184331797235,0.6428571428571429,0.2880184331797235,13.935483870967742,-16.382488479262673,13.935483870967742,67.60829493087557,45248840000.0,74247840000.0,36.37366559485531,27.573942717854965,75.54063439065108,162.1822222222222,7.48162037037037,7.48162037037037,45.2454844606947,74.69601609657947,123.95298831385642,266.12129032258065,0.0068731043712943,0.0061659039215148,4.815476190476191,0.7617901702806623,29.17404426559356,0.418236301369863,2.467889908256881,1.9260450160771705,0.0152048096702589,2.212218649517685,0.0,0.0,0.3441709607386676,0.5342237061769616,0.1950030469226081,0.7289293849658315,0.0231566118220597,14.989516181717612,0.0141966767229076,0.0124037809595979,-72.9971198156682,-1359000000.0,-7110000000.0,-31206000000.0,33466000000.0,550000000.0,234000000.0,0.0,27.586837294332724,41.89655172413793,0.0,3.262425447316103,2.1481481481481484,0.0,0.0514219576719576,0.7373271889400922,2024-04-17,1.71,amc,1626720000.0,2025-04-25,2024-03-31,0.0058479532163742,108.77770491803278,2770240.7540983604
2023-12-31,CCI,USD,1051470,2024-02-23,2024-02-23 16:08:44,2023,Q4,1674000000.0,453000000.0,1221000000.0,0.729390681,0,0.0,0.0,178000000.0,-2000000.0,635000000.0,1088000000.0,218000000.0,216000000.0,394000000.0,998000000.0,0.596176822,604000000.0,0.3608124253,-220000000.0,368000000.0,0.219832736,5000000.0,363000000.0,0.2168458781,0.83,0.83,434000000,434000000,https://www.sec.gov/Archives/edgar/data/1051470/000105147024000062/0001051470-24-000062-index.htm,https://www.sec.gov/Archives/edgar/data/1051470/000105147024000062/cci-20231231.htm,3.857142857142857,0.836405529953917,2.0,1.1774193548387095,0.3617511520737327,14.702764976958523,-15.859447004608295,14.702764976958523,66.88940092165899,49992460000.0,78701460000.0,34.430068870523414,29.864074074074075,57.595,97.83260273972604,7.834580786710547,7.834580786710547,47.01401433691756,78.85917835671343,90.66988479262672,154.0145988258317,0.0072610949731219,0.0102215414084443,4.51559316721517,0.7478910893658992,28.766533066132265,0.3992263056092843,2.7962962962962963,2.404432132963989,0.0135820481728644,1.870523415977961,0.0,0.0,0.3442780387779998,0.4112903225806452,0.2132616487455197,0.8132118451025057,0.0185185185185185,16.634096413020753,0.0160552286038661,0.0143688398052487,-72.67569124423963,-1553000000.0,-6883000000.0,-31114000000.0,33564000000.0,612000000.0,233500000.0,0.0,32.096774193548384,50.06622516556292,0.0,2.8040201005025125,1.7976190476190477,0.0,0.0568876351669017,0.8225806451612904,2024-01-24,1.79,amc,1660360000.0,2025-04-25,2023-12-31,0.0167597765363128,102.425873015873,3828987.365079365
2023-09-30,CCI,USD,1051470,2023-11-01,2023-11-01 16:05:16,2023,Q3,1667000000.0,486000000.0,1181000000.0,0.7084583083,0,0.0,0.0,176000000.0,585000000.0,695000000.0,1181000000.0,214000000.0,209000000.0,439000000.0,1005000000.0,0.6028794241,566000000.0,0.3395320936,-214000000.0,272000000.0,0.1631673665,7000000.0,265000000.0,0.1589682064,0.61,0.61,434000000,434000000,https://www.sec.gov/Archives/edgar/data/1051470/000105147023000162/0001051470-23-000162-index.htm,https://www.sec.gov/Archives/edgar/data/1051470/000105147023000162/cci-20230930.htm,3.8410138248847927,0.6105990783410138,1.228110599078341,0.4285714285714285,0.2695852534562212,15.366359447004609,-15.419354838709678,15.366359447004609,66.6774193548387,39941020000.0,68553020000.0,37.680207547169815,23.9598200359928,74.93624765478424,214.73666666666668,5.989056830109462,5.989056830109462,41.12358728254349,68.21196019900498,128.61729831144464,368.564623655914,0.006634782987515,0.0046568665497275,4.3078422552106765,0.7423706038915734,28.46965174129353,0.4417418595527658,2.708133971291866,2.011320754716982,0.017025103515133,2.5660377358490565,0.0,0.0,0.3452543993384842,0.651031894934334,0.2081583683263347,0.7904328018223234,0.020995800839832,14.529639039062506,0.014777409784795,0.0104585997316283,-72.44873271889401,-1423000000.0,-6692000000.0,-30904000000.0,33820000000.0,620000000.0,227500000.0,0.0,33.851229754049186,39.81481481481482,0.0,2.6586921850079746,2.26046511627907,0.0,0.0397360923676713,0.7995391705069125,2023-10-18,1.78,amc,1680260000.0,2025-04-25,2023-09-30,-0.0056179775280898,103.60095238095238,3123530.206349206
2023-06-30,CCI,USD,1051470,2023-08-02,2023-08-02 16:03:14,2023,Q2,1867000000.0,522000000.0,1345000000.0,0.7204070702,0,0.0,0.0,210000000.0,-2000000.0,680000000.0,1202000000.0,203000000.0,201000000.0,445000000.0,1135000000.0,0.6079271559,690000000.0,0.3695768613,-205000000.0,462000000.0,0.2474558115,7000000.0,455000000.0,0.243706481,1.05,1.05,434000000,434000000,https://www.sec.gov/Archives/edgar/data/1051470/000105147023000128/0001051470-23-000128-index.htm,https://www.sec.gov/Archives/edgar/data/1051470/000105147023000128/cci-20230630.htm,4.301843317972351,1.0483870967741935,2.578341013824885,1.705069124423963,0.6359447004608295,16.235023041474655,-14.808755760368664,16.235023041474655,66.15437788018433,49449960000.0,77683960000.0,27.17030769230769,26.48632029994644,44.19120643431635,66.82427027027028,7.018160658529662,7.018160658529662,41.6089769683985,68.44401762114538,69.42266309204648,104.97832432432432,0.0092012207896629,0.0149646228227484,4.046267385750781,0.7302392295476666,24.87577092511013,0.495045871559633,3.4328358208955225,2.4539473684210527,0.0137108300997614,1.49010989010989,0.0,0.0,0.3450899031811895,0.3386952636282395,0.2029994643813604,0.851685393258427,0.0267809319764327,19.569446725228573,0.0181318494729028,0.0177949861159998,-72.02822580645162,-1376000000.0,-6427000000.0,-30647000000.0,34053000000.0,651500000.0,236500000.0,0.0,29.55008034279593,41.37931034482759,0.0,3.0456769983686787,2.175,0.0,0.0645756457564575,0.8732718894009217,2023-07-19,1.99,amc,1857480000.0,2025-04-25,2023-06-30,0.0301507537688441,119.02403225806452,2604362.9677419355
2023-03-31,CCI,USD,1051470,2023-05-03,2023-05-03 16:02:38,2023,Q1,1773000000.0,519000000.0,1254000000.0,0.7072758037,0,0.0,0.0,195000000.0,-3000000.0,629000000.0,1148000000.0,200000000.0,195000000.0,431000000.0,1059000000.0,0.5972927242,628000000.0,0.3542019177,-203000000.0,425000000.0,0.2397067118,7000000.0,418000000.0,0.2357586012,0.97,0.96,433000000,434000000,https://www.sec.gov/Archives/edgar/data/1051470/000105147023000106/0001051470-23-000106-index.htm,https://www.sec.gov/Archives/edgar/data/1051470/000105147023000106/cci-20230331.htm,4.094688221709007,0.9653579676674364,1.3995381062355658,0.6120092378752887,0.4318706697459584,16.681293302540414,-14.683602771362589,16.681293302540414,66.31177829099308,57952720000.0,86283720000.0,34.660717703349285,32.68624929498026,95.63155115511552,218.68950943396223,8.023358715215286,8.023358715215286,48.665380710659896,81.47660056657224,142.38237623762376,325.5989433962264,0.0072127762079156,0.0045726930504728,3.948220960819604,0.7302196958058074,26.752596789423983,0.5226824457593688,3.2205128205128206,1.4497607655502391,0.011837235594809,1.6411483253588517,0.0,0.0,0.3477492702412045,0.5627062706270627,0.1923293852227862,0.7911832946635731,0.0231246474901297,19.03488735227001,0.0163973789579546,0.0164095316609743,-71.88568129330254,-1210000000.0,-6358000000.0,-30506000000.0,34345000000.0,705000000.0,234500000.0,0.0,35.025380710659896,40.40462427745665,0.0,2.5695652173913044,2.227467811158798,0.0,0.0578706908486778,0.7875288683602771,2023-04-19,1.94,amc,1760990000.0,2025-04-25,2023-03-31,-0.0154639175257732,138.24193548387098,2026468.7903225808
2022-12-31,CCI,USD,1051470,2023-02-24,2023-02-24 16:08:38,2022,Q4,1764000000.0,520000000.0,1244000000.0,0.7052154195,0,0.0,0.0,192000000.0,-5000000.0,637000000.0,1157000000.0,191000000.0,186000000.0,382000000.0,1003000000.0,0.5685941043,621000000.0,0.3520408163,-196000000.0,416000000.0,0.2358276644,2000000.0,414000000.0,0.2346938776,0.95,0.95,433000000,434000000,https://www.sec.gov/Archives/edgar/data/1051470/000105147023000041/0001051470-23-000041-index.htm,https://www.sec.gov/Archives/edgar/data/1051470/000105147023000041/cci-20221231.htm,4.073903002309469,0.9561200923787528,1.9399538106235563,1.0415704387990763,0.4295612009237875,17.20323325635104,-14.392609699769054,17.20323325635104,65.00230946882218,58732119999.99999,86536120000.0,35.466256038647344,33.29485260770975,69.91919047619047,130.22643015521064,7.884564371056516,7.884564371056516,49.05675736961451,86.27728813559322,103.01919047619047,191.8760975609756,0.0070489537922349,0.0076789327543429,3.753523962948047,0.718378253385062,27.720837487537388,0.445624313438301,3.338709677419355,2.028985507246377,0.0115439388191674,1.6376811594202898,0.0,0.0,0.3515068985894504,0.4630952380952381,0.2205215419501134,0.902552204176334,0.0204081632653061,19.237672204068787,0.0165425847339843,0.0164025356576862,-71.00692840646651,-1514000000.0,-6232000000.0,-30255000000.0,34100000000.0,685500000.0,232500000.0,0.0,36.734693877551024,40.84615384615385,0.0,2.45,2.2033898305084745,0.0,0.0555779299234796,0.8983833718244804,2023-01-25,1.83,amc,1744771327.0,2025-04-25,2022-12-31,0.0109289617486338,135.22746031746033,2508749.888888889
2022-09-30,CCI,USD,1051470,2022-11-04,2022-11-04 16:20:19,2022,Q3,1746000000.0,524000000.0,1222000000.0,0.6998854525,0,0.0,0.0,187000000.0,-2000000.0,624000000.0,1148000000.0,176000000.0,171000000.0,429000000.0,1023000000.0,0.5859106529,605000000.0,0.3465063001,-180000000.0,422000000.0,0.2416953036,3000000.0,419000000.0,0.2399770905,0.97,0.97,433000000,434000000,https://www.sec.gov/Archives/edgar/data/1051470/000105147022000173/0001051470-22-000173-index.htm,https://www.sec.gov/Archives/edgar/data/1051470/000105147022000173/cci-20220930.htm,4.032332563510392,0.9676674364896074,1.618937644341801,0.8406466512702079,0.4018475750577367,17.734411085450347,-14.103926096997691,17.734411085450347,64.52424942263279,62590150000.00001,90184150000.0,37.34495823389022,35.84773768613975,89.28694721825964,171.95096153846157,8.150820419325433,8.150820419325433,51.65186139747996,88.15654936461388,128.65071326676176,247.75865384615383,0.0066943440781017,0.0058156115618831,3.616095845813257,0.714546717789043,26.973607038123166,0.4574303405572755,3.538011695906433,1.6730310262529833,0.0101773202332954,1.5202863961813842,0.0,0.0,0.3547515503975708,0.4807417974322396,0.193012600229095,0.7855477855477856,0.0211912943871706,19.65000693475676,0.0160443122898691,0.0167098703888335,-70.48441108545035,-1402000000.0,-6107000000.0,-30000000000.0,34262000000.0,639000000.0,229500000.0,0.0,33.55670103092783,39.332061068702295,0.0,2.6820276497695854,2.2882096069869,0.0,0.054564396405782,0.7782909930715936,2022-10-19,1.83,amc,1733875928.0,2025-04-25,2022-09-30,0.0109289617486338,171.14203125,1428035.5
2022-06-30,CCI,USD,1051470,2022-08-05,2022-08-05 16:24:01,2022,Q2,1734000000.0,514000000.0,1220000000.0,0.7035755479,0,0.0,0.0,190000000.0,-2000000.0,629000000.0,1143000000.0,165000000.0,158000000.0,427000000.0,1030000000.0,0.5940023068,603000000.0,0.3477508651,-167000000.0,426000000.0,0.2456747405,5000000.0,421000000.0,0.2427912341,0.97,0.97,433000000,434000000,https://www.sec.gov/Archives/edgar/data/1051470/000105147022000153/0001051470-22-000153-index.htm,https://www.sec.gov/Archives/edgar/data/1051470/000105147022000153/cci-20220630.htm,4.0046189376443415,0.9722863741339492,1.7990762124711317,1.0993071593533488,0.648960739030023,18.15473441108545,-13.967667436489608,18.15473441108545,64.21478060046189,72908540000.0,100274540000.0,43.29485748218527,42.04644752018454,93.59247753530168,153.16920168067227,9.27471568502735,9.27471568502735,57.82845444059977,97.35392233009708,128.72213093709885,210.66079831932777,0.0057743578461453,0.0065287276360217,3.516982572191833,0.7086612154922718,26.56893203883495,0.689470871191876,3.816455696202531,1.850356294536817,0.0087369737482056,1.513064133016627,0.0,0.0,0.3565221849127214,0.3889602053915276,0.1747404844290657,0.7096018735362998,0.0259515570934256,19.92889911944912,0.0158658821941232,0.0167702358189929,-70.209584295612,-581000000.0,-6048000000.0,-29862000000.0,35210000000.0,617500000.0,227000000.0,0.0,32.54325259515571,40.27237354085603,0.0,2.7655502392344498,2.234782608695652,0.0,0.0535555272866047,0.6997690531177829,2022-07-20,1.79,amc,1713209047.0,2025-04-25,2022-06-30,0.0055865921787709,181.93725806451613,1736081.661290323
2022-03-31,CCI,USD,1051470,2022-04-29,2022-04-29 16:17:54,2022,Q1,1742000000.0,509000000.0,1233000000.0,0.7078071183,0,0.0,0.0,181000000.0,-1000000.0,642000000.0,1151000000.0,164000000.0,157000000.0,420000000.0,1052000000.0,0.6039035591,632000000.0,0.3628013777,-191000000.0,427000000.0,0.2451205511,6000000.0,421000000.0,0.2416762342,0.97,0.97,433000000,434000000,https://www.sec.gov/Archives/edgar/data/1051470/000105147022000115/0001051470-22-000115-index.htm,https://www.sec.gov/Archives/edgar/data/1051470/000105147022000115/cci-20220331.htm,4.023094688221709,0.9722863741339492,1.2886836027713626,0.6397228637413395,0.7205542725173211,18.55889145496536,-13.803695150115471,18.55889145496536,64.0554272517321,79931800000.0,107198800000.0,47.46543942992874,45.88507462686567,143.2469534050179,288.56245487364623,9.946714783474365,9.946714783474365,61.53777267508611,101.9,192.11254480286732,386.99927797833936,0.0052669901090679,0.0034654542997905,3.4319313091090096,0.7062303142045018,25.919201520912548,0.7100225225225225,4.025477707006369,1.32541567695962,0.0081319324724327,1.5439429928741093,0.0,0.0,0.3588384420373358,0.503584229390681,0.161308840413318,0.669047619047619,0.0218140068886337,20.149504679162973,0.0165279286474923,0.0168144420480869,-69.85450346420323,-515000000.0,-5977000000.0,-29754000000.0,35463000000.0,621500000.0,235000000.0,0.0,31.412169919632607,39.60707269155206,0.0,2.8651315789473686,2.2723214285714284,0.0,0.0523892483822797,0.648960739030023,2022-04-20,1.8,amc,1694753474.0,2025-04-25,2022-03-31,0.0388888888888889,178.00322580645164,2015598.9516129035
2021-12-31,CCI,USD,1051470,2022-02-22,2022-02-22 16:17:25,2021,Q4,1654000000.0,524000000.0,1130000000.0,0.6831922612,0,0.0,0.0,180000000.0,-4000000.0,612000000.0,1136000000.0,164000000.0,158000000.0,361000000.0,949000000.0,0.5737605804,535000000.0,0.323458283,-169000000.0,354000000.0,0.2140266022,1000000.0,353000000.0,0.2134220073,0.82,0.81,432000000,434000000,https://www.sec.gov/Archives/edgar/data/1051470/000105147022000019/0001051470-22-000019-index.htm,https://www.sec.gov/Archives/edgar/data/1051470/000105147022000019/cci-20211231.htm,3.828703703703704,0.8171296296296297,1.6990740740740742,0.9189814814814816,0.7476851851851852,19.11574074074074,-13.578703703703704,19.11574074074074,62.88657407407408,90175680000.0,116892680000.0,63.86379603399433,54.51975816203144,122.85514986376022,227.1427707808564,10.919796560910632,10.919796560910632,70.67272067714632,123.174583772392,159.25433242506813,294.44,0.0039145809601879,0.0044025173971518,3.270646645676919,0.691828893442623,28.152792413066383,0.6189536031589339,3.3860759493670884,2.079320113314448,0.0070418099425477,1.7988668555240792,0.0,0.0,0.3617827868852459,0.4591280653950954,0.2037484885126965,0.8120481927710843,0.0175332527206771,18.747022654557544,0.0142510671982094,0.0141676031465724,-69.40451388888889,-772000000.0,-5866000000.0,-29528000000.0,35303000000.0,626500000.0,238500000.0,0.0,34.55259975816203,42.25190839694657,0.0,2.604724409448819,2.130081300813008,0.0,0.0427464277064664,0.7800925925925926,2022-01-26,1.71,amc,1631330000.0,2025-04-25,2021-12-31,0.0350877192982456,184.65234375,1617122.984375
2021-09-30,CCI,USD,1051470,2021-11-05,2021-11-05 16:17:01,2021,Q3,1618000000.0,512000000.0,1106000000.0,0.6835599506,0,0.0,0.0,167000000.0,-4000000.0,585000000.0,1097000000.0,163000000.0,157000000.0,413000000.0,939000000.0,0.5803461063,526000000.0,0.325092707,-168000000.0,358000000.0,0.2212608158,7000000.0,351000000.0,0.216934487,0.81,0.81,432000000,434000000,https://www.sec.gov/Archives/edgar/data/1051470/000105147021000191/0001051470-21-000191-index.htm,https://www.sec.gov/Archives/edgar/data/1051470/000105147021000191/cci-20210930.htm,3.74537037037037,0.8125,1.4398148148148149,0.7847222222222222,0.8263888888888888,19.71296296296296,-13.141203703703704,19.71296296296296,62.192129629629626,74874240000.0,101227240000.0,53.32923076923077,46.27579728059332,120.37659163987138,220.8679646017699,8.79218412400188,8.79218412400188,62.5631891223733,107.80323748668796,162.74475884244373,298.6054277286136,0.0046878606046618,0.0045275918660409,3.136449037106623,0.6848015588144806,28.06496272630458,0.6703573225968797,3.35031847133758,1.7771428571428571,0.0076795437255857,1.6381766381766385,0.0,0.0,0.363885755307148,0.454983922829582,0.1749072929542645,0.6852300242130751,0.0203955500618047,18.98361409654828,0.0137766491371182,0.0141469509491757,-68.67476851851852,-655000000.0,-5677000000.0,-29156000000.0,35371000000.0,613000000.0,225000000.0,0.0,34.375772558714466,40.60546875,0.0,2.618122977346278,2.2164502164502164,0.0,0.0412165335838421,0.6550925925925926,2021-10-20,1.72,amc,1616530000.0,2025-04-25,2021-09-30,0.0290697674418604,193.3065625,1461153.421875
2021-06-30,CCI,USD,1051470,2021-08-06,2021-08-06 16:13:28,2021,Q2,1583000000.0,494000000.0,1089000000.0,0.687934302,0,0.0,0.0,169000000.0,-174000000.0,590000000.0,1084000000.0,160000000.0,154000000.0,408000000.0,920000000.0,0.5811749842,512000000.0,0.323436513,-166000000.0,339000000.0,0.2141503474,6000000.0,334000000.0,0.2109917877,0.77,0.77,432000000,434000000,https://www.sec.gov/Archives/edgar/data/1051470/000105147021000171/0001051470-21-000171-index.htm,https://www.sec.gov/Archives/edgar/data/1051470/000105147021000171/cci-20210630.htm,3.664351851851851,0.7731481481481481,1.8217592592592595,1.1111111111111112,0.7847222222222222,20.16898148148148,-12.93287037037037,20.16898148148148,61.43518518518518,84283200000.0,110330200000.0,63.08622754491018,53.24270372710044,107.09428208386277,175.59,9.673269826695742,9.673269826695742,69.69690461149716,119.9241304347826,140.19085133418042,229.85458333333327,0.0039628300776429,0.0056950851415228,3.028348444852519,0.677032817591666,28.31195652173913,0.6585728444003964,3.324675324675325,2.356287425149701,0.0068222374091159,1.721556886227545,0.0,0.0,0.3669206886819079,0.3900889453621347,0.1939355653821857,0.7524509803921569,0.0214782059380922,18.731156941175264,0.0134604981559079,0.0135370648076845,-68.20601851851852,-689000000.0,-5587000000.0,-28931000000.0,35407000000.0,591500000.0,203000000.0,0.0,34.567277321541376,39.89878542510122,0.0,2.6036184210526314,2.2557077625570776,0.0,0.0383335246183863,0.7106481481481481,2021-07-21,1.66,amc,1616530000.0,2025-04-25,2021-06-30,0.0301204819277108,187.22761904761904,1596572.650793651
2021-03-31,CCI,USD,1051470,2021-05-03,2021-05-03 16:15:48,2021,Q1,1485000000.0,462000000.0,1023000000.0,0.6888888889,0,0.0,0.0,164000000.0,-8000000.0,726000000.0,1188000000.0,169000000.0,167000000.0,408000000.0,859000000.0,0.5784511785,451000000.0,0.3037037037,-320000000.0,128000000.0,0.0861952862,7000000.0,121000000.0,0.0814814815,0.13,0.13,432000000,433000000,https://www.sec.gov/Archives/edgar/data/1051470/000105147021000134/0001051470-21-000134-index.htm,https://www.sec.gov/Archives/edgar/data/1051470/000105147021000134/cci-20210331.htm,3.4375,0.2800925925925926,1.351851851851852,0.6527777777777778,0.5879629629629629,20.65509259259259,-12.68287037037037,20.800925925925927,60.71064814814815,74360160000.0,100166160000.0,153.63669421487603,50.07418181818182,127.3290410958904,263.6885106382979,8.275112397062095,8.275112397062095,67.4519595959596,116.60786961583236,171.51739726027398,355.1991489361702,0.0016272154336408,0.0037923533246835,2.9000667705319385,0.6724814203137902,30.041909196740395,0.6083807553026384,2.7005988023952097,4.826446280991736,0.0079074601238082,4.859504132231405,0.0,0.0,0.3716453344343517,0.5171232876712328,0.2033670033670033,0.7401960784313726,0.0222222222222222,11.449417827805878,0.0114268543956043,0.0049691991786447,-67.46238425925925,-757000000.0,-5479000000.0,-28653000000.0,35308000000.0,579000000.0,208500000.0,0.0,34.84848484848485,36.42857142857143,0.0,2.582608695652174,2.4705882352941178,0.0,0.0134653906076118,0.6990740740740741,2021-04-21,1.61,amc,1494060000.0,2025-04-25,2021-03-31,0.0621118012422359,160.19131147540983,2369186.672131148
2020-12-31,CCI,USD,1051470,2021-02-22,2021-02-22 16:20:53,2020,Q4,1493000000.0,502000000.0,991000000.0,0.6637642331,0,0.0,0.0,185000000.0,-2000000.0,311000000.0,813000000.0,168000000.0,161000000.0,343000000.0,786000000.0,0.5264567984,405000000.0,0.2712659076,-170000000.0,512000000.0,0.3429336906,4000000.0,508000000.0,0.3402545211,1.17,1.17,431000000,433000000,https://www.sec.gov/Archives/edgar/data/1051470/000105147021000031/0001051470-21-000031-index.htm,https://www.sec.gov/Archives/edgar/data/1051470/000105147021000031/cci-20201231.htm,3.4640371229698377,1.1786542923433874,2.28538283062645,1.3897911832946637,0.5382830626450116,21.951276102088165,-11.7169373549884,21.951276102088165,59.34570765661253,68610890000.0,93795890000.0,33.765201771653544,45.955050234427326,69.65572588832487,114.54238731218696,7.251970193425643,7.251970193425643,62.82377093101139,119.33319338422392,95.2242538071066,156.58746243739566,0.0074040724438933,0.0087303925076616,2.6865024838811964,0.6556180354931903,32.041984732824424,0.5606907059421026,2.515527950310559,1.938976377952756,0.0083660188637692,1.1299212598425197,0.0,0.0,0.374303549319026,0.3918781725888325,0.2585398526456798,0.9625935162094764,0.0200937709310113,24.12761344400173,0.0107855151380948,0.0209424083769633,-66.44489559164734,-865000000.0,-5050000000.0,-28203000000.0,35272000000.0,591500000.0,247000000.0,0.0,35.14400535833892,41.235059760956176,0.0,2.5608919382504287,2.1826086956521737,0.0,0.0536941126730789,0.8955916473317865,2021-01-27,1.65,amc,1962228571.0,2025-04-25,2020-12-31,0.4121212121212122,162.20984375,2028564.5625
2020-09-30,CCI,USD,1051470,2020-10-28,2020-10-28 17:19:44,2020,Q3,1486000000.0,487000000.0,999000000.0,0.6722745626,0,0.0,0.0,154000000.0,-3000000.0,663000000.0,1150000000.0,168000000.0,162000000.0,406000000.0,845000000.0,0.568640646,439000000.0,0.2954239569,-266000000.0,168000000.0,0.1130551817,5000000.0,163000000.0,0.1096904441,0.38,0.38,427000000,429000000,https://www.sec.gov/Archives/edgar/data/1051470/000105147020000157/0001051470-20-000157-index.htm,https://www.sec.gov/Archives/edgar/data/1051470/000105147020000157/crowncastle10q093020.htm,3.480093676814988,0.3817330210772833,1.5480093676814988,0.6651053864168618,0.5667447306791569,22.252927400468383,-11.969555035128806,22.252927400468383,59.70725995316159,71095500000.0,96186500000.0,109.04217791411044,47.8435397039031,107.55748865355524,250.3362676056338,7.48216165017891,7.48216165017891,64.72846567967699,113.8301775147929,145.51664145234494,338.6848591549296,0.0022926908172809,0.0039946269454466,2.666070300989265,0.6531480431083381,29.693491124260355,0.6150649350649351,2.7098765432098766,4.080246913580247,0.0076657453706634,3.3435582822085887,0.0,0.0,0.3767596555458155,0.5703479576399395,0.2537012113055181,0.9285714285714286,0.022207267833109,13.824985971018949,0.0114219120916447,0.0067430604393331,-66.96018735362998,-741000000.0,-5111000000.0,-28100000000.0,35321000000.0,586500000.0,272000000.0,0.0,36.33916554508748,48.78850102669404,0.0,2.4766666666666666,1.8446969696969693,0.0,0.0171542833087771,0.882903981264637,2020-10-21,1.55,amc,1864784313.0,2025-04-25,2020-09-30,0.0064516129032258,165.01953125,1913420.5
2020-06-30,CCI,USD,1051470,2020-07-31,2020-07-31 16:23:39,2020,Q2,1440000000.0,486000000.0,954000000.0,0.6625,0,0.0,0.0,164000000.0,515000000.0,571000000.0,1057000000.0,177000000.0,176000000.0,402000000.0,790000000.0,0.5486111111,388000000.0,0.2694444444,-177000000.0,206000000.0,0.1430555556,6000000.0,200000000.0,0.1388888889,0.41,0.41,417000000,419000000,https://www.sec.gov/Archives/edgar/data/1051470/000105147020000132/0001051470-20-000132-index.htm,https://www.sec.gov/Archives/edgar/data/1051470/000105147020000132/crowncastle10q063020.htm,3.4532374100719423,0.4796163069544364,1.8129496402877696,0.8201438848920863,6.028776978417266,23.563549160671464,-11.697841726618703,23.563549160671464,65.25419664268586,69784950000.0,94305950000.0,87.23118749999999,48.46177083333333,92.30813492063491,204.0495614035088,7.102071036026867,7.102071036026867,65.49024305555555,119.37462025316457,124.7433201058201,275.7483918128655,0.0028659474571522,0.0049007701517304,2.7513739059637694,0.6609862839539375,31.039240506329115,1.7494908350305498,2.2045454545454546,3.7611940298507465,0.0075947607614535,2.65,0.0,0.0,0.3595022126598372,0.5476190476190477,0.2875,1.0298507462686568,0.0263888888888888,15.946250487546047,0.00957474084656,0.0076344619612932,-67.46103117505996,1472000000.0,-4878000000.0,-27639000000.0,37390000000.0,595500000.0,288000000.0,0.0,35.8125,51.851851851851855,0.0,2.513089005235602,1.7357142857142858,0.0,0.0203541624262161,0.9928057553956836,2020-07-29,1.48,amc,1756097560.0,2025-04-25,2020-06-30,-0.0202702702702702,161.0611111111111,2285405.047619048
2020-03-31,CCI,USD,1051470,2020-05-01,2020-05-01 16:25:28,2020,Q1,1421000000.0,474000000.0,947000000.0,0.6664320901,0,0.0,0.0,175000000.0,507000000.0,583000000.0,1057000000.0,174000000.0,174000000.0,399000000.0,772000000.0,0.5432793807,373000000.0,0.2624912034,-174000000.0,190000000.0,0.1337086559,5000000.0,185000000.0,0.130190007,0.38,0.38,416000000,418000000,https://www.sec.gov/Archives/edgar/data/1051470/000105147020000104/0001051470-20-000104-index.htm,https://www.sec.gov/Archives/edgar/data/1051470/000105147020000104/crowncastle10q033120.htm,3.4158653846153846,0.4447115384615384,1.5697115384615383,0.4951923076923077,0.7451923076923077,24.329326923076923,-11.276442307692308,24.329326923076923,59.46153846153846,60070400000.0,84322400000.0,81.17621621621622,42.27332864180155,91.99142419601836,291.6038834951456,5.935223792115404,5.935223792115404,59.34018296973962,109.2259067357513,129.13078101071974,409.33203883495145,0.00307971979544,0.0034293096100575,2.426835292955241,0.6360575927076859,31.414507772020727,0.4672161858373923,2.1436781609195403,3.5297297297297296,0.0090060995099083,2.924324324324324,0.0,0.0,0.3835715765485809,0.6845329249617151,0.3145672061928219,1.1203007518796992,0.0260380014074595,15.602547199997296,0.0097640663116011,0.0077718030583095,-66.63822115384616,-1422000000.0,-4691000000.0,-27248000000.0,34403000000.0,664000000.0,315000000.0,0.0,39.1414496833216,56.202531645569614,0.0,2.299352750809061,1.601351351351351,0.0,0.0182788262029443,1.0745192307692308,2020-04-29,1.49,amc,1832342105.0,2025-04-25,2020-03-31,-0.0469798657718121,149.1190322580645,2526342.1129032257
2019-12-31,CCI,USD,1051470,2020-03-10,2020-03-10 16:51:05,2019,Q4,1429000000.0,484000000.0,945000000.0,0.6613016095,0,457000000.0,-300000000.0,157000000.0,7000000.0,556000000.0,1040000000.0,172000000.0,173000000.0,332000000.0,707000000.0,0.4947515745,388000000.0,0.2715185444,-166000000.0,214000000.0,0.1497550735,6000000.0,208000000.0,0.1455563331,0.43,0.43,416000000,418000000,https://www.sec.gov/Archives/edgar/data/1051470/000105147020000077/0001051470-20-000077-index.htm,https://www.sec.gov/Archives/edgar/data/1051470/000105147020000077/cci10k123119q4.htm,3.4350961538461537,0.5,1.9447115384615383,0.6923076923076923,0.4711538461538461,25.213942307692307,-10.63701923076923,25.235576923076923,57.94230769230769,59134400000.0,82869400000.0,71.075,41.3816655003499,73.09567367119901,205.32777777777773,5.632920556296438,5.632920556296438,57.99118264520643,117.21272984441302,102.43436341161927,287.74097222222224,0.0035174111853675,0.0048702616412781,2.2795770622975806,0.6222794289726188,33.57142857142857,0.6270833333333333,2.2427745664739884,6.037313432835821,0.0088780811169133,2.5240384615384617,0.3198040587823653,0.0,0.3878097615518631,0.6440049443757726,0.3645906228131561,1.309045226130653,0.0181945416375087,16.849339464341487,0.0102101336183426,0.0088348978464936,-65.4795673076923,-716000000.0,-4425000000.0,-26764000000.0,34997000000.0,742000000.0,351000000.0,0.0,44.71658502449265,62.10743801652893,0.0,2.0126760563380284,1.4491017964071855,0.0,0.019813297771004,1.2524038461538465,2020-02-26,1.48,amc,1591813953.0,2025-04-25,2019-12-31,-0.0675675675675676,136.41859375,2028495.328125
2019-09-30,CCI,USD,1051470,2019-11-04,2019-11-04 16:29:52,2019,Q3,1514000000.0,515000000.0,999000000.0,0.6598414795,0,150000000.0,0.0,150000000.0,-5000000.0,549000000.0,1064000000.0,171000000.0,173000000.0,388000000.0,817000000.0,0.5396301189,429000000.0,0.2833553501,-176000000.0,247000000.0,0.1631439894,5000000.0,214000000.0,0.141347424,0.51,0.51,416000000,418000000,https://www.sec.gov/Archives/edgar/data/1051470/000105147019000179/0001051470-19-000179-index.htm,https://www.sec.gov/Archives/edgar/data/1051470/000105147019000179/crowncastle10q093019.htm,3.639423076923077,0.5144230769230769,1.5961538461538465,0.2980769230769231,0.4375,27.223557692307693,-8.944711538461538,27.223557692307693,57.20913461538461,57828160000.0,81272160000.0,67.55626168224299,38.1956142668428,87.09060240963855,466.3561290322581,5.106239293598233,5.106239293598233,53.680422721268165,99.47632802937576,122.3978313253012,655.4206451612903,0.0037006192138916,0.0021442840304792,2.086181015452538,0.6161589818485291,28.69522643818849,0.7226066897347174,2.479768786127168,2.432234432234432,0.0086290139613641,2.33177570093458,0.0990752972258916,0.0,0.3923951596077613,0.8132530120481928,0.35667107001321,1.3881748071979434,0.0191545574636723,17.751044815434696,0.0113580443569606,0.0091853377972358,-63.11658653846154,-481000000.0,-3721000000.0,-25766000000.0,35093000000.0,736000000.0,352500000.0,0.0,46.01056803170409,64.31067961165049,0.0,1.9560723514211888,1.3994565217391304,0.0,0.0188962472406181,1.2980769230769231,2019-10-16,1.48,amc,1252034482.0,2025-04-25,2019-09-30,0.0472972972972973,138.31265625,1790372.515625
2019-06-30,CCI,USD,1051470,2019-07-31,2019-07-31 16:29:27,2019,Q2,1478000000.0,502000000.0,976000000.0,0.6603518268,0,155000000.0,0.0,155000000.0,539000000.0,557000000.0,1059000000.0,168000000.0,169000000.0,393000000.0,790000000.0,0.5345060893,397000000.0,0.2686062246,-169000000.0,220000000.0,0.148849797,4000000.0,188000000.0,0.1271989175,0.45,0.45,416000000,418000000,https://www.sec.gov/Archives/edgar/data/1051470/000105147019000149/0001051470-19-000149-index.htm,https://www.sec.gov/Archives/edgar/data/1051470/000105147019000149/crowncastle10q063019.htm,3.5528846153846154,0.4519230769230769,1.71875,0.4735576923076923,0.6923076923076923,27.69951923076923,-8.723557692307692,27.69951923076923,56.37980769230769,54129920000.0,77126920000.0,71.98127659574469,36.62376184032476,75.70618181818182,274.77116751269034,4.697554456304782,4.697554456304782,52.18330175913397,97.62901265822784,107.86981818181818,391.5072081218274,0.0034731253990399,0.0036393920404833,2.0207411264427666,0.6104018664639421,29.11012658227848,0.7620730270906949,2.3491124260355027,2.9065040650406506,0.0091631393506585,2.6382978723404253,0.104871447902571,0.0,0.397200304086822,0.7244755244755244,0.3504736129905277,1.318066157760814,0.0223274695534506,16.78261508529977,0.0105815457210831,0.0081756903674711,-62.04927884615385,-404000000.0,-3629000000.0,-25330000000.0,34952000000.0,672000000.0,324000000.0,0.0,42.503382949932345,60.41832669322709,0.0,2.1174785100286533,1.489614243323442,0.0,0.0163151956955653,1.2451923076923077,2019-07-17,1.43,amc,1140903846.0,2025-04-25,2019-06-30,0.0349650349650349,128.60222222222222,1794743.0
2019-03-31,CCI,USD,1051470,2019-05-03,2019-05-03 16:31:28,2019,Q1,1426000000.0,485000000.0,941000000.0,0.659887798,0,152000000.0,0.0,152000000.0,-1000000.0,558000000.0,1043000000.0,166000000.0,167000000.0,394000000.0,771000000.0,0.5406732118,377000000.0,0.2643758766,-168000000.0,199000000.0,0.1395511921,6000000.0,165000000.0,0.1157082749,0.4,0.4,415000000,417000000,https://www.sec.gov/Archives/edgar/data/1051470/000105147019000117/0001051470-19-000117-index.htm,https://www.sec.gov/Archives/edgar/data/1051470/000105147019000117/crowncastle10q033119.htm,3.436144578313253,0.3975903614457831,1.2337349397590365,0.0771084337349397,0.5903614457831325,28.303614457831326,-8.457831325301205,28.303614457831326,55.440963855421685,52568050000.0,75164050000.0,79.64856060606061,36.86399018232819,102.67197265625,1642.7515625,4.475400136216584,4.475400136216584,52.70971248246844,97.48904020752268,146.80478515625,2348.8765625,0.00313878867487,0.0006087347733081,1.944576877234803,0.6046111493461803,29.30739299610895,0.7623003194888179,2.25748502994012,2.4380952380952383,0.0096065956412687,3.060606060606061,0.1065918653576437,0.0,0.4038329186298904,0.9375,0.3366058906030855,1.218274111675127,0.020336605890603,15.912196479634831,0.0099910691285699,0.0073261699671432,-60.96987951807229,-372000000.0,-3510000000.0,-24839000000.0,34736000000.0,573500000.0,312000000.0,0.0,40.77138849929874,57.71134020618557,0.0,2.207430340557276,1.5594855305466238,0.0,0.0140473352630682,1.1566265060240963,2019-04-17,1.43,amc,1280000000.0,2025-04-25,2019-03-31,0.013986013986014,117.29131147540984,1967869.1803278688
2018-12-31,CCI,USD,1051470,2019-02-25,2019-02-25 16:31:01,2018,Q4,1419000000.0,483000000.0,936000000.0,0.6596194503,0,145000000.0,0.0,145000000.0,1000000.0,550000000.0,1033000000.0,163000000.0,162000000.0,319000000.0,756000000.0,0.532769556,349000000.0,0.2459478506,-162000000.0,170000000.0,0.1198026779,6000000.0,136000000.0,0.0958421424,0.33,0.33,415000000,417000000,https://www.sec.gov/Archives/edgar/data/1051470/000105147019000046/0001051470-19-000046-index.htm,https://www.sec.gov/Archives/edgar/data/1051470/000105147019000046/cci10-k123118.htm,3.419277108433735,0.327710843373494,1.7518072289156623,0.5469879518072289,0.6674698795180722,27.88192771084337,-9.693975903614458,28.997590361445784,40.58795180722892,45081450000.0,61486450000.0,82.8703125,31.76987315010571,62.01024759284732,198.5966960352423,3.746173342197108,3.746173342197108,43.330831571529245,81.33128306878307,84.57558459422283,270.86541850220266,0.0030167618832136,0.0050353304962462,1.3862389895296658,0.5091874732922288,21.69973544973545,0.8160690571049137,2.154320987654321,3.4131455399061035,0.0109801259719906,3.639705882352941,0.102184637068358,0.0,0.4759782675050363,0.687757909215956,0.3523608174770965,1.2820512820512822,0.0169133192389006,14.622364988121491,0.0107350174709427,0.0079217148182665,-49.48975903614458,-277000000.0,-4023000000.0,-19962000000.0,28970000000.0,529000000.0,307500000.0,0.0,31.775898520084567,58.32298136645962,0.0,2.832335329341318,1.5431309904153354,0.0,0.0113013129466511,1.2048192771084338,2019-01-23,1.44,amc,1366000000.0,2025-04-25,2018-12-31,-0.0138888888888889,109.87809523809524,2447483.1587301586
2018-09-30,CCI,USD,1051470,2018-11-05,2018-11-05 16:28:15,2018,Q3,1375000000.0,474000000.0,901000000.0,0.6552727273,0,145000000.0,0.0,145000000.0,1000000.0,573000000.0,1047000000.0,159000000.0,158000000.0,385000000.0,756000000.0,0.5498181818,371000000.0,0.2698181818,-190000000.0,169000000.0,0.1229090909,5000000.0,164000000.0,0.1192727273,0.33,0.33,415000000,416000000,https://www.sec.gov/Archives/edgar/data/1051470/000105147018000189/0001051470-18-000189-index.htm,https://www.sec.gov/Archives/edgar/data/1051470/000105147018000189/crowncastle10q093018.htm,3.3132530120481927,0.3951807228915662,1.6,0.4481927710843373,0.7783132530120482,29.626506024096383,-8.190361445783132,29.626506024096383,39.956626506024094,45820150000.0,61921150000.0,69.84778963414634,33.32374545454545,69.00625,246.34489247311828,3.726730378202521,3.726730378202521,45.03356363636364,81.90628306878307,93.2547439759036,332.90940860215056,0.0035792113295133,0.0040593494346919,1.3358275721838146,0.50312461708124,21.297619047619047,0.9578220858895704,2.348101265822785,4.048780487804878,0.0101265491274035,2.8292682926829267,0.1054545454545454,0.0,0.4807621614998162,0.7198795180722891,0.3476363636363636,1.2415584415584415,0.0232727272727272,16.230404847552617,0.0114471294597644,0.0096755162241887,-47.248795180722894,-55000000.0,-3399000000.0,-19100000000.0,29072000000.0,566500000.0,287000000.0,0.0,36.45818181818182,57.34177215189873,0.0,2.4685816876122084,1.5695364238410596,0.0,0.0133387555917039,1.151807228915663,2018-10-17,1.38,amc,1125000000.0,2025-04-25,2018-09-30,0.0072463768115942,111.35476190476192,1987751.634920635
2018-06-30,CCI,USD,1051470,2018-08-06,2018-08-06 16:38:45,2018,Q2,1330000000.0,454000000.0,876000000.0,0.6586466165,0,138000000.0,0.0,138000000.0,492000000.0,534000000.0,988000000.0,157000000.0,157000000.0,379000000.0,738000000.0,0.554887218,359000000.0,0.269924812,-160000000.0,185000000.0,0.1390977444,5000000.0,180000000.0,0.1353383459,0.37,0.36,415000000,416000000,https://www.sec.gov/Archives/edgar/data/1051470/000105147018000156/0001051470-18-000156-index.htm,https://www.sec.gov/Archives/edgar/data/1051470/000105147018000156/crowncastle10q063018.htm,3.2048192771084336,0.4337349397590361,1.5879518072289156,0.6409638554216868,0.4963855421686747,30.27951807228916,-7.802409638554216,30.27951807228916,38.82650602409639,44745300000.0,60495300000.0,62.14625,33.64308270676692,67.89878603945371,168.21541353383458,3.560822855323889,3.560822855323889,45.48518796992481,81.97195121951219,91.79863429438544,227.4259398496241,0.0040227688718144,0.0059447584439036,1.2697755849116663,0.4928646444677828,21.341463414634145,0.9051321928460342,2.286624203821656,3.661111111111111,0.010392152918854,2.583333333333333,0.1037593984962406,0.0,0.4881695187496139,0.5963581183611533,0.2954887218045113,1.036939313984169,0.0180451127819548,17.190081771413485,0.0111954261954261,0.0108630054315027,-46.19277108433735,-122000000.0,-3238000000.0,-18644000000.0,28900000000.0,539000000.0,260000000.0,0.0,38.97744360902256,53.92070484581498,0.0,2.3090277777777777,1.6691176470588236,0.0,0.0143243673404424,0.946987951807229,2018-07-18,1.33,amc,1145277777.0,2025-04-25,2018-06-30,-0.0150375939849624,103.88265625,2579477.734375
2018-03-31,CCI,USD,1051470,2018-05-04,2018-05-04 16:20:04,2018,Q1,1299000000.0,433000000.0,866000000.0,0.6666666667,0,134000000.0,0.0,134000000.0,-1000000.0,589000000.0,1022000000.0,159000000.0,158000000.0,374000000.0,732000000.0,0.5635103926,358000000.0,0.2755966128,-231000000.0,118000000.0,0.090839107,4000000.0,86000000.0,0.0662047729,0.21,0.21,409000000,410000000,https://www.sec.gov/Archives/edgar/data/1051470/000105147018000122/0001051470-18-000122-index.htm,https://www.sec.gov/Archives/edgar/data/1051470/000105147018000122/crowncastle10q033118.htm,3.176039119804401,0.2102689486552567,1.1051344743276283,0.2004889975550122,0.5378973105134475,31.374083129584356,-7.572127139364303,31.374083129584356,38.88508557457213,44830490000.0,60356490000.0,130.32119186046512,34.51153964588145,99.1825,546.7132926829269,3.4936479114713217,3.4936479114713217,46.46381062355658,82.45422131147541,133.5320575221239,736.0547560975609,0.0019183372744754,0.0018291122849649,1.2270885286783042,0.4882480620155038,21.2103825136612,0.9048020219039596,2.2658227848101267,3.9649122807017534,0.0105062425148598,5.476744186046512,0.1031562740569669,0.0,0.493922480620155,0.8185840707964602,0.2848344880677444,0.9893048128342246,0.0177059276366435,12.183283554949684,0.0110878853197724,0.0052692849702836,-46.01833740831296,-113000000.0,-3097000000.0,-18344000000.0,28867000000.0,493000000.0,248500000.0,0.0,34.78060046189376,51.5473441108545,0.0,2.587649402390438,1.7459677419354838,0.0,0.0067019950124688,0.904645476772616,2018-04-18,1.34,amc,1608285714.0,2025-04-25,2018-03-31,0.0149253731343283,108.53590163934426,2971810.4918032787
2017-12-31,CCI,USD,1051470,2018-02-26,2018-02-26 16:34:57,2017,Q4,1238090000.0,439000000.0,799090000.0,0.6454215768,0,127466000.0,-1466000.0,126000000.0,-1468000.0,531000000.0,970000000.0,155000000.0,158549000.0,324000000.0,672029000.0,0.5427949503,311000000.0,0.2511933704,-155572000.0,113000000.0,0.0912696169,14000000.0,71000000.0,0.0573463965,0.17,0.17,406278000,408130000,https://www.sec.gov/Archives/edgar/data/1051470/000105147018000082/0001051470-18-000082-index.htm,https://www.sec.gov/Archives/edgar/data/1051470/000105147018000082/cci10-k123117.htm,3.047396117929103,0.1747571859662595,1.543019804173497,0.616169224028867,0.7728698083578239,30.37082982588277,-8.969227967057039,30.37103165812572,40.16503231777256,45100920780.0,60946540780.0,158.80605908450704,36.42782090154997,71.94334103797287,180.16154600217308,3.655127729923507,3.655127729923507,49.22626043340953,90.69034339291906,97.2196951323587,243.4589542854404,0.0015742472386835,0.0055505740386349,1.3096290307496132,0.5013999813832263,23.57877413028307,0.8777089783281734,1.961538704123016,6.390106417679197,0.0101245161318855,6.431338028169014,0.1029537432658369,0.0,0.4959198237612088,0.6006731589819667,0.304145094460015,1.0396122701961013,0.0196940448594205,10.927946312916724,0.0087746047452232,0.0043703065369937,-47.29027906999641,-158000000.0,-3644000000.0,-18756000000.0,28758000000.0,400928000.0,214167500.0,0.0,35.183225775185974,51.04783599088838,0.0,2.5580371900826444,1.7630522088353413,0.0,0.0057540747358677,0.92685058014463,2018-01-24,1.06,amc,1747905882.0,2025-04-25,2017-12-31,0.1792452830188678,107.90063492063491,2057550.9523809524
2017-09-30,CCI,USD,1051470,2017-11-07,2017-11-06 18:15:15,2017,Q3,1063238000.0,388000000.0,675238000.0,0.6350770006,0,100772000.0,-772000.0,100000000.0,-32000.0,414000000.0,802000000.0,143000000.0,151765000.0,296000000.0,575000000.0,0.5408008367,279000000.0,0.2624059712,-143000000.0,118000000.0,0.1109817369,3000000.0,85000000.0,0.0799444715,0.21,0.21,395359000,397035000,https://www.sec.gov/Archives/edgar/data/1051470/000105147017000165/0001051470-17-000165-index.htm,https://www.sec.gov/Archives/edgar/data/1051470/000105147017000165/crowncastle10q093017.htm,2.689297575115275,0.2149944733773608,1.2221348192402348,0.493301025144236,16.995019716257882,32.052721703565624,4.757951633831531,32.052721703565624,38.84110390809366,39527992820.0,48013273820.0,116.2588024117647,37.17699406906074,81.80766837340795,202.67543528977444,3.1192358928096264,3.1192358928096264,45.15759765922587,83.50134577391304,99.36892065515686,246.18278027595613,0.0021503748087353,0.0049339970508525,1.1998119209629292,0.4902790735229569,14.75701043478261,7.1262862639924265,1.838368530293546,4.194506658332899,0.009764978499103,4.541058823529411,0.0947784033302045,0.0,0.3479723302350244,0.5963612055084834,0.2710126989441687,0.9733745899950343,0.0207216070155506,12.451949868065116,0.0090403307947455,0.0042036499253753,-28.78876666523337,6425684000.0,1881099000.0,-10864869000.0,27816521000.0,311919000.0,179131000.0,0.0,26.905584638622773,41.59832474226804,0.0,3.345030454042082,2.163548665904592,0.0,0.0067075262864009,0.7288337940959988,2017-10-18,1.17,amc,1215085714.0,2025-04-25,2017-09-30,-0.0170940170940171,102.26666666666668,2950412.031746032
2017-06-30,CCI,USD,1051470,2017-08-07,2017-08-07 16:30:56,2017,Q2,1038335000.0,373000000.0,665335000.0,0.6407710421,0,98000000.0,0.0,98000000.0,-1106000.0,407000000.0,780000000.0,141000000.0,139349000.0,295000000.0,552000000.0,0.5316203345,271000000.0,0.2609947657,-142000000.0,117000000.0,0.112680397,5000000.0,112114000.0,0.1079747866,0.31,0.31,364493000,365832000,https://www.sec.gov/Archives/edgar/data/1051470/000105147017000140/0001051470-17-000140-index.htm,https://www.sec.gov/Archives/edgar/data/1051470/000105147017000140/crowncastle10q063017.htm,2.8487104004740837,0.3075888974548208,1.3388926536312082,0.51323619383637,0.5477828106438258,20.824292924692656,-9.006650330733375,20.82429292194912,38.35633057424971,36514908740.0,50156510740.0,81.42361511497226,35.166789851059626,74.82302612408995,195.19278102966257,4.81072756590015,4.81072756590015,48.30474821709757,90.8632440942029,102.77615480608256,268.1148373612158,0.0030703623223679,0.0051231402858491,1.8235443379182588,0.5653274613268036,24.71304710144928,0.9533255437353192,1.9447574076599043,4.352864049092887,0.0095270401050987,3.1029041868098544,0.09438187097613,0.0,0.4440996970056393,0.6166711405545299,0.2898351688039024,1.0180335909882787,0.0221566257518045,12.004987682339268,0.0109920222269698,0.0082373446176005,-45.17004578688754,-46577000.0,-3282860999.0,-15941979999.0,21334329000.0,304339500.0,166840000.0,0.5,26.52167171481265,43.1727345844504,0.0,3.393451248766268,2.084649046817976,0.0,0.0147706766615166,0.8256564597948383,2017-07-19,0.28,amc,937819354.0,2025-04-25,2017-06-30,3.285714285714285,98.24825396825398,2184280.285714286
2017-03-31,CCI,USD,1051470,2017-05-04,2017-05-04 16:16:39,2017,Q1,1015942000.0,364000000.0,651942000.0,0.64171183,0,101000000.0,0.0,101000000.0,4600000.0,395000000.0,759000000.0,134000000.0,131651000.0,289000000.0,551000000.0,0.5423537958,262000000.0,0.2578887377,-132000000.0,123000000.0,0.1210699036,4000000.0,119138000.0,0.1172685055,0.33,0.33,360832000,361727000,https://www.sec.gov/Archives/edgar/data/1051470/000105147017000099/0001051470-17-000099-index.htm,https://www.sec.gov/Archives/edgar/data/1051470/000105147017000099/crowncastle10q033117.htm,2.8155540528556227,0.3301758158921603,1.2362872472507982,0.5090374467896417,0.56866353316779,20.406948385952465,-8.48284797357219,20.406948385952465,37.758912735012416,34080582400.0,47368363400.0,71.51492890597459,33.545795330835816,76.39810263353748,185.5462708994594,4.628325519998697,4.628325519998697,46.62506658844698,85.96799165154265,106.18518915380685,257.8894657469362,0.0034957735933526,0.0053894912312296,1.8324179599863109,0.5674838147134931,24.11575499092559,1.0157992451742694,1.9901102156459125,3.7443301045846,0.0102153770705514,2.922207859792845,0.0994151240917296,0.0,0.4384250439986942,0.5882530957739659,0.2582972256290221,0.9094295942803476,0.0218772331491364,12.312689338524862,0.0110268343673105,0.0089225379047591,-44.28971723544475,14254000.0,-3060883000.0,-15496913000.0,20732310000.0,371714500.0,171634500.0,1.0,26.81524142126224,38.2631043956044,2.472527472527472e-07,3.356300194584023,2.352135338248693,364000000.0,0.0161795781342517,0.7272498004611564,2017-04-24,1.23,amc,861975757.0,2025-04-25,2017-03-31,0.008130081300813,89.46725806451613,2071419.0806451607
2016-12-31,CCI,USD,1051470,2017-02-22,2017-02-22 16:55:06,2016,Q4,1032416000.0,392232000.0,640184000.0,0.6200833772,0,92122000.0,0.0,92122000.0,-4212000.0,382356000.0,774588000.0,129034000.0,126336000.0,238593000.0,548062000.0,0.5308538419,274236000.0,0.2656254843,-133246000.0,128794000.0,0.1247501007,4084000.0,124710000.0,0.120794331,0.35,0.35,352116000,352878000,https://www.sec.gov/Archives/edgar/data/1051470/000105147017000059/0001051470-17-000059-index.htm,https://www.sec.gov/Archives/edgar/data/1051470/000105147017000059/cci10-k123116.htm,2.9320337616012906,0.3541730566063456,1.356226357223188,0.6186711197446296,1.6119659430414977,21.462003998682253,-5.255748105737882,21.462003998682253,34.92450783264606,30553105320.0,42156648320.0,61.24830671157084,29.59379292843195,63.97899549575017,140.25222324232018,4.042958896351319,4.042958896351319,40.83300561014165,76.91948779517645,88.27711568865185,193.5176012192211,0.0040817454950598,0.0071300117522718,1.6105540275621053,0.5367626292321107,21.171953173181137,1.378014365140869,2.170687689969605,3.829275920134712,0.0115709024106489,2.8347927191083317,0.0892295353810866,0.0,0.4148934875324871,0.5438290102167527,0.2515507314880823,0.9484307552971596,0.0183414437591048,13.077783835000307,0.0121720919493965,0.0093997713483572,-40.383933134251215,363406000.0,-1850633000.0,-13793216000.0,19576469000.0,358495500.0,168716000.0,1.0,38.4204429222329,43.25613412470171,2.294560362234596e-07,2.342502926948803,2.080629760869104,392232000.0,0.0165023292618942,0.7375552374785582,2017-01-25,1.06,amc,796422857.0,2025-04-25,2016-12-31,0.0849056603773583,87.57873015873015,2888299.4603174604
2016-09-30,CCI,USD,1051470,2016-11-01,2016-11-01 15:49:55,2016,Q3,992016000.0,365978000.0,626038000.0,0.6310765149,0,89941000.0,0.0,89941000.0,-832000.0,392890000.0,758868000.0,129741000.0,126616000.0,280824000.0,536097000.0,0.5404116466,255273000.0,0.2573275028,-140847000.0,103407000.0,0.1042392461,5041000.0,98366000.0,0.0991576749,0.26,0.26,337564000,338409000,https://www.sec.gov/Archives/edgar/data/1051470/000105147016000284/0001051470-16-000284-index.htm,https://www.sec.gov/Archives/edgar/data/1051470/000105147016000284/crowncastle10q093016.htm,2.938749392707753,0.2913995568247799,1.145068786955955,0.4898419262717588,0.4627833536751549,20.007219371733957,-8.098505764832742,20.007219371733957,37.680481330947615,31801904440.0,44238643440.0,80.82544893560782,32.0578543491234,82.27453326227446,192.32735081915652,4.708800271021127,4.708800271021127,44.59468742439638,82.51984890794017,114.44955279483824,267.5406157735269,0.0030930852014094,0.0051994684881834,1.864596636193077,0.5679738106055177,23.198673001341177,0.935323000697308,2.016119605737032,3.929588776495705,0.009740894624234,3.1492487241526543,0.0906648683085756,0.0,0.427909053346914,0.5722161569228063,0.222961121594813,0.7876143064695326,0.0204301140304188,11.453258676461346,0.0113602210299527,0.0077549766079833,-44.59774368564183,-58063000.0,-2733764000.0,-14578331000.0,19143567000.0,252637000.0,145999000.0,0.5,25.063416315865872,36.620889780260015,2.459164212056463e-07,3.590891156487209,2.4576136882537805,365978000.0,0.014564720434688,0.6552268606841962,2016-10-20,1.19,amc,1030153846.0,2025-04-25,2016-09-30,-0.084033613445378,96.1859375,2276908.109375
2016-06-30,CCI,USD,1051470,2016-08-04,2016-08-04 16:18:19,2016,Q2,962409000.0,348719000.0,613690000.0,0.6376602879,0,91386000.0,0.0,91386000.0,-518000.0,394491000.0,743210000.0,129257000.0,125580000.0,276026000.0,522304000.0,0.5427048168,246278000.0,0.2558974407,-141243000.0,89942000.0,0.0934550695,3884000.0,86058000.0,0.0894193633,0.22,0.22,337560000,338609000,https://www.sec.gov/Archives/edgar/data/1051470/000105147016000262/0001051470-16-000262-index.htm,https://www.sec.gov/Archives/edgar/data/1051470/000105147016000262/crowncastle10q063016.htm,2.851075364379666,0.2549413437611091,1.4235247067188057,0.832494963858277,0.5994134376110913,20.583916933285938,-7.632216494845361,20.583916933285938,37.18386064699609,34238710800.000004,46462576800.0,99.46405563689603,35.57605009928212,71.25271484314032,121.83857489048708,4.927633565989528,4.927633565989528,48.27737147096505,88.956961463056,96.69127891368817,165.33724578940064,0.0025134708050981,0.0082075812270361,1.788378665479231,0.5609245922258915,23.40373805293469,0.9333888150654592,1.9611243828635128,5.583734225754724,0.0090468651640937,3.5993516000836645,0.0949554711146716,0.0,0.4299465618180123,0.4151875552780812,0.207300638294114,0.7227869838348562,0.0210305597724044,10.866142713211378,0.0110229623847366,0.00681462059118,-43.93490860883991,-58349000.0,-2576331000.0,-14387152000.0,19136647000.0,241842000.0,142328000.0,0.5,21.416414435027104,36.92766955629031,0.0,4.2023841233107,2.4371968521547083,0.0,0.0123854631063365,0.5910297428605285,2016-07-21,1.15,amc,1137381818.0,2025-04-25,2016-06-30,0.008695652173913,90.7609375,2180156.515625
2016-03-31,CCI,USD,1051470,2016-05-09,2016-05-09 16:20:25,2016,Q1,934384000.0,333592000.0,600792000.0,0.6429819004,0,97581000.0,0.0,97581000.0,-3273000.0,422876000.0,756468000.0,126204000.0,122167000.0,277875000.0,503211000.0,0.5385483912,225336000.0,0.2411599514,-160027000.0,51712000.0,0.0553434134,3872000.0,36843000.0,0.0394302557,0.11,0.11,334155000,334929000,https://www.sec.gov/Archives/edgar/data/1051470/000105147016000233/0001051470-16-000233-index.htm,https://www.sec.gov/Archives/edgar/data/1051470/000105147016000233/crowncastle10q033116.htm,2.7962592210201853,0.110257215962652,1.3097394921518457,0.7306998249315437,0.5258098786491299,21.40621567835286,-6.240214870344601,21.40621567835286,35.87606350346396,28904407500.0,40594704500.0,196.1322876801563,30.934184981763387,66.04366785786097,118.3796643281033,4.040882391345498,4.040882391345498,43.44541912104659,80.67133766948656,92.75482228051254,166.25794845331268,0.0012746498955219,0.0084473968200178,1.6588856358610116,0.5463607083277562,23.231401936762115,1.0110056580117397,1.8444915566396816,9.148327759197324,0.0107280178637116,8.416442743533372,0.1044335091354304,0.0,0.4253654219209457,0.4421029301551903,0.2070765338447576,0.6963166891587944,0.0212921026044966,7.287267612919354,0.0099296188019246,0.0029521497416117,-42.49091963160809,8936000.0,-2085199000.0,-13744375000.0,18806526000.0,299532500.0,150601500.0,1.0,24.529754362232232,38.19534041583731,2.697906424614499e-07,3.669013503802976,2.3563083617048326,333592000.0,0.0051507103179451,0.579039667220302,2016-04-21,1.14,amc,1868800000.0,2025-04-25,2016-03-31,0.0350877192982456,84.78508196721312,2566917.0655737706
2015-12-31,CCI,USD,1051470,2016-02-22,2016-02-22 16:29:18,2015,Q4,945836000.0,342005000.0,603831000.0,0.63840983,0,87041000.0,0.0,87041000.0,-1482000.0,377382000.0,719387000.0,125801000.0,123731000.0,234677000.0,481910000.0,0.5095069335,247233000.0,0.2613909811,-129092000.0,100648000.0,0.1064116824,42077000.0,141062000.0,0.14914002,0.39,0.39,333107000,334320000,https://www.sec.gov/Archives/edgar/data/1051470/000105147016000158/0001051470-16-000158-index.htm,https://www.sec.gov/Archives/edgar/data/1051470/000105147016000158/cci10-k123115.htm,2.839435977028402,0.4234735385326637,1.5054922292236428,0.7530253041815392,0.5367944834542654,21.28211355510392,-6.61722809787846,21.28211355510392,37.144127862818856,28797100150.0,40867528150.0,51.03624673902256,30.4461874468724,57.4230795230214,114.80357900318134,4.062096547702491,4.062096547702491,43.20783745807941,84.80323743022556,81.49220951564338,162.92399138089127,0.0048984793352534,0.0087105298343729,1.7278679843666884,0.5583834154641075,25.04705857940279,1.1471598807064554,1.9981492107879189,3.5136801541425817,0.0106394393325746,2.171988203768556,0.0920254674171843,0.0,0.4236440900715258,0.4998145526331532,0.2650057726709493,0.9298664104438022,0.016981802342055,14.240058585878815,0.0067904371764047,0.0111568790287499,-43.26128841333265,125876000.0,-2204245000.0,-13866500000.0,18999399000.0,334481000.0,158326500.0,0.5,32.77062831188494,42.00701744126548,2.631540474554466e-07,2.7463617463617465,2.142499169950322,342005000.0,0.0198980959967251,0.7524669250421036,2016-01-27,1.12,amc,776041025.0,2025-04-25,2015-12-31,-0.0089285714285714,84.8753125,1999540.015625
2015-09-30,CCI,USD,1051470,2015-11-06,2015-11-06 16:15:57,2015,Q3,918107000.0,333859000.0,584248000.0,0.636361557,0,76699000.0,0.0,76699000.0,-1214000.0,353939000.0,687798000.0,129809000.0,120682000.0,261662000.0,507549000.0,0.5528211853,245887000.0,0.2678195461,-130302000.0,100500000.0,0.1094643653,3801000.0,103779000.0,0.1130358444,0.28,0.28,333049000,333711000,https://www.sec.gov/Archives/edgar/data/1051470/000105147015000128/0001051470-15-000128-index.htm,https://www.sec.gov/Archives/edgar/data/1051470/000105147015000128/crowncastle10q093015.htm,2.7566724415926784,0.3116027971859996,1.1153794186441035,0.4027005035295106,0.5528195550804836,21.73945275319848,-6.378013445468985,21.73945275319848,36.81754936961228,26267574630.0,38224824630.0,63.27767330095685,28.610580934466245,70.71136393737414,195.8527474108814,3.627966209425213,3.627966209425213,41.63438970621071,75.31257992824338,102.89984986917057,285.0067822605298,0.0039508405881323,0.005105876803975,1.676914073899946,0.5519895666614717,23.558809100205103,1.2423515115057815,2.0374786629323345,3.561576590828468,0.0108377725774067,2.7431561298528604,0.083540371656027,0.0,0.4257431153186513,0.6389564870947249,0.2585286900110771,0.907112993097966,0.0158805019458516,12.345714700322713,0.0111213325941914,0.008216116505623,-43.02009764328972,199829000.0,-2124191000.0,-13730970000.0,19062891000.0,288954000.0,155466500.0,0.0,31.816487620723947,42.329726022063205,0.0,2.8287220472877626,2.126165426941105,0.0,0.0143335161525698,0.7126789151145927,2015-10-21,1.04,amc,950889285.0,2025-04-25,2015-09-30,0.0288461538461538,81.29421875,2150515.875
2015-06-30,CCI,USD,1051470,2015-08-07,2015-08-07 16:14:53,2015,Q2,899437000.0,326431000.0,573006000.0,0.6370718572,0,73125000.0,0.0,73125000.0,194000.0,276483000.0,602914000.0,134141000.0,122017000.0,253153000.0,499881000.0,0.555770999,246728000.0,0.2743138208,-78349000.0,162382000.0,0.1805373806,4144000.0,154511000.0,0.1717863508,0.46,0.46,333091000,333733000,https://www.sec.gov/Archives/edgar/data/1051470/000105147015000114/0001051470-15-000114-index.htm,https://www.sec.gov/Archives/edgar/data/1051470/000105147015000114/crowncastle10q063015.htm,2.7002740992701693,0.4638702336598707,1.3899054612703436,0.7410437387981063,1.0165660435136343,22.22886838731758,-4.166600118285994,22.22886838731758,33.78452434920187,26747207300.0,37539902300.0,43.27718948812706,29.737721819315865,57.77371356366032,108.36067534993012,3.6124196068304686,3.6124196068304686,41.73711143748812,75.09767784732766,81.08583219033837,152.08500536795836,0.0057767152386036,0.0092284400846588,1.503369692700233,0.5297687294973655,21.59052854579389,1.432321171325893,2.022078890646385,3.0229908323974195,0.0106434663180705,1.842477234630544,0.0813008582035206,0.0,0.4184393794503034,0.466838745909518,0.2402947621678894,0.8753781910821834,0.0165514649719769,15.231693385452555,0.0118287147043737,0.0126445881414809,-39.26487806635424,337316000.0,-1387857000.0,-12489833000.0,18171693000.0,272953500.0,150401500.0,0.0,25.35005786953394,42.43411318165248,0.0,3.5502877533137025,2.120935098012462,0.0,0.020867919391008,0.6488617224722373,2015-07-22,0.3,amc,78894736.0,2025-04-25,2015-06-30,2.4333333333333336,83.43492063492063,2094114.4603174604
2015-03-31,CCI,USD,1051470,2015-05-08,2015-05-08 16:07:51,2015,Q1,941001000.0,319131000.0,621870000.0,0.6608600841,0,74056000.0,0.0,74056000.0,-230000.0,336658000.0,655789000.0,134383000.0,121822000.0,251806000.0,507284000.0,0.5390897565,255478000.0,0.271495992,-134608000.0,110299000.0,0.1172145407,1435000.0,122787000.0,0.1304855149,0.34,0.34,332712000,333485000,https://www.sec.gov/Archives/edgar/data/1051470/000105147015000088/0001051470-15-000088-index.htm,https://www.sec.gov/Archives/edgar/data/1051470/000105147015000088/crowncastle10q033115.htm,2.8282749044218423,0.3690489071629517,1.3849635720983915,0.7695574550962995,0.7218044434826517,19.713124263627403,-6.935427637115583,19.646781600904085,36.64404349707856,27462048480.000004,39291986480.0,55.91399838745144,29.1838674772928,59.59723538066902,107.25644908432636,4.201197004002007,4.201197004002007,41.75552042984014,77.45559978237043,85.27017817072272,153.45974465027086,0.004471152255427,0.0093234486927101,1.846505739881776,0.5718937790413361,23.32014808273078,1.1284243054668444,2.0971417313785685,3.683051985421063,0.010366378903137,2.318502773094872,0.0786991724769686,0.0,0.4200944143550984,0.4443482337009596,0.2175906295529973,0.793431760055801,0.0161997702446649,12.77258876576569,0.0123607912359959,0.0100322864661565,-42.34024396475029,105559000.0,-2307500000.0,-13619170000.0,18111555000.0,302936500.0,154645500.0,0.0,27.98174497157814,41.42643616571251,0.0,3.216382684189838,2.1725257668795184,0.0,0.018784191459937,0.6154061170020919,2015-04-22,0.35,amc,953470588.0,2025-04-25,2015-03-31,2.2857142857142856,85.18475409836066,3069849.6885245903
2014-12-31,CCI,USD,1051470,2015-02-19,2015-02-19 16:15:12,2014,Q4,967564000.0,354817000.0,612747000.0,0.6332883406,0,70125000.0,0.0,70125000.0,21339000.0,304464000.0,659281000.0,141084000.0,120653000.0,215221000.0,469331000.0,0.4850645539,254110000.0,0.262628622,-119669000.0,125503000.0,0.1297102827,3126000.0,113115000.0,0.1169069953,0.34,0.34,332416000,333554000,https://www.sec.gov/Archives/edgar/data/1051470/000105147015000034/0001051470-15-000034-index.htm,https://www.sec.gov/Archives/edgar/data/1051470/000105147015000034/cci10-k123114.htm,2.910702252599153,0.3402814545629573,1.425623315363881,0.6238418126684636,0.455188679245283,20.26746005005776,-6.440147285329226,20.20427717077397,36.22423108394301,26161139200.0,37930688200.0,57.81978340626796,27.03814858758697,55.20392319054653,126.15377552742616,3.8952148267814137,3.8952148267814137,39.20225246081913,80.81862949602733,80.03943490187804,182.9086833031947,0.0043237796005458,0.0079268337060795,1.774934728958604,0.5638133371574017,25.077288736520707,1.3764116846237278,2.106122516638625,3.105769167753478,0.0108848088694853,2.517429165009061,0.07247582588852,0.0,0.4198987895726282,0.5624076809453471,0.2754598145445676,1.0502372170733243,0.0124022803659499,12.43747034333922,0.0121912435781095,0.0092224041274365,-42.17533151232191,350865000.0,-2140808000.0,-13123052000.0,18211684000.0,312553000.0,168753500.0,0.5,29.14300242671285,41.1923047655552,0.0,3.088219898630102,2.184874104817207,0.0,0.0168420504077811,0.8017815026954178,2015-01-21,0.31,amc,700070731.0,2025-04-25,2014-12-31,2.3548387096774195,80.130625,3547878.421875
2014-09-30,CCI,USD,1051470,2014-11-07,2014-11-07 16:25:41,2014,Q3,930025000.0,332413000.0,597612000.0,0.6425762748,0,65212000.0,0.0,65212000.0,-678000.0,322112000.0,654525000.0,141180000.0,120558000.0,247206000.0,495258000.0,0.5325211688,248052000.0,0.2667154109,-141874000.0,97178000.0,0.1044896643,1977000.0,106937000.0,0.1149829306,0.29,0.29,332413000,333241000,https://www.sec.gov/Archives/edgar/data/1051470/000105147014000048/0001051470-14-000048-index.htm,https://www.sec.gov/Archives/edgar/data/1051470/000105147014000048/crowncastle10q093014.htm,2.797799725040838,0.321699211523015,1.2892215406738003,0.6760926919223977,0.7176313802408449,20.6452364979709,-6.090258202898202,20.59177589324124,35.17983953696155,26769218890.0,38104346890.0,62.58175114787211,28.78333258783366,62.46405094807189,119.11088666114922,3.910784597574805,3.910784597574805,40.97131463132712,76.93837735079494,88.91375856951517,169.54706681439163,0.0039947747612444,0.0083955382083993,1.690828628421379,0.5568321364685641,22.8873193365882,1.1575605481292437,2.057532473995919,3.9667336190379214,0.0047759331538717,1.195545040537887,0.0701185452003978,0.0,0.4275817109184281,0.4755806736140603,0.2191467971291094,0.7996955214979087,0.013036208704067,12.208523929864436,0.0121224191753148,0.0089880895646983,-40.46086193831168,133228000.0,-2024481000.0,-12943320000.0,17891271000.0,307906500.0,153819500.0,1.0,30.17318889277169,47.410600668445575,2.707475339412117e-07,2.9827805181559857,1.898309633944378,332413000.0,0.0156227036070553,0.6131288487514026,2014-10-30,0.27,amc,831320689.0,2025-04-25,2014-09-30,2.7407407407407405,77.25984375,2057840.90625
2014-06-30,CCI,USD,1051470,2014-08-08,2014-08-08 16:02:33,2014,Q2,916345000.0,328933000.0,587412000.0,0.641038037,0,63318000.0,0.0,63318000.0,-6063000.0,381784000.0,710717000.0,145322000.0,123034000.0,241568000.0,391637000.0,0.4273903388,239408000.0,0.2612640436,-194975000.0,22203000.0,0.0242299571,3101000.0,12959000.0,0.0141420535,0.039,0.0389,332344000,333081000,https://www.sec.gov/Archives/edgar/data/1051470/000105147014000036/0001051470-14-000036-index.htm,https://www.sec.gov/Archives/edgar/data/1051470/000105147014000036/crowncastle10q063014.htm,2.757218424283273,0.0389927304238981,1.207763642490913,0.7058830609248249,0.6844685025154659,20.69974484269311,-5.964849673831933,20.64528921840021,35.18428194882411,24679865440.0,36022637440.0,476.1143884558994,26.93294058460514,61.4855402062318,105.2015611519378,3.5969464614627644,3.5969464614627644,39.31121732535235,91.9796583060334,89.74405991135869,153.5517973025968,0.0005250839001332,0.0095055623609591,1.686296608620651,0.559704817018953,28.962462688663223,1.1908181907277249,1.9458686216818115,11.352575161919846,0.0051804172235389,9.865884713326643,0.0690984290851153,0.0,0.4286857927408198,0.4155453632724039,0.1820242375961019,0.656074104666942,0.0168244493067567,4.255921102754494,0.0103079220089336,0.0010972680405082,-40.130505589088415,151868000.0,-1982382000.0,-12844877000.0,17902112000.0,274785500.0,129791000.0,1.0,29.85922332745854,36.26151830311948,2.736119513700359e-07,3.014144038945447,2.481969983928046,328933000.0,0.0018886986765555,0.5018805815660882,2014-07-23,0.16,amc,2007314285.0,2025-04-25,2014-06-30,-0.5625,74.97587301587302,1969537.3333333333
2014-03-31,CCI,USD,1051470,2014-05-06,2014-05-06 16:32:07,2014,Q1,875950000.0,290444000.0,585506000.0,0.6684239968,0,58641000.0,0.0,58641000.0,-2736000.0,313893000.0,604337000.0,147241000.0,124564000.0,250191000.0,497693000.0,0.5681751242,247502000.0,0.2825526571,-148963000.0,90185000.0,0.1029567898,3040000.0,80932000.0,0.0923934014,0.24,0.24,332034000,333045000,https://www.sec.gov/Archives/edgar/data/1051470/000105147014000013/0001051470-14-000013-index.htm,https://www.sec.gov/Archives/edgar/data/1051470/000105147014000013/crowncastle10q033114.htm,2.6381334441653568,0.2437461223850569,1.0911021160483565,0.6605949993072998,0.6039652565701102,20.88541233729076,-6.014441292156827,20.83601378172115,35.231000439714,24497468520.0,35870257520.0,75.6729986902585,27.966742987613447,67.6197020561274,111.6871912099936,3.540984411554053,3.540984411554053,40.95011989268794,72.07306013948357,99.01170499305792,163.53723680131304,0.0033036882947283,0.008953578196087,1.6728653788196897,0.5626404434568846,22.85101257200724,1.203306074502451,1.9869464692848653,3.524393684394852,0.0052328672203555,1.5839470172490486,0.0669456019179177,0.0,0.4342154121510772,0.3945617100443576,0.1631862549232262,0.5713354996782458,0.0136491808893201,10.689747200858545,0.0119778007056967,0.0069541158274617,-39.90644030280031,143996000.0,-1996999000.0,-12782731000.0,18002880000.0,247740500.0,136221500.0,0.5,25.229796221245504,39.36996460591371,3.098704053104902e-07,3.567210738080112,2.2860066271555963,290444000.0,0.0116983087522666,0.4305071167410566,2014-04-23,0.28,amc,872977777.0,2025-04-25,2014-03-31,-0.0357142857142857,73.34163934426229,2752351.9672131147
2013-12-31,CCI,USD,1051470,2014-02-24,2014-02-24 17:08:26,2013,Q4,798421000.0,278635000.0,519786000.0,0.6510174457,0,67163000.0,0.0,67163000.0,-3117000.0,289596000.0,568231000.0,142495000.0,142989000.0,201697000.0,452621000.0,0.5668951593,250924000.0,0.3142753009,-146254000.0,87693000.0,0.1098330329,110374000.0,-34909000.0,-0.0437225474,-0.11,-0.11,309257618,319634000,https://www.sec.gov/Archives/edgar/data/1051470/000105147014000008/0001051470-14-000008-index.htm,https://www.sec.gov/Archives/edgar/data/1051470/000105147014000008/cci10-k123113.htm,2.581734300236381,-0.1128800002592013,1.2895042087532342,0.6999374870694374,0.7223556898766517,22.444637079239225,-6.57418243452939,22.39788641196868,37.95375866860618,22708786889.74,34079892889.74,-162.62845462301988,28.4421212489902,56.94436629330298,104.9093688458429,3.278434341945831,3.278434341945831,42.6841138819495,75.29454640801023,85.45845770505206,157.44126142695453,-0.0015372463606046,0.0095320371383554,1.6738810030783704,0.5629789654802051,25.12279810260681,1.180193472389134,1.754848275042136,-17.582513998500946,0.0,0.0,0.0841197814185749,0.0,0.4357529055240256,0.4572041856721223,0.2283607269848864,0.903969816110304,0.012142716687061,,-0.0032543812631015,-0.0030040573577117,-42.82156519099879,136296000.0,-2033116000.0,-12761050000.0,18058264000.0,243068000.0,132539500.0,0.0,28.172167315238458,46.96143700540133,0.0,3.194642392717815,1.9164660568127103,0.0,-0.0050397612606376,0.589566721683797,2014-01-22,0.16,amc,933527272.0,2025-04-25,2013-12-31,0.4375,74.0121875,2922832.78125
2013-09-30,CCI,USD,1051470,2013-11-08,2013-11-08 17:19:17,2013,Q3,748977000.0,263964000.0,485013000.0,0.6475672818,0,58504000.0,0.0,58504000.0,-631000.0,262806000.0,526770000.0,141780000.0,142016000.0,195408000.0,426509000.0,0.5694554038,231101000.0,0.3085555364,-142412000.0,80427000.0,0.1073824697,33959000.0,45836000.0,0.0611981409,0.16,0.16,290372000,291378000,https://www.sec.gov/Archives/edgar/data/1051470/000105147013000029/0001051470-13-000029-index.htm,https://www.sec.gov/Archives/edgar/data/1051470/000105147013000029/crowncastle10q093013.htm,2.57937060047112,0.1578526855206425,0.9602854269695426,0.510304023803948,-19.706307770721693,10.322241813949004,-10.210454176022482,10.272932651908588,37.59821883652694,21205867160.0,31762672160.0,115.66163692294266,28.313108626833667,76.05030540811936,143.11076651054813,7.1089729169432365,7.1089729169432365,42.40807415982066,74.47128234105259,113.91002782957968,214.35484457881736,0.0021614772767443,0.0069875944653422,3.612321537044264,0.6921730633396139,24.75165822995529,1.4709085238289996,1.6272884745380802,6.000688645949901,0.0,0.0,0.0781118779348364,0.0,0.3829832937339233,0.4685913068426338,0.1744539551948858,0.668662490788504,0.0131686286761809,6.040382865656819,0.0088995717961528,0.004771873306951,-62.38646890884796,320085000.0,-2964830000.0,-11570479000.0,13186551000.0,218619500.0,115924500.0,0.0,28.38403582486512,40.80863299540847,0.0,3.1707964489376024,2.2054157023619547,0.0,0.015365883420964,0.4499814031655945,2013-10-21,0.17,amc,795812500.0,2025-04-25,2013-09-30,-0.0588235294117647,71.52703125,2190807.828125
2013-06-30,CCI,USD,1051470,2013-08-06,2013-08-06 16:17:05,2013,Q2,734928000.0,249214000.0,485714000.0,0.6609001154,0,54790000.0,0.0,54790000.0,507000.0,255823000.0,505037000.0,139928000.0,140256000.0,190651000.0,430924000.0,0.5863485947,240273000.0,0.326934067,-139998000.0,89963000.0,0.1224106307,36587000.0,52359000.0,0.0712437137,0.18,0.18,291225000,292706000,https://www.sec.gov/Archives/edgar/data/1051470/000105147013000025/0001051470-13-000025-index.htm,https://www.sec.gov/Archives/edgar/data/1051470/000105147013000025/crowncastle10q063013.htm,2.5235745557558587,0.179788823074942,0.9387964632157266,0.4633324748905485,0.4356974847626406,10.04340973474118,-10.526431453343635,9.99732852605374,37.52692248261653,21058479750.0,31720115750.0,100.54851959548502,28.653799759976486,77.02415042373657,156.0650373515941,7.232932259008502,7.232932259008502,43.16084806947075,73.60953613630245,116.02048181974462,235.07874775816325,0.0024863618182124,0.0064075850489634,3.705521468178296,0.700890851016902,24.741337219556115,1.366142086749726,1.71310318275154,5.122075051051951,0.0,0.0,0.0745515206931835,0.0,0.389177776182493,0.5064612053357522,0.1884089325757081,0.7262852017560883,0.0128488777131909,6.3593772034560745,0.0096027398228926,0.0055688427296231,-41.85779380204309,235868000.0,-3065560000.0,-11587627000.0,13118597000.0,206880000.0,104517000.0,0.0,24.61808503690157,40.50494755511328,0.0,3.655848936466562,2.221950784593438,0.0,0.0179836866025158,0.4754639883251781,2013-07-24,0.15,amc,612416666.0,2025-04-25,2013-06-30,0.2,73.39578125,2274798.546875
2013-03-31,CCI,USD,1051470,2013-05-03,2013-05-03 16:43:40,2013,Q1,740060000.0,254983000.0,485077000.0,0.6554563144,0,58246000.0,0.0,58246000.0,-629000.0,286560000.0,541543000.0,164072000.0,164369000.0,186459000.0,426831000.0,0.576751885,240372000.0,0.3248006918,-200610000.0,34445000.0,0.0465435235,17708000.0,15462000.0,0.0208929006,0.05,0.05,291102000,292570000,https://www.sec.gov/Archives/edgar/data/1051470/000105147013000015/0001051470-13-000015-index.htm,https://www.sec.gov/Archives/edgar/data/1051470/000105147013000015/crowncastle10q033113.htm,2.5422704069364004,0.0531154028484861,0.984623946245646,0.5849255587388613,-64.49141538017602,10.184165687628392,-10.570844583685444,10.135323700970794,37.7892456939492,20316008580.0,30991299580.0,328.4828705859527,27.45183982379807,70.87985242092483,119.31432804966144,6.885818554893841,6.885818554893841,41.87673915628463,72.60789300683409,108.12452317654363,182.00947642902867,0.0007610746933441,0.0083812230797945,3.672759034074213,0.7049050236119617,25.010580299931355,1.357245469914966,1.4623925436061544,17.125291270837067,0.0,0.0,0.0787044293705915,0.0,0.3930280068212695,0.4059401449973135,0.1572210361322055,0.6240138582744732,0.0135516039240061,3.4803290837189,0.0088170281310298,0.001657113950966,-106.56713110868355,227789000.0,-3077194000.0,-11542459000.0,13152025000.0,202782500.0,106436500.0,0.0,25.8707131854174,34.193103069616406,0.0,3.4788372224206983,2.632109750810331,0.0,0.005240622245089,0.3996983875067845,2013-04-24,0.03184,amc,610549499.0,2025-04-25,2013-03-31,0.5703517587939699,71.19983333333333,2140276.3833333333
2012-12-31,CCI,USD,1051470,2013-02-12,2013-02-12 16:52:54,2012,Q4,674087000.0,217421000.0,456666000.0,0.6774585476,0,58631000.0,0.0,58631000.0,-1433000.0,366780000.0,584201000.0,170154000.0,173683000.0,175843000.0,398035000.0,0.5904801606,222192000.0,0.3296191738,-302460000.0,-80268000.0,-0.1190766177,70624000.0,-19505000.0,-0.0289354342,-0.0683,-0.0671,285599238,290816000,https://www.sec.gov/Archives/edgar/data/1051470/000105147013000007/0001051470-13-000007-index.htm,https://www.sec.gov/Archives/edgar/data/1051470/000105147013000007/cci10-k123112.htm,2.360254896758513,-0.0682950001428225,0.8686962953311521,0.3154840350099253,-65.12437893829394,10.333584993668646,-10.890746844359578,10.289754344512644,41.26385309193297,20608841014.08,31778719014.08,-264.1481801343245,30.572969088678462,83.06700556664879,228.727897428248,7.01280104305714,7.01280104305714,47.14334946984588,79.83900665539463,128.08886377647633,352.69715449246405,-0.0009464384720457,0.0043720071370555,3.9510873005016425,0.7217012875302797,28.062552288115366,1.277468013293932,1.2792961890340449,-25.72573620904189,0.0,0.0,0.0869783870627975,0.0,0.3767644128562459,0.636830458808782,0.2343866592887861,0.2537729363692434,0.0124182783527942,,0.0298120726663581,-0.0019452369668624,-110.61756841942274,343466000.0,-3110389000.0,-11556121000.0,13322650000.0,167116000.0,82186000.0,0.0,25.745890367267133,48.017026874129,0.0,3.4957035362204603,1.874335123578652,0.0,-0.0066371847039519,0.5532122603212267,2013-01-23,0.14,amc,1348200000.0,2025-04-25,2012-12-31,0.5714285714285713,67.34322580645161,1433109.9193548388
2012-09-30,CCI,USD,1051470,2012-11-02,2012-11-02 16:12:41,2012,Q3,621337000.0,185343000.0,435994000.0,0.7017029406,0,55862000.0,0.0,55862000.0,154867000.0,210729000.0,396072000.0,291000.0,144949000.0,154867000.0,380423000.0,0.6122651637,220768000.0,0.3553112079,-145290000.0,75478000.0,0.1214767509,32300000.0,42045000.0,0.0676685921,0.14,0.14,290762000,292098000,https://www.sec.gov/Archives/edgar/data/1051470/000105147012000028/0001051470-12-000028-index.htm,https://www.sec.gov/Archives/edgar/data/1051470/000105147012000028/crowncastle10q093012.htm,2.1369264209215784,0.1446028022919088,0.6882467447603194,0.2628507163934764,0.4089358306793872,10.121009622990623,-7.659205810938156,10.111627379093552,29.330218529243847,18544800360.0,26809061360.0,110.26757260078487,29.84660556187705,92.67025305322912,242.6472367095398,6.307590025703409,6.307590025703409,43.14737631913116,70.47171532741186,133.96760558875852,350.779977756552,0.0022672123281892,0.004121209099929,2.851341648535056,0.658204162410172,21.72387316224308,1.4617358978746449,1.523073632794983,4.634675066005836,0.0,0.0,0.0899061217986374,0.0,0.4059077359185498,0.6180865098243019,0.1990691042059301,0.685804741733017,0.0265041354369689,5.735749055863727,0.0102738011385807,0.0055566510119197,-32.90891433543585,245559000.0,-2227006000.0,-9016238000.0,10795911000.0,132776500.0,47326000.0,0.0,20.481493939681688,23.4892604522426,0.0,4.394210708703739,3.831538254811568,0.0,0.0143006458674381,0.425396028366843,2012-10-24,0.15,amc,665678571.0,2025-04-25,2012-09-30,-0.0666666666666665,62.06111111111111,1668066.3015873015
2012-06-30,CCI,USD,1051470,2012-08-06,2012-08-06 16:33:57,2012,Q2,585511000.0,171833000.0,413678000.0,0.706524728,0,47078000.0,0.0,47078000.0,152482000.0,199560000.0,371393000.0,382000.0,144940000.0,152482000.0,366982000.0,0.62677217,202977000.0,0.3466664162,-154325000.0,48652000.0,0.0830932297,-68432000.0,116013000.0,0.1981397446,0.4,0.4,290649000,291203000,https://www.sec.gov/Archives/edgar/data/1051470/000105147012000022/0001051470-12-000022-index.htm,https://www.sec.gov/Archives/edgar/data/1051470/000105147012000022/crowncastle10q063012.htm,2.014495147067425,0.399151553936191,0.557820601481512,0.2321872774377341,0.3308974054615705,9.86068419296127,-7.918193422306631,9.855327215989044,32.29026076126186,17049470339.999998,26193487340.0,36.74043068449225,29.11895820915405,105.15925701597484,252.6408881973772,5.952110844663933,5.952110844663933,44.73611484668948,71.37540080984898,161.55854770862888,388.1379171667778,0.0068044929071972,0.0039581874776292,3.22582730801577,0.7334838584513524,24.9167997340469,1.5110892125514184,1.4004208638057127,1.384732328926241,0.0,0.0,0.0804049795819378,0.0,0.4101877997179797,0.5837599457225683,0.1616451270770318,0.5134959173154654,0.0137828324318415,9.407965050331685,0.0400789563065949,0.0156135792232388,-32.831310274592376,249986000.0,-2301415000.0,-8992568000.0,10765266000.0,102013000.0,39094000.0,0.0,19.08394547668617,24.239290473890343,0.0,4.716005928121526,3.7129799693165366,0.0,0.0405010960253676,0.3256333240437778,2012-07-25,0.38,amc,556225000.0,2025-04-25,2012-06-30,0.0526315789473684,55.26936507936507,1901094.9047619049
2012-03-31,CCI,USD,1051470,2012-05-03,2012-05-03 16:32:34,2012,Q1,551745000.0,154392000.0,397353000.0,0.7201750809,0,51001000.0,0.0,51001000.0,139400000.0,190401000.0,344793000.0,354000.0,137472000.0,139400000.0,346706000.0,0.6283808643,202228000.0,0.3665243908,-145263000.0,56965000.0,0.1032451585,6695000.0,50031000.0,0.0906777587,0.17,0.17,284913000,285853000,https://www.sec.gov/Archives/edgar/data/1051470/000105147012000015/0001051470-12-000015-index.htm,https://www.sec.gov/Archives/edgar/data/1051470/000105147012000015/crowncastle10q033112.htm,1.9365385222857503,0.1756009729285782,0.5693387104133543,0.341016380438941,3.733364219954864,9.605268976845563,-5.690673995219593,9.604805677522611,30.03865741471958,15197259420.000002,22554507420.0,75.93921478683217,27.54399119158307,93.68763975538184,156.41477377521616,5.553469980639743,5.553469980639743,40.8784989805073,65.05369800349575,139.0433964195004,232.1377873610539,0.0032921067290697,0.0063932579759831,3.077225424569912,0.6945295602613385,21.22042306738274,3.870001080212849,1.4710486499068902,3.226815197931172,0.0001632531189626,0.0495892546621094,0.0924358172706594,0.0,0.3594339501260902,0.4010307498828693,0.1179022918195905,0.4666571018651363,0.0163753183082764,6.160259531031571,0.0151538336276723,0.0064417792861085,-29.006756448459704,1222167000.0,-1621347000.0,-7739981000.0,10416332000.0,78565000.0,31982000.0,0.0,13.02862735502814,18.60076946992072,0.0,6.907865084134615,4.838509511423109,0.0,0.0182826158929507,0.2283223299744132,2012-04-25,0.18,amc,496529999.0,2025-04-25,2012-03-31,0.1111111111111112,50.04370967741936,3006850.209677419
2011-12-31,CCI,USD,1051470,2012-02-13,2012-02-13 16:34:07,2011,Q4,519471000.0,148855000.0,370616000.0,0.713448874,0,173493000.0,-128925000.0,44568000.0,138964000.0,183532000.0,332387000.0,77887000.0,96690000.0,138964000.0,285177000.0,0.548975785,176846000.0,0.3404347885,-127323000.0,49523000.0,0.095333522,584000.0,48911000.0,0.0941554004,0.17,0.17,280974000,284913000,https://www.sec.gov/Archives/edgar/data/1051470/000105147012000007/0001051470-12-000007-index.htm,https://www.sec.gov/Archives/edgar/data/1051470/000105147012000007/cci10-k123111.htm,1.8488223109611568,0.1740766049527714,0.6697416842839551,0.37495640165994,0.2851509392328116,8.494963946842056,-6.501341761159395,8.492760896025967,24.850658779815927,12587635200.0,19393214200.0,64.33949009425282,24.231641804836077,66.89146136677648,119.48055774396552,5.275080806874398,5.275080806874398,37.33262145528817,68.00413146922789,103.05672334998404,184.07842396514576,0.00388563850341,0.0083695625370522,2.885579225938661,0.6529764167154097,23.864403510802063,1.490034965904513,1.8289998965766885,3.845195038721674,0.0003792610704193,0.09760585553352,0.3339801451861605,0.0,0.3995764476681862,0.4401477308959506,0.1594448968277343,0.1497908494604404,0.0147707956748307,5.767477535955973,0.0171746276096761,0.0077249963831772,-28.544166008242755,197046000.0,-1826708000.0,-7559080000.0,9271845000.0,71010000.0,30855000.0,0.0,13.385193783676083,19.380941184374056,0.0,6.723847368557301,4.64373732647013,0.0,0.0204970570917906,0.294785282624015,2012-01-25,0.16,amc,519500000.0,2025-04-25,2011-12-31,0.0,42.20031746031746,1749779.253968254
2011-09-30,CCI,USD,1051470,2011-11-03,2011-11-03 16:06:00,2011,Q3,513883000.0,146842000.0,367041000.0,0.7142501309,0,42922000.0,0.0,42922000.0,138523000.0,181445000.0,328287000.0,175000.0,127119000.0,138523000.0,324119000.0,0.6307252818,181889000.0,0.3539502182,-127681000.0,54208000.0,0.1054870467,2825000.0,51278000.0,0.0997853597,0.16,0.15,282031000,283899000,https://www.sec.gov/Archives/edgar/data/1051470/000105147011000006/0001051470-11-000006-index.htm,https://www.sec.gov/Archives/edgar/data/1051470/000105147011000006/crowncastle10q093011.htm,1.8220798422868407,0.1818168924692675,0.6079650818527041,0.0816931472072219,0.2677861653506175,8.20353790895327,-6.843006619839663,8.201445940339891,25.046200594970056,11470200770.0,18331362770.0,55.92164656382855,22.3206464701109,66.89528924270259,497.8385750868056,4.958881677188074,4.958881677188074,35.672249850646935,56.557507489533165,106.9102310675648,795.6320646701389,0.0044705407541005,0.0020086832359779,2.9989191815870044,0.6642289754639735,21.168651020150005,1.385968357419978,1.430856126936178,3.3369986182200337,0.000416208930927,0.0931003549280393,0.0835248490415133,0.0,0.4063491941897203,0.8656285539322894,0.288830336866563,0.8869030546393231,0.0149508740316375,5.7923338844643615,0.0170703110651746,0.008271148100457,-28.38506228038762,145446000.0,-1929940000.0,-7607283000.0,9253438000.0,60927500.0,31173000.0,0.0,11.342231597464792,18.17565819043598,0.0,7.934946419196442,4.951677626032709,0.0,0.0221688826326315,0.5262719346454823,2011-10-25,0.12,amc,385425000.0,2025-04-25,2011-09-30,0.3333333333333334,42.03046875,1907220.59375
2011-06-30,CCI,USD,1051470,2011-08-05,2011-08-05 16:01:36,2011,Q2,500336000.0,147049000.0,353287000.0,0.7060995011,0,41259000.0,0.0,41259000.0,138191000.0,179450000.0,326499000.0,208000.0,126483000.0,138191000.0,312028000.0,0.623636916,167142000.0,0.334059512,-130373000.0,36769000.0,0.0734886157,5755000.0,30871000.0,0.0617005372,0.09,0.09,285280000,287026000,https://www.sec.gov/Archives/edgar/data/1051470/000144530511002377/0001445305-11-002377-index.htm,https://www.sec.gov/Archives/edgar/data/1051470/000144530511002377/crowncastle10q063011.htm,1.753841839596186,0.1082129837352776,0.5478652551878855,0.3233840437464946,0.3789820527201346,8.303393157599551,-6.689217610768368,8.30250280426248,24.33658510936624,11636571200.0,18344713200.0,94.23545722522756,23.25751335102811,74.45261332736173,126.1348566473362,4.912976359256216,4.912976359256216,36.66478766269067,58.7918814978143,117.37236123996288,198.84790201073116,0.0026529292408746,0.007928022646396,2.8778334989770062,0.6563358663960283,21.498525773328037,1.341662014870025,1.3214582196816964,5.039498291094344,0.0004271017565724,0.1609925172491982,0.082462585142784,0.0,0.4118401744000184,0.4097379954573082,0.1279939880400371,0.2984128759284629,0.0155055802500719,4.496094807796476,0.0140497232242264,0.0050540025683389,-27.57148152692092,130369000.0,-1908300000.0,-7504586000.0,9236025000.0,55382000.0,31461000.0,0.0,10.269838668414826,20.00822854966712,0.0,8.763526176589075,4.498149337738216,0.0,0.0130337786431967,0.2244812114413909,2011-07-27,0.09,amc,500300000.0,2025-04-25,2011-06-30,0.0,41.703809523809525,2077239.634920635
2011-03-31,CCI,USD,1051470,2011-05-06,2011-05-06 16:17:20,2011,Q1,499039000.0,145639000.0,353400000.0,0.7081610856,0,44744000.0,0.0,44744000.0,137273000.0,182017000.0,327656000.0,606000.0,127121000.0,137273000.0,308656000.0,0.6185007585,166428000.0,0.3334969812,-127121000.0,39307000.0,0.0787653871,-817000.0,40017000.0,0.0801881216,0.12,0.12,286998000,289005000,https://www.sec.gov/Archives/edgar/data/1051470/000144530511000835/0001445305-11-000835-index.htm,https://www.sec.gov/Archives/edgar/data/1051470/000144530511000835/crowncastle10q033111.htm,1.7388239639300622,0.1394330274078565,0.4443027477543397,0.2608519919999442,0.286831267116844,8.581927400190942,-6.412839113861421,8.581565028327724,23.900779796374888,12211764900.0,18861799900.0,76.29110690456555,24.47056222058797,95.76803252976144,163.1193217033554,4.958303043738824,4.958303043738824,37.79624418131649,61.10945486237105,147.91944335523942,251.9475301880744,0.0032769219132281,0.0061304815981185,2.7335161265699024,0.6475165318642703,21.54513438909336,1.3140605505054364,1.309209335986973,3.177998205562756,0.000406902691027,0.1241722268036084,0.0896603271487799,0.0,0.4139066752048678,0.4128958388882789,0.105502776336118,0.3835422843530774,0.0190285729171467,5.188685364852571,0.0169311124903792,0.0065669181712469,-27.218394379054907,123341000.0,-1840472000.0,-7418127000.0,9280991000.0,56791500.0,34940000.0,0.0,9.679383775616737,18.681740467869183,0.0,9.298112574761044,4.817538288511792,0.0,0.0162479718964534,0.1834507557543955,2011-04-27,0.08,amc,332666666.0,2025-04-25,2011-03-31,0.4999999999999999,42.05274193548387,2753420.709677419
2010-12-31,CCI,USD,1051470,2011-02-15,2011-02-15 16:18:14,2010,Q4,496314000.0,152934000.0,343380000.0,0.6918603948,0,165356000.0,-121449000.0,43907000.0,137259000.0,181166000.0,334100000.0,616000.0,125947000.0,137259000.0,299887000.0,0.6042283716,156152000.0,0.3146234037,-119471000.0,36681000.0,0.0739068412,-4224000.0,40873000.0,0.0823531071,0.14,0.14,286407000,286998000,https://www.sec.gov/Archives/edgar/data/1051470/000144530511000263/0001445305-11-000263-index.htm,https://www.sec.gov/Archives/edgar/data/1051470/000144530511000263/cci10k123110.htm,1.7328975897935457,0.1427095008152733,0.6835552203682173,0.4049866099641419,0.3929058996463075,8.536781573076077,1.044482153020003,8.5381048647554,24.108492460030657,12553218810.0,19219581810.0,76.78185360751597,25.292896855619627,64.1206426254629,108.22580036382134,5.133457681098139,5.133457681098139,38.72464167845356,64.0894130455805,98.17178807304305,165.6989060358131,0.003255977659486,0.0092399409072357,2.772130877375353,0.6474879624479765,22.229583142983856,1.2364789003935266,1.2398231001929385,4.789836811587112,0.0003959143925732,0.1215961637266655,0.3331681153463331,0.0,0.2049611782917837,0.4075290512067424,0.1607530716441607,0.1475374973879886,0.0208638079925208,5.235985616008533,0.0173141046265008,0.0049104470833941,-27.468148474024726,104260000.0,299147000.0,-7479390000.0,7143758000.0,57556500.0,33874500.0,138164000.0,10.864251260290864,23.33300639491545,0.0,8.28404993991187,3.8571969028222655,0.0,0.0167144235255725,0.2785686104040753,2011-01-26,0.08,amc,330866666.0,2025-04-25,2010-12-31,0.4999999999999999,42.5409375,1684472.40625
2010-09-30,CCI,USD,1051470,2010-11-05,2010-11-05 16:51:58,2010,Q3,481890000.0,143000000.0,338890000.0,0.7032517795,0,41420000.0,0.0,41420000.0,136218000.0,177638000.0,320638000.0,847000.0,123196000.0,136218000.0,94483000.0,0.1960675673,155956000.0,0.3236340244,-298703000.0,-142747000.0,-0.2962232045,-7597000.0,-135009000.0,-0.280165598,-0.47,-0.47,286119000,286119000,https://www.sec.gov/Archives/edgar/data/1051470/000144530510001287/0001445305-10-001287-index.htm,https://www.sec.gov/Archives/edgar/data/1051470/000144530510001287/crowncastle10q093010.htm,1.6842292892118311,-0.4718631059104778,0.5572786148420762,0.4381673359686004,1.0624215798321677,8.321701809387003,-6.943471073224777,8.323089343944304,23.55418899129383,12632153850.0,18944279850.0,-23.391318078794747,26.213770466288988,79.22428534694697,100.7605916182758,5.304520734494165,5.304520734494165,39.31245688850152,200.5046394589503,118.81164925242084,151.1093728064578,-0.0106877260681874,0.0099245149709762,2.778248790414354,0.6210414632465873,66.80700231787729,1.1261796590279654,1.265917724601448,-1.1797854236034035,0.0003933612635663,-0.0368049537438244,0.0859532258399219,0.0,0.4099837401609763,0.2137373940093322,0.0707215339600323,0.1018054941509636,0.0166884558716719,,0.0147574997914934,-0.0214791429152349,-27.22189456135384,84514000.0,-1986659000.0,-7517940000.0,9349510000.0,52127500.0,27087000.0,316137000.0,10.309593475689471,17.685314685314683,173.91272727272727,8.729733157008026,5.088967971530249,0.5175009409108017,-0.0566932645332943,0.1191112788734757,2010-10-27,0.05,amc,49173469.0,2025-04-25,2010-09-30,-10.8,40.36171875,1890409.140625
2010-06-30,CCI,USD,1051470,2010-08-06,2010-08-06 16:32:38,2010,Q2,456127000.0,145392000.0,310735000.0,0.6812466703,0,40556000.0,0.0,40556000.0,134426000.0,174982000.0,320374000.0,241000.0,120586000.0,134426000.0,270179000.0,0.5923328371,132884000.0,0.2913311424,-235184000.0,-102300000.0,-0.2242796414,-4686000.0,-97529000.0,-0.2138198353,-0.34,-0.34,286080000,286080000,https://www.sec.gov/Archives/edgar/data/1051470/000119312510181463/0001193125-10-181463-index.htm,https://www.sec.gov/Archives/edgar/data/1051470/000119312510181463/d10q.htm,1.594403663310962,-0.3409151286353467,0.5730914429530202,0.378981403803132,0.846221336689038,8.67544043624161,-6.482179809843401,8.676143036912752,22.7541841442953,10659340800.0,16806184800.0,-27.323516082396004,23.36923883041345,65.01580237877401,98.31616967505695,4.294535007258052,4.294535007258052,36.8454066520947,62.20389001365761,102.507989021043,155.01143526503657,-0.0091496277143141,0.0101712668760904,2.5740323302596906,0.6171440786660967,22.75100581466361,1.1742493453771137,1.1019853050934605,-1.6795746511770853,0.0004663515402378,-0.0509694552389545,0.0889138332087335,0.0,0.4188677152980937,0.33870692284233,0.1217446018323844,0.2074351053219426,0.0216606339900948,,0.0129375218972511,-0.0162112736410598,-25.914756361856824,99752000.0,-1854422000.0,-7198325000.0,9222597000.0,45159500.0,25422500.0,353492500.0,9.679014835780386,16.14022779795312,220.3363321228128,9.298466995555918,5.576129477640562,0.4084664527765447,-0.0392933965225007,0.1941100391498881,2010-07-28,-0.01184,amc,12669444.0,2025-04-25,2010-06-30,29.405405405405403,37.52666666666666,2224323.523809524
2010-03-31,CCI,USD,1051470,2010-05-10,2010-05-10 06:06:11,2010,Q1,444327000.0,140051000.0,304276000.0,0.6848019589,0,39473000.0,0.0,39473000.0,132868000.0,172341000.0,312392000.0,379000.0,120781000.0,132868000.0,105039000.0,0.2364002188,130373000.0,0.2934167854,-260112000.0,-129739000.0,-0.2919899083,-10339000.0,-119275000.0,-0.2684396852,-0.41,-0.41,288451000,288451000,https://www.sec.gov/Archives/edgar/data/1051470/000119312510113706/0001193125-10-113706-index.htm,https://www.sec.gov/Archives/edgar/data/1051470/000119312510113706/d10q.htm,1.5403898755767875,-0.4135017732647832,0.2921016047786279,0.0887291082367542,1.378036477599315,9.31565153180263,-5.836845772765565,9.316102214934253,22.5656940000208,11027481730.0,17018301730.0,-23.11356472437644,24.81839215262633,130.8791166312591,430.86198835664607,4.103647546794312,4.103647546794312,38.30130001102791,162.01888565199593,201.9808648539587,664.9332550597796,-0.0108161593843783,0.0023209288055651,2.377278686413825,0.6049250088229648,57.03424442349984,1.2975775292647471,1.0794164645101465,-0.7056700167504187,0.000450601517342,-0.041660029343953,0.0888377253689287,0.0,0.4138771152034433,0.6962388881635947,0.1320266380391018,0.4415133817021405,0.0185966641685065,,0.0120553864610793,-0.0192697418121166,-25.20163129959681,186693000.0,-1683644000.0,-7059331000.0,9399840000.0,42848000.0,28912000.0,354596500.0,8.358371199589492,15.918415434377476,225.58575090502745,10.767648127953471,5.653829074320778,0.3989613689647019,-0.0443857059234403,0.2033724965418736,2010-04-28,-0.15,amc,154988372.0,2025-04-25,2010-03-31,1.866666666666667,38.12524590163934,1869660.4098360653
2009-12-31,CCI,USD,1051470,2010-02-16,2010-02-16 06:32:22,2009,Q4,443544000.0,146706000.0,296838000.0,0.669241383,0,153072000.0,-113969000.0,39103000.0,133503000.0,172606000.0,319312000.0,-159000.0,118876000.0,133503000.0,272987000.0,0.6154676875,119454000.0,0.2693171365,-98846000.0,20608000.0,0.0464621323,1876000.0,18148000.0,0.0409158956,0.0629,0.0629,287420000,288451000,https://www.sec.gov/Archives/edgar/data/1051470/000119312510031419/0001193125-10-031419-index.htm,https://www.sec.gov/Archives/edgar/data/1051470/000119312510031419/d10k.htm,1.5431911488414167,0.0631410479437756,0.6178519240136385,0.4013116693340756,2.6655973836197897,10.215312086841555,2.9507863057546446,10.215854846566002,23.303966321063253,11220876800.0,17033880800.0,154.574564690324,25.29822700791804,63.18666088533249,97.28099874290172,3.821510836474254,3.821510836474254,38.404038381761445,62.398139105525175,95.92067258690302,147.67766959989598,0.0016173424165926,0.0102794997267949,2.240670980345278,0.6004733582644114,21.2940689483382,1.5860297969115706,1.004862209361015,9.480194319880418,0.000442924388939,0.2738593784439057,0.3451111952816406,0.0,0.1905672249234845,0.3504727366921383,0.1403197878902656,0.1174880460000113,0.0167176198979131,3.8096450050769466,0.0104206284271864,0.0020463124205345,-24.50064278755828,441928000.0,848115000.0,-6824488000.0,7425881000.0,38906500.0,28738000.0,355797500.0,9.015542990097938,20.277084781808515,219.7173939716167,9.982759784834911,4.438507851027138,0.409617092088878,0.0061806915712981,0.216540254679563,2010-01-27,0.00824,amc,110875000.0,2025-04-25,2009-12-31,3.854368932038834,35.0246875,1626568.671875
2009-09-30,CCI,USD,1051470,2009-11-06,2009-11-05 18:33:55,2009,Q3,429079000.0,136512000.0,292567000.0,0.6818487971,0,39230000.0,0.0,39230000.0,131463000.0,170693000.0,307205000.0,2569000.0,111169000.0,131463000.0,189658000.0,0.442011844,118801000.0,0.2768744217,-171775000.0,-52974000.0,-0.1234597825,-21836000.0,-31639000.0,-0.0737370041,-0.11,-0.11,286707000,286707000,https://www.sec.gov/Archives/edgar/data/1051470/000119312509225905/0001193125-09-225905-index.htm,https://www.sec.gov/Archives/edgar/data/1051470/000119312509225905/d10q.htm,1.4965766444488624,-0.1103530782296909,0.4332471826638345,0.3202781934169727,0.937650632876072,9.9457599570293,-5.496196465381034,9.94826774372443,21.78781473769388,8991131520.0,14857850520.0,-71.04468788520497,20.954489779271416,72.38362130177515,97.9148772678762,3.1523075984542666,3.1523075984542666,34.627307605359384,78.34022566936275,119.61397995411184,161.80439657613312,-0.0035189119333447,0.0102129525962044,2.1511353540623186,0.5852734737297771,30.93314808761033,1.0474465801360004,1.0686522321870306,-3.989177211124671,0.0005527669113664,-0.1570846107651948,0.0914283849827188,0.0,0.4223241925977126,0.2607495069033531,0.075484934009821,0.1543354887282534,0.0157989554371106,,0.0070170442547947,-0.005224490092475,-24.97710903465908,30589000.0,-1575798000.0,-6956407000.0,9384504000.0,45775000.0,25873500.0,357994000.0,7.001927384001548,16.101661392405063,233.01753691983123,12.853603738541729,5.58948532121361,0.386237024001177,-0.011092692825774,0.1129689892468617,2009-11-03,-0.03709,amc,132030769.0,2025-04-25,2009-09-30,2.50498786734969,27.79265625,1647328.03125
2009-06-30,CCI,USD,1051470,2009-08-05,2009-08-05 15:32:28,2009,Q2,409874000.0,134391000.0,275483000.0,0.6721163089,0,38102000.0,0.0,38102000.0,131597000.0,169699000.0,304090000.0,3249000.0,110250000.0,131597000.0,75131000.0,0.1833026735,98489000.0,0.2402909187,-265205000.0,-166716000.0,-0.4067493913,-54949000.0,-111418000.0,-0.271834759,-0.39,-0.39,286449000,286449000,https://www.sec.gov/Archives/edgar/data/1051470/000119312509165293/0001193125-09-165293-index.htm,https://www.sec.gov/Archives/edgar/data/1051470/000119312509165293/d10q.htm,1.4308794933827662,-0.3889627822055584,0.5285408571857468,0.3902125683804098,1.1694542484002388,10.206525419882771,-5.373700030371898,10.210177029767951,22.28526893094408,6880504980.0,12818858980.0,-15.438495081584662,16.78687835773921,45.4458717305152,61.55619256369883,2.3525547039947754,2.3525547039947754,31.27512108599228,170.62010328626,84.66881756935271,114.68346496564558,-0.0161932881850773,0.0162453192498089,2.1449563116837824,0.5944936954230279,79.03999680557959,1.0119373643326188,0.8933242630385487,-1.3546037739225352,0.0007221853649468,-0.0445978208188982,0.0929602755968907,0.0,0.4229307552689607,0.2617173051519154,0.0966736118904834,0.1296711424111423,0.0196523809756168,,0.006557723446409,-0.0182968214162374,-24.67760578671945,8744000.0,-1539291000.0,-6887530000.0,9435788000.0,60582500.0,26729500.0,309948500.0,12.772510576421045,18.298546777686006,242.79326740629955,7.046382890936598,4.918423364075538,0.3706857317809828,-0.0380955962929467,0.138328288805337,2009-07-29,-0.45,amc,449890243.0,2025-04-25,2009-06-30,-0.0888888888888889,23.29015873015873,2285492.603174603
2009-03-31,CCI,USD,1051470,2009-05-07,2009-05-06 21:25:32,2009,Q1,402910000.0,131759000.0,271151000.0,0.6729815592,0,36637000.0,0.0,36637000.0,133176000.0,169813000.0,301572000.0,0.0,105833000.0,133176000.0,247568000.0,0.6144498771,97247000.0,0.2413615944,-88688000.0,8559000.0,0.0212429575,-1491000.0,10577000.0,0.0262515202,0.02,0.02,285913000,287608000,https://www.sec.gov/Archives/edgar/data/1051470/000119312509102002/0001193125-09-102002-index.htm,https://www.sec.gov/Archives/edgar/data/1051470/000119312509102002/d10q.htm,1.4092048979934455,0.036993770832386,0.4129158170492422,0.2755173776638348,2.1311972523110176,9.708369329131587,-6.023682029148727,9.710254517982744,23.11219846596692,5835484330.0,11728392330.0,137.92862650089816,14.48334449380755,49.42896144268072,74.0788119176378,2.1019016506932995,2.1019016506932995,29.109211312700108,47.37442775318296,99.34432507750428,148.88659113413055,0.001812531642939,0.0134991365832354,2.3420642959231897,0.6048654578557593,23.80318942674336,1.6755184243191712,0.918872185424206,11.747064676616915,0.0008515145819952,0.4697929469603857,0.090930977141297,0.0,0.4184221941351471,0.332751698317776,0.097500682534561,0.2949780741274704,0.0173140403564071,2.842960768838341,0.0109623799682336,0.0016918043380377,-25.14364247166096,377681000.0,-1722249000.0,-7037375000.0,9867766000.0,65134000.0,29971500.0,253914000.0,14.071951552455882,17.85191144437951,175.78685326998533,6.3957013826055205,5.041476946623302,0.5119836798134836,0.0038097632522274,0.1373984393854074,2009-04-29,-0.06,bmo,1208700000.0,2025-04-25,2009-03-31,-1.3333333333333337,19.01065573770492,2598221.098360656
2008-12-31,CCI,USD,1051470,2009-02-26,2009-02-26 16:36:54,2008,Q4,392022000.0,135919000.0,256103000.0,0.6532873155,0,104532000.0,-65861000.0,38671000.0,121600000.0,160271000.0,296190000.0,0.0,0.0,130799000.0,90795000.0,0.2316068996,78944000.0,0.2013764534,-160043000.0,-81099000.0,-0.2068735938,-17282000.0,-63817000.0,-0.1627893333,-0.22,-0.22,285688000,285913000,https://www.sec.gov/Archives/edgar/data/1051470/000119312509039126/0001193125-09-039126-index.htm,https://www.sec.gov/Archives/edgar/data/1051470/000119312509039126/d10k.htm,1.3722032426983282,-0.2233800509646887,0.5854148581669514,0.2073975805774131,0.5433164851166308,9.506402088992187,-6.368545406177368,9.506402088992187,21.340567332194563,5022395039.999999,10963920040.0,-19.67498879608881,12.811513231400276,30.029986008633983,84.7647303842973,1.84928007835441,1.84928007835441,27.967614164511176,120.75466754777246,65.55564880475467,185.0419408955123,-0.0127064875406535,0.011797359532276,2.2448626864737387,0.588391002962635,65.43890082052977,0.5814866040716336,0.0,-2.6207123493739912,0.0009895677182733,-0.0778789350799943,0.2666483003504905,0.0,0.437695780682014,0.6457254583069252,0.2754819882557611,0.7486084250074517,0.0600527521414614,,0.0062161126494979,-0.0109530004599721,-25.604665754249396,-349190000.0,-1819417000.0,-7160689000.0,9246218000.0,62678500.0,35700500.0,308082000.0,15.444005693558015,22.38627417800308,165.85628205033882,5.827503679148519,4.020320634169427,0.54263847523535,-0.023497854274789,0.3780172775895382,2009-02-24,-0.03785,bmo,65333333.0,2025-04-25,2008-12-31,5.340819022457067,17.9565625,4196215.8125
2008-09-30,CCI,USD,1051470,2008-11-06,2008-11-06 16:01:59,2008,Q3,384348000.0,136299000.0,248049000.0,0.6453760654,0,37437000.0,0.0,37437000.0,134616000.0,172053000.0,308352000.0,0.0,1557000.0,120644000.0,207710000.0,0.5404217012,75996000.0,0.1977270599,-110299000.0,-34303000.0,-0.0892498465,-2096000.0,-32207000.0,-0.0837964553,-0.11,-0.11,283573000,283573000,https://www.sec.gov/Archives/edgar/data/1051470/000119312508227897/0001193125-08-227897-index.htm,https://www.sec.gov/Archives/edgar/data/1051470/000119312508227897/d10q.htm,1.3553758644158649,-0.113575693031424,0.4571803380434667,-0.0375882048008801,0.257796052515578,11.124987216695525,-5.009958634989932,11.124987216695525,21.475609455060955,8215109810.0,14230351810.0,-63.76804584407116,21.37414481147293,63.36667959951868,-770.7205000469087,2.604047936030349,2.604047936030349,37.02465424563157,68.51067262048048,109.76483146154084,-1335.0550530068488,-0.0039204588550715,-0.0012974872212937,1.9299005371589344,0.5826243688315591,28.959809349573923,1.1259844267462198,48.809248554913296,-4.025336107057472,0.000604861056629,-0.1542832303536498,0.0974039152018483,0.0,0.437846326244406,1.082217457036191,0.3650415769042638,1.1629504989887602,0.0,,0.0070188384975966,-0.0054825744795665,-24.669511906986912,56758000.0,-1420689000.0,-6787845000.0,9692110000.0,58353500.0,35373000.0,369026500.0,13.601579818289675,24.82314617128519,241.4672154601281,6.616878421650656,3.62564839198787,0.3727214057962295,-0.010209062789841,0.4947685428443469,2008-11-05,-0.05,bmo,147807692.0,2025-04-25,2008-09-30,1.6,35.6290625,2214246.21875
2008-06-30,CCI,USD,1051470,2008-08-06,2008-08-06 08:44:46,2008,Q2,379513000.0,135566000.0,243947000.0,0.6427895751,0,38492000.0,0.0,38492000.0,136889000.0,175381000.0,310947000.0,206000.0,206000.0,137436000.0,200668000.0,0.5287513208,68566000.0,0.1806683829,-88551000.0,-19985000.0,-0.0526595927,-80324000.0,60339000.0,0.1589906011,0.2,0.19,279428000,288427000,https://www.sec.gov/Archives/edgar/data/1051470/000119312508167532/0001193125-08-167532-index.htm,https://www.sec.gov/Archives/edgar/data/1051470/000119312508167532/d10q.htm,1.35817813533361,0.2159375581545156,0.5307950527506191,0.02709463618535,0.353414833159168,11.360540103353994,-5.030576749645705,11.360540103353994,21.984020928468155,10822246440.0,16866237440.0,44.83935116591259,28.5161415814478,72.96601541272527,1429.4342147668735,3.409168899334783,3.409168899334783,44.44179103219125,84.05045866804872,113.7159597893729,2227.7423642847707,0.0055754598025952,0.0006995774899393,1.935056212834148,0.5862617414691224,30.119356349791698,1.238665309956887,332.8446601941748,2.4580950960407035,0.0004592392187291,0.082367954391024,0.1014247206288058,0.0,0.4371269023518251,0.9489546180866916,0.3708647661608429,1.0240984894787393,0.0,7.429418820323766,-0.020297716372599,0.0102309669746576,-24.95978838913781,103907000.0,-1405684000.0,-6764093000.0,9746026000.0,59391500.0,32765000.0,374870500.0,13.901737226392772,22.009722201732,247.20822330082763,6.474011019941659,4.089102042047477,0.3640655589781049,0.0190076841584991,0.5037004165652691,2008-07-24,-0.07,bmo,139815789.0,2025-04-25,2008-06-30,-3.714285714285714,39.89984375,1594722.8125
2008-03-31,CCI,USD,1051470,2008-05-02,2008-05-02 16:06:37,2008,Q1,370621000.0,130791000.0,239830000.0,0.6471031053,0,34986000.0,0.0,34986000.0,133337000.0,168323000.0,299114000.0,2310000.0,2310000.0,137563000.0,203346000.0,0.5486629198,69003000.0,0.1861821106,-86835000.0,-17832000.0,-0.0481138414,-4659000.0,-13173000.0,-0.035543048,-0.0472,-0.0472,279340000,279340000,https://www.sec.gov/Archives/edgar/data/1051470/000119312508100737/0001193125-08-100737-index.htm,https://www.sec.gov/Archives/edgar/data/1051470/000119312508100737/d10q.htm,1.3267738240137468,-0.0471575857378105,0.242686332068447,0.0218586668575929,0.3480776115128517,10.904152645521586,-5.600647955896041,10.904152645521586,22.00110259898332,9634436600.0,15680682600.0,-182.84439004023383,25.995387741115582,142.11760384706162,1577.8638388470356,3.163015148560424,3.163015148560424,42.30921237598517,77.11330736773775,231.3057971442058,2568.0777268260726,-0.0013672828569965,0.0006337682475382,2.0169227102337977,0.5867492846236563,29.73378379707493,1.2561233005601418,29.87142857142857,-5.146284065892355,0.0005157540815619,-0.3772109618158354,0.0943983206564118,0.0,0.4403334440267257,0.909930375265518,0.166439570342749,0.4484199966560775,0.0166072618658953,,0.0050002930168186,-0.0022479859765812,-25.39327164029498,110791000.0,-1564485000.0,-6881037000.0,9742778000.0,58132500.0,34871500.0,364470000.0,14.609479765042996,22.27928527192238,259.67887698694864,6.160383630863335,4.039626895635791,0.3465819054836846,-0.004324736389047,0.2208276652108541,2008-04-23,-0.08,bmo,423542857.0,2025-04-25,2008-03-31,-0.1249999999999999,35.68491803278689,2392810.0
2007-12-31,CCI,USD,1051470,2008-02-27,2008-02-26 17:57:19,2007,Q4,375163000.0,134976000.0,240187000.0,0.6402203842,3296000,113910000.0,-75274000.0,38636000.0,133813000.0,172449000.0,307425000.0,0.0,1354000.0,138870000.0,222140000.0,0.5921159603,60986000.0,0.1625586745,-165489000.0,-104503000.0,-0.2785535887,-24334000.0,-80169000.0,-0.2136911156,-0.29,-0.29,279340000,279340000,https://www.sec.gov/Archives/edgar/data/1051470/000119312508038926/0001193125-08-038926-index.htm,https://www.sec.gov/Archives/edgar/data/1051470/000119312508038926/d10k.htm,1.3430335791508556,-0.2869943438104103,0.4651678957542779,0.0758681177060213,0.2693670795446409,11.337119639149424,-5.297766163098733,11.337119639149424,21.73175699863965,11620544000.0,17614494000.0,-36.23764796866619,30.97465368386541,89.43007541942436,548.3199169537112,3.6693623534099946,3.6693623534099946,46.95157571508918,79.29456198793554,135.55867323380022,831.1467937526542,-0.0068989024954425,0.0018237528294716,1.9164400262590264,0.5786725816692065,26.98275862068965,1.3367537037584647,45.04135893648449,-1.6208260050643015,0.0004276908206707,-0.0619940375955793,0.3036280230193276,0.0087855145630032,0.4430520665594153,0.8369016469139603,0.2898660049098658,0.7830848995463383,0.0445619637330973,,0.0045878364332978,-0.0137244099987947,-25.15972202334073,125268000.0,-1479878000.0,-6823967000.0,9823112000.0,55057000.0,31501000.0,175783000.0,13.458869877893076,24.915096017069704,234.4190078236131,6.687039908739283,3.6122678370711343,0.3839279111176849,-0.0253145730966231,0.3892997780482566,2008-02-06,-0.1,bmo,125066666.0,2025-04-25,2007-12-31,2.0,40.11109375,1985692.890625
2007-09-30,CCI,USD,1051470,2007-11-01,2007-11-01 16:43:10,2007,Q3,351744000.0,128895000.0,222849000.0,0.6335545169,0,32881000.0,0.0,32881000.0,194846000.0,227727000.0,356622000.0,0.0,2965000.0,140406000.0,130662000.0,0.3714690229,-12818000.0,-0.0364412755,-86442000.0,-99260000.0,-0.2821938683,-31923000.0,-67013000.0,-0.1905163983,-0.24,-0.24,282577000,282577000,https://www.sec.gov/Archives/edgar/data/1051470/000119312507232578/0001193125-07-232578-index.htm,https://www.sec.gov/Archives/edgar/data/1051470/000119312507232578/d10q.htm,1.2447722213768282,-0.2371495203077391,0.3598205091001745,0.1250774125282666,0.4239623182353836,12.066102336708225,-4.531221578543193,12.066102336708225,21.231264398730257,11523490060.0,17400190060.0,-42.98975594287676,32.76101386235444,113.33428464647857,326.0380845405161,3.3797160725163606,3.3797160725163606,49.468335095978894,133.16947589964948,171.13201668027185,492.309587483024,-0.0058153388991598,0.0030671263493934,1.758709738347837,0.5707521075893777,44.97635119621619,1.6504721285536923,-4.323102866779089,-1.517272767970394,0.0004312061688019,-0.0741497918314356,0.0934799172125182,0.0,0.4464002415309039,0.6523894292711233,0.1885831741266375,0.4724370753386607,0.0,,-0.0008477327362439,-0.0115215977734275,-24.54694738071393,166087000.0,-1280419000.0,-6675293000.0,9903483000.0,49769500.0,24579000.0,0.0,13.819681359170309,17.90015128593041,0.0,6.512451167354798,5.02789046653144,0.0,-0.0196541943446201,0.2347430965719078,2007-10-30,-0.19,bmo,257011538.0,2025-04-25,2007-09-30,0.368421052631579,37.37063492063492,1847152.746031746
2007-06-30,CCI,USD,1051470,2007-08-08,2007-08-08 16:02:04,2007,Q2,342870000.0,126845000.0,216025000.0,0.6300492898,2111000,34216000.0,0.0,34216000.0,136715000.0,173042000.0,299887000.0,0.0,2906000.0,138121000.0,181104000.0,0.5282001925,37914000.0,0.1105783533,-85884000.0,-47970000.0,-0.1399072535,-15620000.0,-32740000.0,-0.0954880859,-0.12,-0.12,282025000,282025000,https://www.sec.gov/Archives/edgar/data/1051470/000119312507175540/0001193125-07-175540-index.htm,https://www.sec.gov/Archives/edgar/data/1051470/000119312507175540/d10q.htm,1.2157432851697545,-0.1160889992021983,0.2481411222409361,-0.0275294743373814,0.327743994326744,12.455565995922347,-4.211045120113465,12.45441716159915,21.275028809502704,10229046750.0,16133798750.0,-78.10817616065975,29.83360092746522,146.16682504072477,-1317.4970054095827,2.912219779487692,2.912219779487692,47.05514845276635,89.08582223473805,230.54212154554028,-2078.026629314786,-0.0032006892528866,-0.0007590150079233,1.7074042472263715,0.5646521996986542,32.60420531849103,1.5702930677952591,13.0467997247075,-2.1375076359193645,0.0004859690371441,-0.1518326206475259,0.0997929244320004,0.0061568524513664,0.4425563337919521,1.1109428138664228,0.2267506635167848,0.5628832690177453,0.0,,0.0024610795995526,-0.0055298244002066,-24.75547912419112,135963000.0,-1187620000.0,-6733870000.0,9959777000.0,42824500.0,25517000.0,0.0,11.950651850555603,16.68950293665497,0.0,7.530969952556668,5.392611172519343,0.0,-0.0093211105502501,0.2756705965783175,2007-07-31,-0.19,bmo,501161538.0,2025-04-25,2007-06-30,-0.3157894736842105,35.01507936507936,1829409.5714285716
2007-03-31,CCI,USD,1051470,2007-05-10,2007-05-10 13:59:19,2007,Q1,315709000.0,118368000.0,197341000.0,0.625072456,1185000,33817000.0,0.0,33817000.0,140045000.0,175047000.0,293415000.0,0.0,3299000.0,143156000.0,165450000.0,0.5240585476,13446000.0,0.0425898533,-78716000.0,-65270000.0,-0.2067410178,-22162000.0,-42891000.0,-0.1358561207,-0.16,-0.16,273456000,273456000,https://www.sec.gov/Archives/edgar/data/1051470/000119312507109907/0001193125-07-109907-index.htm,https://www.sec.gov/Archives/edgar/data/1051470/000119312507109907/d10q.htm,1.1545148031127497,-0.1568479024047744,0.1782955941723714,0.0057669241121057,0.455415130770581,12.86380989994734,-4.435342431689193,12.76323064770932,21.939690480369784,8786141280.0,14657846280.0,-51.21203329369798,27.829872699226183,180.206359832636,5571.427571337984,2.5173877121594237,2.5173877121594237,46.42834470984356,88.59381251133273,300.63676839773564,9294.766188966392,-0.0048816651853337,0.0001794872117057,1.7180310367768787,0.5641870063620913,35.48930190389846,1.579982601599729,4.075780539557441,-1.136741973840666,0.0005655497495027,-0.1158518104031148,0.1071144630023217,0.0037534565058329,0.44509865301532,0.9676552629419968,0.1494382485136628,0.3295635530470256,0.0175794798374452,,0.0008559669713141,-0.0072726785622237,-25.43661960242233,150676000.0,-1212871000.0,-6699953000.0,10022177000.0,42162000.0,23028500.0,0.0,11.43739963067255,20.91849148418492,0.0,7.868921512424914,4.302413492294272,0.0,-0.0122890439524357,0.1725286700602656,2007-05-02,-0.19,bmo,333238888.0,2025-04-25,2007-03-31,-0.0526315789473684,33.7132786885246,1779231.0
2006-12-31,CCI,USD,1051470,2007-02-28,2007-02-28 17:13:16,2006,Q4,210841000.0,72682000.0,138159000.0,0.6552757765,6839000,95751000.0,-72946000.0,22805000.0,64919000.0,87724000.0,160406000.0,0.0,0.0,74148000.0,124583000.0,0.5908860231,40542000.0,0.1922870789,-47938000.0,-7396000.0,-0.0350785663,-855000.0,-6275000.0,-0.0297617636,-0.0229,-0.0229,273456000,273456000,https://www.sec.gov/Archives/edgar/data/1051470/000119312507042810/0001193125-07-042810-index.htm,https://www.sec.gov/Archives/edgar/data/1051470/000119312507042810/d10k.htm,0.7710234918963197,-0.0229470188988356,0.3541191270259201,-0.9203272190041544,2.167500438827453,2.871880668187935,0.6165160025744544,2.7656405418056287,12.849928324849335,8832628800.0,11753802800.0,-351.897561752988,41.89236818265897,91.21224338056092,-35.09621288279446,11.67903041329876,11.67903041329876,55.74723512030393,94.34515784657616,121.37844190177206,-46.70341917359707,-0.0007104340216357,-0.0284931027555465,4.646275656799523,0.7019121212072787,23.44761323776117,3.9842974177643855,0.0,-15.43203187250996,0.0005626863884509,-0.7920318725099602,0.4541384265868592,0.032436765145299,0.1231966246438393,3.598919823206246,1.6529280358184604,4.700126773480067,0.079291978315413,,0.0074614857185692,-0.0014295722104831,-13.1464175223802,599232000.0,168590000.0,-3420808000.0,4462421000.0,39178500.0,17606000.0,0.0,18.86857869200013,22.963732423433587,0.0,4.769834626609054,3.919223510380157,0.0,-0.0082971805453264,1.2744463460300743,2007-02-08,-0.08,bmo,281066666.0,2025-04-25,2006-12-31,-0.25,33.73301587301587,1204480.9206349207
2006-09-30,CCI,USD,1051470,2006-11-06,2006-11-06 06:06:30,2006,Q3,200939000.0,69996000.0,130943000.0,0.6516554775,2475000,22958000.0,0.0,22958000.0,73109000.0,98542000.0,168538000.0,0.0,0.0,74148000.0,106549000.0,0.5302554507,32401000.0,0.1612479409,-47872000.0,-15471000.0,-0.0769935154,575000.0,-15561000.0,-0.0774414126,-0.0774,-0.0774,201070000,201070000,https://www.sec.gov/Archives/edgar/data/1051470/000119312506224278/0001193125-06-224278-index.htm,https://www.sec.gov/Archives/edgar/data/1051470/000119312506224278/d10q.htm,0.9993484856020292,-0.077390958372706,0.3011438802407122,0.1486994579002337,0.3286616601183667,4.353941413438106,1.2710150693788234,4.215288208086736,14.740712189784652,7085706800.0,9983537800.0,-113.8375875586402,35.26297433549485,117.0204753018117,236.9880865580789,8.360045211711627,8.360045211711627,49.68442064507139,93.69902861594196,164.87816551336888,333.908752801097,-0.0021961111910529,0.0042196213933096,3.49696425537538,0.6557910064224668,27.19716750039888,1.2334206050006131,0.0,-3.891202364886575,0.000701270902149,-0.3193239509028983,0.114253579444508,0.0123171708827056,0.1371545244128743,0.5062178989612063,0.1525438068269475,0.4133894373415331,0.0,,0.0077394552841865,-0.0039902875053305,-17.667759984085144,43775000.0,255563000.0,-3412844000.0,3923708000.0,33986500.0,16676500.0,0.0,15.297478339197468,21.43022458426196,0.0,5.883322597645956,4.19967600647987,0.0,-0.0183595888471485,0.1524444223404784,2006-10-25,-0.1,bmo,200900000.0,2025-04-25,2006-09-30,-0.0,34.24460317460317,1104376.1904761903
2006-06-30,CCI,USD,1051470,2006-08-14,2006-08-11 18:03:52,2006,Q2,193776000.0,66807000.0,126969000.0,0.6552359425,2686000,25825000.0,0.0,25825000.0,70896000.0,99407000.0,166214000.0,0.0,0.0,71107000.0,98669000.0,0.5091910247,27562000.0,0.1422363967,-41404000.0,12832000.0,0.066220791,507000.0,-13335000.0,-0.0688165717,-0.0627,-0.0627,212675000,212675000,https://www.sec.gov/Archives/edgar/data/1051470/000119312506171140/0001193125-06-171140-index.htm,https://www.sec.gov/Archives/edgar/data/1051470/000119312506171140/d10q.htm,0.9111367109439286,-0.0627013048078053,0.3202398025155754,0.1923075114611496,2.4572469730809923,4.341506994240038,2.740886328905608,4.218507111790291,13.991235453156223,7345794500.0,9798785500.0,-137.71643232095988,37.90869096276113,107.85667405699851,179.60816890388517,8.187730655582937,8.187730655582937,50.5675909297333,99.30966666328835,143.87339774178866,239.58496540257707,-0.0018153244009208,0.0055676754910581,3.316631946418241,0.6522378421601546,24.86080734577223,3.945712276754324,0.0,-5.107386576677915,0.0006764414659299,-0.372628421447319,0.1332724382792502,0.0138613657006027,0.0746170967081517,0.3994890393057982,0.1404095450416976,0.3826346210640303,0.0,,0.0060243383104231,-0.0031586756633455,-14.533108028682262,523674000.0,582918000.0,-2937339000.0,4071111000.0,30093500.0,14819500.0,0.0,15.707363140946248,22.478782163545738,0.0,5.729796859753393,4.003775620280475,0.0,-0.0148633872472471,0.1279322910544257,2006-08-03,-0.07,bmo,150733333.0,2025-04-25,2006-06-30,0.2857142857142855,32.195238095238096,1532541.2698412698
2006-03-31,CCI,USD,1051470,2006-05-05,2006-05-05 12:35:14,2006,Q1,182665000.0,63476000.0,119189000.0,0.652500479,1678000,24163000.0,0.0,24163000.0,72426000.0,98267000.0,161743000.0,0.0,0.0,74441000.0,95363000.0,0.5220649823,20922000.0,0.1145375414,-33596000.0,-12674000.0,-0.0693838447,616000.0,-6722000.0,-0.0367996058,-0.0313,-0.0313,214473000,214473000,https://www.sec.gov/Archives/edgar/data/1051470/000119312506101673/0001193125-06-101673-index.htm,https://www.sec.gov/Archives/edgar/data/1051470/000119312506101673/d10q.htm,0.8516922876072979,-0.0313419404773561,0.2607414453101322,0.1578566999109445,0.4542809584423214,5.670942263128692,4.083740144447087,5.553132562140689,10.586815123581989,6080309550.0,8253464550.0,-226.1346901963701,33.28666986012646,108.72839937770468,179.59326411862003,5.1052265874725125,5.1052265874725125,45.18361235047765,86.54787024317608,147.5888657415686,243.7814434664461,-0.001105535819307,0.0055681375629962,1.906458202665498,0.5496780734567716,22.788240722292716,0.5802696843720448,0.0,-8.319250223147872,0.0008172281294461,-0.7392145194882476,0.1322804040182848,0.0091862152026934,0.0824091280143392,0.3945853152605414,0.1208003722661703,0.2964226703026558,0.0192374018011113,,0.0055159127802868,-0.0017734538078865,-13.04259743650716,-188197000.0,875852000.0,-2654313000.0,3393923000.0,26252500.0,12591500.0,0.0,12.991651383680509,18.36552397756633,0.0,6.927525788834951,4.900486373813016,0.0,-0.0056440108581297,0.1028847453991877,2006-04-26,-0.09,bmo,205537500.0,2025-04-25,2006-03-31,-0.111111111111111,29.91935483870968,1225579.0322580645
2005-12-31,CCI,USD,1051470,2006-03-24,2006-03-24 11:59:09,2005,Q4,180252000.0,67313000.0,112939000.0,0.6265617025,1219000,105763000.0,-82031000.0,23732000.0,68711000.0,92443000.0,159756000.0,0.0,0.0,66328000.0,86824000.0,0.4816812019,20496000.0,0.1137074762,-24427000.0,-3931000.0,-0.0218083572,2817000.0,-17259000.0,-0.0957492843,-0.0808,-0.0805,213535000,214473000,https://www.sec.gov/Archives/edgar/data/1051470/000119312506062600/0001193125-06-062600-index.htm,https://www.sec.gov/Archives/edgar/data/1051470/000119312506062600/d10k.htm,0.8441332802585056,-0.0808251574683307,0.4487835717798019,0.3275903247711148,0.306310440911326,5.643889760460814,4.049715503313275,5.5184208677734325,10.63378837192966,5746226850.0,7951504850.0,-83.23522292716844,31.87885210705013,59.962087946489135,82.1452831941903,4.876395013136724,4.876395013136724,44.11326836872823,91.58187655486962,82.97424476422034,113.67087216948764,-0.0030035361378049,0.0121735535032001,1.926962192033782,0.5496276369012594,25.39940569427808,0.4767090178236761,0.0,-5.5525233211657685,0.0014625249262479,-0.4869343530911408,0.5867507711426225,0.0067627543661096,0.0823979375099998,0.2700483142198245,0.1435712225107072,0.3901670486069232,0.1463007345272174,,0.0088800493861208,-0.004552738725977,-13.305257920247266,-242919000.0,864756000.0,-2704854000.0,3391826000.0,23367000.0,11647000.0,1866000.0,13.05022967845017,16.351967673406325,0.0,6.896430347782837,5.503924775143091,0.0,-0.0146464286441679,0.1211932470086871,2006-02-28,-0.11,bmo,115564705.0,2025-04-25,2005-12-31,0.5454545454545455,26.104920634920635,1484861.9047619049
2005-09-30,CCI,USD,1051470,2005-11-07,2005-11-07 11:16:13,2005,Q3,171717000.0,63362000.0,108355000.0,0.6310091604,0,33484000.0,891000.0,34375000.0,73353000.0,107728000.0,171090000.0,0.0,617000.0,74282000.0,73749000.0,0.4294799001,627000.0,0.0036513566,-27983000.0,-27356000.0,-0.1593086299,117000.0,-28066000.0,-0.1634433399,-0.13,-0.13,215664000,215664000,https://www.sec.gov/Archives/edgar/data/1051470/000119312505217760/0001193125-05-217760-index.htm,https://www.sec.gov/Archives/edgar/data/1051470/000119312505217760/d10q.htm,0.7962246828399733,-0.1301376214852733,0.2187059499962905,0.1404963276207433,0.3308387120706283,5.688357815861711,4.102854440240374,5.560770457749091,9.836147896728244,5311804320.0,7361140320.0,-47.315295375187056,30.93347962053845,112.61696355502788,175.30707326732673,4.429242348185294,4.429242348185294,42.867860025507085,99.8134255379734,156.06547628638666,242.94192475247524,-0.0052837036737829,0.0057042763954828,1.768331751799863,0.5094164720340353,27.78798356587886,0.728381542047054,1.0162074554294975,-1.680574360436115,0.00171222421838,-0.3240575785648115,0.1949952538187832,0.0,0.082137492670499,0.3576017130620985,0.0982255688138041,0.2270671225868985,0.0,,0.0001565179281395,-0.0073451303115517,-13.203563181615849,-77386000.0,884838000.0,-2728676000.0,3591351000.0,16828000.0,10731000.0,4025000.0,10.79526197173256,15.7154130235788,5.300969035068337,8.336990823906394,5.7268618944323935,16.978027867095392,-0.0234028040671815,0.0782096223755471,2005-10-26,-0.14,bmo,141894117.0,2025-04-25,2005-09-30,0.2142857142857142,22.70484375,1188500.0
2005-06-30,CCI,USD,1051470,2005-08-08,2005-08-08 17:18:38,2005,Q2,167685000.0,62162000.0,105523000.0,0.6292930196,787000,23890000.0,0.0,23890000.0,73267000.0,97944000.0,160106000.0,0.0,0.0,73588000.0,80080000.0,0.4775620956,7579000.0,0.0451978412,-235177000.0,-230449000.0,-1.3742970451,147000.0,-227451000.0,-1.3564182843,-1.04,-1.04,218237000,218237000,https://www.sec.gov/Archives/edgar/data/1051470/000119312505160918/0001193125-05-160918-index.htm,https://www.sec.gov/Archives/edgar/data/1051470/000119312505160918/d10q.htm,0.7683619184647883,-1.042220155152426,0.1800107222881546,0.1234987651039924,1.186609053460229,6.195915449717509,4.666761364938118,6.066734788326452,9.295458606927332,4434575840.0,6204226840.0,-4.874210093602579,26.44587076959776,112.88216469390352,164.5360581775007,3.3494129394117462,3.3494129394117462,36.99929534543936,77.47536013986014,157.9286455390098,230.1954155535767,-0.0512903619661626,0.0060776951330704,1.5322012468409787,0.483256574817696,22.09853896103896,1.9785541510216889,0.0,-0.172718519593231,0.0,0.0,0.1424695112860423,0.0046933237916331,0.0794983654521645,0.3139366170294005,0.0735486179443599,0.1675952600967549,0.0,,0.0018711149047813,-0.0588629269743191,-11.797741675334612,193376000.0,1018460000.0,-2454629000.0,3769912000.0,15465000.0,8581500.0,4625500.0,7.009034797387959,15.054534924873716,6.251729352337441,12.840569722030784,5.97826505097134,14.39601667438629,-0.1717926020365774,0.0565119571841621,2005-08-02,-0.31,bmo,47836697.0,2025-04-25,2005-06-30,2.5161290322580645,17.381875,1255615.625
2005-03-31,CCI,USD,1051470,2005-05-06,2005-05-06 16:37:51,2005,Q1,157105000.0,59148000.0,97957000.0,0.6235129372,432000,22547000.0,0.0,22547000.0,72608000.0,95587000.0,154735000.0,0.0,0.0,73666000.0,77921000.0,0.4959803953,-6107000.0,-0.0388720919,-122286000.0,-128393000.0,-0.817243245,144000.0,-128761000.0,-0.8195856274,-0.58,-0.58,223601000,223601000,https://www.sec.gov/Archives/edgar/data/1051470/000119312505099326/0001193125-05-099326-index.htm,https://www.sec.gov/Archives/edgar/data/1051470/000119312505099326/d10q.htm,0.7026131367927693,-0.5758516285705341,0.1174368629836181,0.0745077168706759,1.713216846078506,7.779388285383339,6.286917321478884,7.6478906623852305,7.758954566392815,3591032059.9999995,4942865060.0,-6.97228209628692,22.857528786480376,136.75433413305913,215.54814285714284,2.099925418519411,2.099925418519411,31.46217536042774,63.43431244465548,188.2350835903881,296.6905798319328,-0.0358562657889498,0.0046393347989212,1.01452216158814,0.4031515772874694,17.348763491228297,1.280446940488137,0.0,-0.203935974402187,0.0,0.0,0.1435154832755164,0.0027497533496706,0.077548079190978,0.3655508587531894,0.0610992648228891,0.130304346645671,0.050743133573088,,-0.0014749486192749,-0.0324363527171532,-9.682171591361396,95578000.0,1405761000.0,-2127506000.0,3733887000.0,23118500.0,9466500.0,5677500.0,10.237675439992362,10.29367011564212,7.506086427267194,8.791058138884226,8.743237250554325,11.990269612811677,-0.0752954839434036,0.0429291461129422,2005-04-28,-0.2,bmo,51672131.0,2025-04-25,2005-03-31,2.05,16.427868852459017,1206132.786885246
2004-12-31,CCI,USD,1051470,2005-03-29,2005-03-29 16:54:50,2004,Q4,161271000.0,71887000.0,89384000.0,0.5542471988,434000,90230000.0,-60849000.0,29381000.0,104891000.0,134706000.0,206593000.0,0.0,0.0,102589000.0,57267000.0,0.3550979407,-46670000.0,-0.2893886688,-79141000.0,-125811000.0,-0.7801216586,-5851000.0,-121662000.0,-0.7543947765,-0.55,-0.54,222785000,223601000,https://www.sec.gov/Archives/edgar/data/1051470/000119312505063494/0001193125-05-063494-index.htm,https://www.sec.gov/Archives/edgar/data/1051470/000119312505063494/d10k.htm,0.7238862580514847,-0.5460960118499899,-8.94772538546132,-9.011154251857173,2.5457189667167897,8.367228493839352,6.869291020490608,8.230468837668605,8.30575667123011,3707142400.0,4990392400.0,-7.617708076474166,22.987036726999893,-1.8596905116285136,-1.8466002839281712,2.021756029722544,2.021756029722544,30.94413998797056,87.14254981053661,-2.503433748750263,-2.48581225872332,-0.032818269942908,-0.5415357122510319,1.0091474538141658,0.4047662900889463,22.408193200272407,2.235679581849753,0.0,16.38489421512058,0.0025658577345181,-0.078183820749289,0.5594930272646663,0.002691122396463,0.0729993205763857,-0.0070888257812331,0.0876226971991244,0.1377438126894696,0.0988832462128963,,-0.0101511238099075,-0.0287087368835368,-9.49702852525978,352249000.0,1530375000.0,-2070115000.0,4055532000.0,14183000.0,10565500.0,7395000.0,15.83012444890898,15.233908773491727,8.040118519342856,5.685362758231686,5.907873109796187,11.193864839613829,-0.0663505351421364,0.0634288663958525,2005-03-29,-0.16,bmo,57345454.0,2025-04-25,2004-12-31,1.7500000000000002,16.0809375,1288082.84375
2004-09-30,CCI,USD,1051470,2004-11-08,2004-11-08 17:15:06,2004,Q3,149046000.0,52982000.0,96064000.0,0.6445258511,211000,22641000.0,1442000.0,24083000.0,60587000.0,84881000.0,137863000.0,0.0,0.0,62792000.0,72722000.0,0.4879164822,11628000.0,0.0780161829,-65871000.0,-54243000.0,-0.3639346242,144000.0,461333000.0,3.0952390537,1.98,1.98,222841000,222841000,https://www.sec.gov/Archives/edgar/data/1051470/000119312504189640/0001193125-04-189640-index.htm,https://www.sec.gov/Archives/edgar/data/1051470/000119312504189640/d10q.htm,0.6688446022051597,2.0702339336118576,9.039288102279205,8.99549903294277,4.75677725373697,10.497502703721487,9.299020377758133,9.549849444222565,8.521084540098096,3315874080.0,4306216080.0,1.796898379261835,22.24732015619339,1.646147332802469,1.6541605913699025,1.5581397473236664,1.5581397473236664,28.89185942594904,59.214764170402354,2.137797136905483,2.1482036909735074,0.1391286245706893,0.6045362253321754,0.8922742279725839,0.3818560140029175,13.61818981876186,5.724333676669715,0.0,4.366312403404915,0.0,0.0,0.1519061229419105,0.0014156703299652,0.0537076802479468,0.0048443050869671,0.06546972075735,0.15540196203338,0.0096748654777719,21.091100103054423,0.0024289998818922,0.0980389990069293,-7.041859442382686,816431000.0,2072203000.0,-1644159000.0,4666759000.0,17826000.0,9011500.0,8838000.0,0.0,15.225359556075649,14.214638933977575,0.0,5.9111904496262415,6.3315009560229445,0.2167818399340632,0.0437890693364327,2004-10-26,-0.18,bmo,122962950.0,2025-04-25,2004-09-30,0.6666666666666666,14.13953125,1261717.1875
2004-06-30,CCI,USD,1051470,2004-08-06,2004-08-06 13:13:06,2004,Q2,149876000.0,54115000.0,95761000.0,0.6389348528,371000,22685000.0,6203000.0,28888000.0,62987000.0,92246000.0,146361000.0,0.0,0.0,40335000.0,66238000.0,0.4419520137,3515000.0,0.0234527209,-47354000.0,-54402000.0,-0.3629800635,184000.0,-39594000.0,-0.2641783875,-0.18,-0.18,221853000,221853000,https://www.sec.gov/Archives/edgar/data/1051470/000119312504134048/0001193125-04-134048-index.htm,https://www.sec.gov/Archives/edgar/data/1051470/000119312504134048/d10q.htm,0.6755644503342303,-0.1784695271193087,0.2896602705395014,0.2896197031367617,1.0480047599085882,9.5586852555521,8.354865609209702,8.6224797501048,14.307388225536728,3272331750.0,6213965750.0,-20.661790612213977,21.833594104459685,50.92172279107404,50.92885546200178,1.7106447828793945,1.7106447828793945,41.46071252235181,93.81270192336726,96.69736002614296,96.71090454920392,-0.0120996289572412,0.0196352341109668,1.6593124762470837,0.4982785486058064,44.41006672906791,1.3005310341399832,0.0,-1.6230236904581503,0.0,0.0,0.1513584563238944,0.0024753796471749,0.0419250178094711,0.0001400516635025,6.0049641036590245e-05,0.0002231312755671,0.0413875470388854,,0.0006023788711383,-0.0064874855299776,-17.96544108035501,538148000.0,1853552000.0,-1920778000.0,4427574000.0,17826000.0,23147500.0,13371500.0,21.40889802236515,15.067910930425946,15.480365887461888,4.203859531022102,5.972958057395143,5.81381607219596,-0.0206981671504812,4.056740273965193e-05,2004-07-28,-0.17,bmo,116527272.0,2025-04-25,2004-06-30,0.2941176470588234,14.470322580645162,1645396.741935484
2004-03-31,CCI,USD,1051470,2004-05-06,2004-05-06 11:41:26,2004,Q1,248487000.0,108303000.0,140184000.0,0.5641502372,0,23643000.0,3135000.0,26778000.0,86770000.0,113548000.0,221851000.0,0.0,0.0,87782000.0,67553000.0,0.2718572803,26669000.0,0.1073255341,-64805000.0,57666000.0,0.2320684784,5955000.0,-64967000.0,-0.2614502972,-0.3,-0.3,219294000,219294000,https://www.sec.gov/Archives/edgar/data/1051470/000119312504080212/0001193125-04-080212-index.htm,https://www.sec.gov/Archives/edgar/data/1051470/000119312504080212/d10q.htm,1.1331226572546444,-0.2962552555017465,0.1227438963218327,0.0340592993880361,0.7819867392632721,9.949852709148448,4.316169161034957,8.990788621667715,14.525372331208333,2769683220.0,5783525220.0,-10.658038773531178,11.146189619577685,102.8971735334547,370.82383451599947,1.4047710975610994,1.4047710975610994,23.27496094363085,85.61463177060975,214.86514916223948,774.3372901325479,-0.0234564731196948,0.0026966982888389,1.615583787188848,0.4940881480654208,44.61448048199192,0.8947519603297789,0.0,-0.4143180383887204,0.0,0.0,0.0951478346955776,0.0,0.1916326967463331,0.7225173682059665,0.0782656637973012,0.22154883689139,0.0108496621553642,,0.0039227575802176,-0.0124662113996362,-18.62674993387872,-41770000.0,946510000.0,-3909835000.0,5894390000.0,19109500.0,23510000.0,16488500.0,0.0,30.942356167419184,14.488518323592144,0.0,2.908634349402444,6.211815314023516,-0.0329509754892662,0.0886845969337966,2004-05-05,-0.19,bmo,194212204.0,2025-04-25,2004-03-31,0.7894736842105264,12.445483870967742,1860540.322580645
2003-12-31,CCI,USD,1051470,2004-03-10,2004-03-10 10:30:42,2003,Q4,253846000.0,113514000.0,140332000.0,0.5528233653,1987000,94888000.0,-49232000.0,45656000.0,69123000.0,116766000.0,230280000.0,0.0,0.0,100526000.0,124092000.0,0.488847569,23566000.0,0.0928358138,-175250000.0,-151684000.0,-0.5975433925,-4102000.0,-148840000.0,-0.5863397493,-0.68,-0.68,218240000,219294000,https://www.sec.gov/Archives/edgar/data/1051470/000119312504037856/0001193125-04-037856-index.htm,https://www.sec.gov/Archives/edgar/data/1051470/000119312504037856/d10k.htm,1.1631506598240469,-0.6820014662756598,0.5314561950146628,0.4228739002932551,2.118892045454545,10.047406524926686,4.518113086510264,9.092801502932552,15.80824780058651,2407187200.0,5394752200.0,-4.043246439129266,9.48286441385722,20.7542975384748,26.083425797503462,1.2130474855788589,1.2130474855788589,21.25206700125273,43.47381136576089,46.51249903004699,58.45561936546464,-0.0618315019288902,0.0383385222387357,1.738545353210244,0.5120512658010853,24.07540373271444,0.9972495454757354,0.0,-0.7792596076323569,0.0305086368023226,-0.4934157484547165,0.3738014386675385,0.0078275805015639,0.1791015512814595,0.2043109022718455,0.0933518747587119,0.2357300598850048,0.0813642917359343,,0.0036949490223518,-0.0269107364147247,-18.539143832478008,-1770000.0,986033000.0,-3903085000.0,5946888000.0,19109500.0,28476500.0,20426000.0,13.550380939624812,7.7580738939690255,12.322532903430414,6.641879693346241,11.600817577925396,7.303693218376013,-0.0750045479444047,0.1085822947214076,2004-02-18,-0.29,bmo,88677108.0,2025-04-25,2003-12-31,1.862068965517241,11.69546875,1223301.578125
2003-09-30,CCI,USD,1051470,2003-11-12,2003-11-12 14:42:42,2003,Q3,235577000.0,105030000.0,130547000.0,0.5541585129,1039000,23556000.0,0.0,23556000.0,96970000.0,121565000.0,226595000.0,0.0,0.0,100967000.0,72695000.0,0.3085827564,10040000.0,0.0426187616,-113954000.0,-95593000.0,-0.4057823981,4236000.0,-99678000.0,-0.4231228006,-0.46,-0.46,216621000,216621000,https://www.sec.gov/Archives/edgar/data/1051470/000119312503078277/0001193125-03-078277-index.htm,https://www.sec.gov/Archives/edgar/data/1051470/000119312503078277/d10q.htm,1.0875076746945125,-0.4601492930048333,0.2034151813536083,0.1036233790814371,1.1802733806971624,10.1498146532423,4.876286232636725,9.21506686793986,14.56570692592131,2038403610.0,4937969610.0,-5.112471182206706,8.65281249867347,46.26006740196079,90.8096231122199,1.0211537403747262,1.0211537403747262,20.96117027553624,67.92722484352431,112.0635804738562,219.9834993540339,-0.0489000311376018,0.0110120487865501,1.5806403941133476,0.4906518054702228,39.88673223743036,1.2159663586013427,0.0,-0.4420634442906158,0.0,0.0,0.0999927836758257,0.0044104475394457,0.1776409654490556,0.4905818809005083,0.0917619292205945,0.2140996563233531,0.0057348552702513,,0.0017166662266263,-0.0188486011704974,-18.29793510324484,77909000.0,1056306000.0,-3793389000.0,5928954000.0,0.0,44352500.0,30969500.0,0.0,40.41816623821765,21.68808911739503,0.0,2.2267215061058345,4.149743184512051,-0.0499344497006027,0.0997918022721712,2003-10-28,-0.3,bmo,194351024.0,2025-04-25,2003-09-30,0.6666666666666667,10.01828125,1916670.359375
2003-06-30,CCI,USD,1051470,2003-08-12,2003-08-12 16:36:21,2003,Q2,224201000.0,100933000.0,123268000.0,0.5498102149,918000,24138000.0,7695000.0,31833000.0,81893000.0,114644000.0,215577000.0,0.0,0.0,98254000.0,53119000.0,0.2369257943,6275000.0,0.0279882784,-72080000.0,-77413000.0,-0.3452839193,3418000.0,-80831000.0,-0.360529168,-0.37,-0.37,215969000,215969000,https://www.sec.gov/Archives/edgar/data/1051470/000119312503034368/0001193125-03-034368-index.htm,https://www.sec.gov/Archives/edgar/data/1051470/000119312503034368/d10q.htm,1.0381165815464255,-0.3742713074561627,0.4355162083447161,0.3394422347651746,2.422375433511291,10.583180919483814,5.3159249707133895,9.64732901481231,14.755997388514093,1678079130.0,4405215130.0,-5.190085270502653,7.484708498177974,17.840897424993088,22.890492708944333,0.8054042718010448,0.8054042718010448,19.64850794599489,82.93106289651537,46.835092496119415,60.09105471360952,-0.0481687654383735,0.0436862593005372,1.529542256292704,0.471822112096834,51.34012311978765,1.8460298761646297,0.0,-1.1636377132535785,0.0,0.0,0.1076623208638676,0.0040945401670822,0.1684201861297382,0.2205979289374641,0.0925464203995521,0.2111771530930038,0.0059143357968965,,0.0010237833365662,-0.0143910445119844,-18.18413522311073,323900000.0,1148075000.0,-3761935000.0,6231841000.0,66273500.0,46140500.0,38922500.0,0.0,37.03773790534315,32.66136942328079,0.0,2.429954016900594,2.7555488820333616,-0.0387953294514486,0.0960739735795415,2003-07-31,-0.33,bmo,96823404.0,2025-04-25,2003-06-30,0.4242424242424241,7.168095238095238,1293276.2222222222
2003-03-31,CCI,USD,1051470,2003-05-13,2003-05-13 16:57:10,2003,Q1,216724000.0,98302000.0,118422000.0,0.5464184862,1620000,0.0,0.0,24623000.0,80357000.0,106600000.0,204902000.0,0.0,0.0,97845000.0,109667000.0,0.5060214835,11822000.0,0.0545486425,-74837000.0,-63015000.0,-0.2907615216,3966000.0,-69016000.0,-0.3184511176,-0.32,-0.32,216958000,216958000,https://www.sec.gov/Archives/edgar/data/1051470/000119312503004755/0001193125-03-004755-index.htm,https://www.sec.gov/Archives/edgar/data/1051470/000119312503004755/d10q.txt,0.9989214502346077,-0.3181076521723098,0.0273416974713999,-0.2162492279611722,2.55908516855797,10.591017616312834,5.746877275786097,9.785363987499885,14.805985490279223,1193269000.0,3928596000.0,-4.322436101773501,5.505938428600432,201.15795684423463,-25.433616812669182,0.562063915765,0.562063915765,18.12718480648197,35.8229549454257,662.2717464598786,-83.73502142080696,-0.0578377549404199,-0.0393180414474858,1.5130745784411117,0.4752554129616363,24.942115677459945,2.3721309449533265,0.0,-0.0859510838066535,0.0,0.0,0.0,0.0074749450914527,0.1554914341563183,8.90913688469319,0.2438539340359166,0.5401297971281108,0.0,,0.00194934814257,-0.0120909328690089,-17.450454696300667,455236000.0,1246831000.0,-3674239000.0,6302352000.0,134205500.0,57298000.0,43416000.0,55.043419279821336,46.45846473113466,37.73514272344408,1.6350728420862033,1.9372142519312627,2.385044642857143,-0.0325085150208689,0.2435909254325722,2003-05-05,-0.36,bmo,128724324.0,2025-04-25,2003-03-31,0.0277777777777778,4.228196721311476,920532.786885246
2002-12-31,CCI,USD,1051470,2003-03-26,2003-03-26 17:04:32,2002,Q4,227961000.0,110636000.0,117325000.0,0.5146713692,1451000,0.0,0.0,-23647000.0,132557000.0,110361000.0,220997000.0,0.0,0.0,96469000.0,103433000.0,0.4537311207,-3574000.0,-0.0156781204,-26994000.0,-30568000.0,-0.1340931124,6832000.0,-34902000.0,-0.1531051364,-0.16,-0.16,215139000,216958000,https://www.sec.gov/Archives/edgar/data/1051470/000089924303000641/0000899243-03-000641-index.htm,https://www.sec.gov/Archives/edgar/data/1051470/000089924303000641/d10k.txt,1.0595986780639493,-0.1622300001394447,0.5882661906953179,0.4024189012684822,2.9370267594438944,11.062062201646375,6.102287358405496,10.26544699008548,14.999418980287164,806771250.0,3517559250.0,-5.778832516761217,3.539075762959454,6.374665175925853,9.318647777675109,0.3653031381509062,0.3653031381509062,15.430530880282154,34.00809461197103,27.793829360219345,40.62972706061726,-0.0432613333705185,0.1073117070049285,1.4611559530504443,0.4681773977631956,26.20815407075111,2.403424351870588,0.0,-3.626124577388115,0.0,0.0,0.0,0.0063651238589056,0.154809628469717,0.3159237983865233,0.1753940366992599,0.4144647503343043,0.0,,-0.0006680018795704,-0.0059911836801955,-17.459154314187572,506312000.0,1312840000.0,-3645639000.0,6401386000.0,153519500.0,69768000.0,61586000.0,53.63970152789293,51.94222495390289,37.107632235438736,1.6778616852146264,1.7326943556975505,2.425377060680463,-0.0158035008408429,0.1858472894268356,2003-02-26,-0.37,bmo,228000000.0,2025-04-25,2002-12-31,-0.0,3.05765625,962485.9375
2002-09-30,CCI,USD,1051470,2002-11-14,2002-11-14 17:55:50,2002,Q3,227424000.0,117979000.0,109445000.0,0.4812376882,2060000,37352000.0,0.0,37352000.0,77280000.0,116692000.0,234671000.0,0.0,0.0,102942000.0,95695000.0,0.4207779302,-7904000.0,-0.0347544674,-57623000.0,-65527000.0,-0.2881270227,101000.0,-65628000.0,-0.2885711271,-0.3,-0.3,216656000,216656000,https://www.sec.gov/Archives/edgar/data/1051470/000089924302002959/0000899243-02-002959-index.htm,https://www.sec.gov/Archives/edgar/data/1051470/000089924302002959/d10q.txt,1.0497009083524111,-0.3029133741968835,0.0571551214829037,-0.1182519754818698,3.1576462225832658,10.772778044457572,5.974124879994092,9.9919365261059,15.543114430248874,470143520.0,3232333520.0,-1.7909410617419397,2.067255522724075,37.96685132843414,-18.35064480874317,0.2171751185899197,0.2171751185899197,14.212807443365696,33.77745462145358,261.0299216668013,-126.16446213895394,-0.1395914166805915,-0.0544939979179123,1.5555657694221163,0.4780361603045795,28.864517477402163,1.4010119283170333,0.0,-0.1886847077466935,0.0,0.0,0.1642394822006472,0.0090579710144927,0.1475849478988113,3.068965517241379,0.1671019769241593,0.3691690466476268,0.0,,-0.0011804633980396,-0.01092924203405,-17.81254961782734,283740000.0,1294330000.0,-3719178000.0,6179743000.0,174930500.0,76378000.0,90125500.0,67.74021211481637,57.735359682655385,59.163410437450736,1.3286052285672558,1.5588367422440674,1.5212104801691682,-0.0303157824717423,0.1754070969647736,2002-11-14,-0.37,bmo,525862500.0,2025-04-25,2002-09-30,-0.5675675675675675,2.4771875,1649739.0625
2002-06-30,CCI,USD,1051470,2002-08-14,2002-08-14 08:21:15,2002,Q2,225531000.0,111793000.0,113738000.0,0.5043120458,1733000,30823000.0,0.0,30823000.0,76172000.0,108728000.0,220521000.0,0.0,0.0,101115000.0,106125000.0,0.4705561541,4910000.0,0.021770843,-72548000.0,-67638000.0,-0.2999055562,684000.0,-68598000.0,-0.3041621773,-0.31,-0.31,220897000,220897000,https://www.sec.gov/Archives/edgar/data/1051470/000089924302002282/0000899243-02-002282-index.htm,https://www.sec.gov/Archives/edgar/data/1051470/000089924302002282/d10q.txt,1.020978102916744,-0.3105429227196385,0.2442269474008248,-0.3275101065202334,3.571053477412549,10.78573724405492,6.076379489083148,10.013834502052992,15.704002317822331,797438170.0,3565030170.0,-2.9062005087611884,3.535825097215017,14.781333666981778,-11.02256061150582,0.3605012644516837,0.3605012644516837,15.807273368184418,33.592746007067134,66.08148751598732,-49.27750214248197,-0.0860229702824483,-0.0907230211967405,1.5682306627498954,0.4751986805542713,26.078605418138988,1.5267975559727578,0.0,-0.7864515000437331,0.0,0.0,0.1366685732781746,0.007684087775073,0.142503837310369,2.341007247585683,0.5599895358066075,1.249023389210305,0.0,,0.0007172215718247,-0.0109585811067275,-17.85131079190754,388067000.0,1342254000.0,-3792778000.0,6354924000.0,186458500.0,85278500.0,104041000.0,71.30611756255237,62.04753428211068,82.67557002674586,1.262163795708673,1.4505008303923603,1.0885924339062272,-0.0310113895587122,0.5717370539210582,2002-08-08,-0.37,bmo,203500000.0,2025-04-25,2002-06-30,0.108108108108108,5.21875,2115596.890625
2002-03-31,CCI,USD,1051470,2002-05-14,2002-05-13 21:38:46,2002,Q1,220617000.0,105791000.0,114826000.0,0.5204766632,2239000,23102000.0,0.0,23102000.0,103656000.0,128997000.0,234788000.0,0.0,0.0,95969000.0,81798000.0,0.3707692517,-20023000.0,-0.0907590983,-82409000.0,-102432000.0,-0.4642978556,4659000.0,-103393000.0,-0.4686538209,-0.47,-0.47,219420000,219420000,https://www.sec.gov/Archives/edgar/data/1051470/000089924302001546/0000899243-02-001546-index.htm,https://www.sec.gov/Archives/edgar/data/1051470/000089924302001546/d10q.txt,1.0054552912223134,-0.4712104639504147,0.0731063713426305,-0.2595023243095433,3.885156321210464,11.031505787986507,6.312255036004011,10.27120134901103,15.668257223589464,1384540200.0,4042451200.0,-3.347760970278452,6.275763880389997,86.31258649710118,-24.31577449947313,0.6143390422978674,0.6143390422978674,18.323389403355137,49.419927137582825,252.0074309581697,-70.99492799438005,-0.0746767771712226,-0.0411255664515916,1.5254551723005696,0.4720823049516936,32.493593975402824,1.6738766727074823,0.0,-0.1551458996257,0.0,0.0,0.1047154117769709,0.0101488099285186,0.1421903368606125,4.549654011595287,0.3308040631501652,0.7604643166022361,0.0,,-0.0030308995120157,-0.0165508773839519,-17.368960213289583,484144000.0,1385035000.0,-3659355000.0,6331330000.0,192545500.0,98817000.0,104079000.0,79.23591563660099,79.53086746509628,89.6563034662684,1.1358485514670675,1.1316360913515535,1.0038334898991337,-0.0458768597692601,0.3326086956521739,2002-05-08,-0.46,bmo,181207142.0,2025-04-25,2002-03-31,0.2173913043478261,7.563833333333333,1931786.7
2001-12-31,CCI,USD,1051470,2002-04-01,2002-04-01 00:00:00,2001,Q4,238186000.0,86573000.0,151613000.0,0.636531954,2447000,26109000.0,0.0,26109000.0,126041000.0,154597000.0,241170000.0,0.0,0.0,124787000.0,121803000.0,0.5113776628,-22400000.0,-0.0940441504,-77264000.0,-99664000.0,-0.4184292948,4691000.0,-103049000.0,-0.4326408773,-0.48,-0.47,216745000,219420000,https://www.sec.gov/Archives/edgar/data/1051470/000089924302000902/0000899243-02-000902-index.htm,https://www.sec.gov/Archives/edgar/data/1051470/000089924302000902/d10k.txt,1.0989226971787125,-0.4754388797896145,0.2455512237883226,-0.3172760617315278,4.048836189992849,11.689238506078572,6.8382338692934095,10.909815682022654,15.793199381761978,2314836600.0,4933331600.0,-5.61586381236111,9.71860898625444,43.49397993311037,-33.66153734295021,0.9789349619901144,0.9789349619901144,20.71209726852124,40.50254591430424,92.69346510841382,-71.73876803164262,-0.0445167490439714,-0.0297074964168097,1.4476137674613727,0.4641199231288416,21.49778741081911,2.9555283349495567,0.0,-0.5164727459752156,0.0,0.0,0.1096160143753201,0.0102734837479952,0.1425580621569535,2.2920972530156702,0.512162763554533,0.9775858062137884,0.0,,-0.0033539284040726,-0.0162948387159004,-17.392689566079955,804608000.0,1482153000.0,-3625813000.0,6700951000.0,201662000.0,102457500.0,149089000.0,72.11758877515891,108.27174754253636,106.83919928846176,1.2479618568584303,0.8312417786056515,0.8423874439287348,-0.0435790020332836,0.5628272855198505,2002-02-28,-0.43,bmo,160637069.0,2025-04-25,2001-12-31,0.3255813953488371,10.721875,1238521.875
2001-09-30,CCI,USD,1051470,2001-11-13,2001-11-13 00:00:00,2001,Q3,218396000.0,132087000.0,86309000.0,0.3951949669,2679000,23407000.0,0.0,23407000.0,78525000.0,104611000.0,236698000.0,0.0,0.0,101732000.0,83430000.0,0.3820124911,-18302000.0,-0.0838019011,-80301000.0,-98603000.0,-0.4514872067,11727000.0,-110330000.0,-0.5051832451,-0.51,-0.51,214986000,214986000,https://www.sec.gov/Archives/edgar/data/1051470/000089924301501758/0000899243-01-501758-index.htm,https://www.sec.gov/Archives/edgar/data/1051470/000089924301501758/d10q.txt,1.0158614979580065,-0.5131962081251803,0.1201520098983189,-0.5888150856334831,2.838301098676193,16.324676955708743,11.358758244722912,15.54389588159229,15.697315174011331,1909075680.0,4747083680.0,-4.325830871023293,8.74134910895804,73.90637915682707,-15.081135345651608,0.571285350059251,0.571285350059251,21.73612923313614,56.899001318470575,183.77467693856212,-37.50056230102617,-0.0577923657798626,-0.0663080051389057,1.0098700669116505,0.4485734706385816,34.01663670142634,2.145550700844016,0.0,-0.2341248980331732,0.0,0.0,0.1071768713712705,0.0122667081814685,0.1419083051083789,5.900584568928807,0.6978973973882305,1.498230645224708,0.0,,-0.0029128652819709,-0.0170906250803567,-14.635211130027072,564485000.0,2441974000.0,-2956364000.0,6440393000.0,206935000.0,97347000.0,177778000.0,87.55544973351161,68.65883849281155,133.14429126257696,1.0279200240982005,1.3108290494809758,0.6759583842953425,-0.0330159319153011,0.708967095531802,2001-11-05,-0.46,bmo,205028571.0,2025-04-25,2001-09-30,0.0652173913043477,10.209322033898305,1248015.254237288
2001-06-30,CCI,USD,1051470,2001-08-13,2001-08-13 00:00:00,2001,Q2,229416000.0,123106000.0,106310000.0,0.4633940091,3758000,30465000.0,0.0,30465000.0,88408000.0,122631000.0,245737000.0,0.0,0.0,97473000.0,81152000.0,0.3537329567,-16321000.0,-0.0711415071,-68631000.0,-84952000.0,-0.3702967535,68412000.0,-84733000.0,-0.3693421557,-0.4,-0.4,214059000,214059000,https://www.sec.gov/Archives/edgar/data/1051470/000089924301501223/0000899243-01-501223-index.htm,https://www.sec.gov/Archives/edgar/data/1051470/000089924301501223/d10q.txt,1.0717419029333035,-0.3958394648204467,0.0373168145230987,-0.6953503473341462,3.25393466287332,12.742164543420271,7.697863673099473,11.951485338154434,15.672520193030891,3510567599.9999995,6206377600.0,-10.357734294784796,15.302191651846424,439.4801702553831,-23.58523305967241,1.3722143763707708,1.3722143763707708,27.052941381595005,76.47843059936909,776.9626439659489,-41.69663679238945,-0.024136552732954,-0.0423994114228137,1.3113449709047684,0.4489992138467892,33.21926754731861,2.660958417974008,0.0,-0.0942725974531764,0.0,0.0,0.1327937022701119,0.0163807232276737,0.144513268911776,19.63370055082624,0.6836227638874359,1.608999415222677,0.0,,-0.0041715059447776,-0.0132560018322766,-17.829607724973023,678651000.0,1647797000.0,-3657010000.0,6453174000.0,199910000.0,88559500.0,136477500.0,79.01166440004185,68.66862703686253,117.08129579386868,1.1390723215792975,1.3106421940209525,0.7686966512435295,-0.0331205246561907,0.732667161857245,2001-08-09,-0.43,bmo,201310204.0,2025-04-25,2001-06-30,0.1395348837209302,17.79555555555556,949469.8412698412
2001-03-31,CCI,USD,1051470,2001-05-11,2001-05-11 00:00:00,2001,Q1,212953000.0,113195000.0,99758000.0,0.4684507849,3453000,25895000.0,0.0,25895000.0,75486000.0,104834000.0,218029000.0,0.0,0.0,96252000.0,91176000.0,0.4281508126,-5076000.0,-0.0238362456,-63563000.0,-68639000.0,-0.3223199485,60000.0,-68055000.0,-0.3195775594,-0.32,-0.32,211195000,211195000,https://www.sec.gov/Archives/edgar/data/1051470/000089924301500459/0000899243-01-500459-index.htm,https://www.sec.gov/Archives/edgar/data/1051470/000089924301500459/d10q.txt,1.0083240607021946,-0.3222377423707948,0.2125476455408508,-0.9799995265039418,3.572248396032103,13.345680532209569,8.15838916641019,12.626989275314283,12.78995714860674,3127797950.0,5112031950.0,-11.489963816031151,14.687738374195243,69.6784947314487,-15.112252199583516,1.1728844997875696,1.1728844997875696,24.005446976562904,56.067736575414585,113.88161799104458,-24.69926680549449,-0.0217581189987032,-0.0661714737679906,1.012906312798654,0.3932673669216163,21.76267877511626,2.741682620558662,0.0,-0.6595988538681948,0.0,0.0,0.1215996017900663,0.0162148455292951,0.1594995505599001,5.610728686315133,1.182702286420008,2.6166729003033704,0.0,,-0.0007851662597311,-0.0117884655091896,-14.63268780037406,693228000.0,1723011000.0,-2958755000.0,6239380000.0,185770000.0,91978500.0,95723000.0,83.85540471371617,66.1441759795044,89.69071072043818,1.0732760793089198,1.3606640141361446,1.003448398134851,-0.0255197605181124,1.1925471720447929,2001-05-04,-0.39,bmo,202609756.0,2025-04-25,2001-03-31,0.0512820512820511,24.067580645161293,1570296.8064516129
2000-12-31,CCI,USD,1051470,2001-03-30,2001-03-30 00:00:00,2000,Q4,201973000.0,83268000.0,118705000.0,0.5877270724,4074000,25908000.0,0.0,25908000.0,92629000.0,122611000.0,205879000.0,0.0,0.0,92629000.0,88723000.0,0.4392814881,-3906000.0,-0.0193392186,-55047000.0,-58953000.0,-0.2918855491,83000.0,-59036000.0,-0.2922964951,-0.28,-0.28,211195000,211195000,https://www.sec.gov/Archives/edgar/data/1051470/000089924301000756/0000899243-01-000756-index.htm,https://www.sec.gov/Archives/edgar/data/1051470/000089924301000756/0000899243-01-000756-0001.txt,0.956334193517839,-0.2795331328866687,0.2268282866545136,-0.7178010843059731,2.328809867657852,16.188470370984163,10.919046378938896,15.452922654418902,12.32362035086058,5714936700.0,7863790700.0,-24.20106672200013,28.29554791977145,119.2972904707233,-37.69846631837252,1.751125052856066,1.751125052856066,38.93486109529491,88.63305681728527,164.15386076609957,-51.87333900630623,-0.0103301231665435,-0.0265262780600877,0.7974944692638146,0.4041539224337992,24.219807716150264,2.3767037269604403,0.0,-0.8114540280506809,0.0,0.0,0.1282745713535967,0.0201710129571774,0.1728110989075661,4.164513098841457,0.9877607402969704,2.1537639400187847,0.0,,-0.0006396601226865,-0.0110824831775692,-11.17412580790265,447258000.0,2306048000.0,-2248783000.0,5863171000.0,153626500.0,91443000.0,66300000.0,77.1456580830111,108.91266753134455,84.9978383052313,1.1666243083072445,0.8263501577913185,1.058850457782299,-0.0180893374760232,0.9446293709604868,2001-02-15,-0.4,bmo,202000000.0,2025-04-25,2000-12-31,-0.0,26.645714285714288,985726.984126984
2000-09-30,CCI,USD,1051470,2000-11-13,2000-11-13 00:00:00,2000,Q3,174589000.0,64692000.0,109897000.0,0.6294611917,2222000,19004000.0,0.0,19004000.0,86280000.0,107506000.0,172198000.0,0.0,0.0,86280000.0,88671000.0,0.507884231,2391000.0,0.0136950209,-55229000.0,-52838000.0,-0.3026422054,127000.0,-52965000.0,-0.3033696281,-0.28,-0.28,191763000,191763000,https://www.sec.gov/Archives/edgar/data/1051470/000089924300002468/0000899243-00-002468-index.htm,https://www.sec.gov/Archives/edgar/data/1051470/000089924300002468/0000899243-00-002468-0001.txt,0.9104415346026083,-0.2762003097573567,0.1989174136825143,-0.7313976105922415,4.260144031956113,17.81319128298994,12.120815798668149,17.158904481052133,13.37534352299453,5956158780.0,7704116780.0,-28.11365420560748,34.115315283322545,156.1452033031852,-42.46664133185983,1.810138871878345,1.810138871878345,44.12716024491807,86.88428888813705,201.96924315113384,-54.92935567359452,-0.0088924761673327,-0.0235478947389646,0.7794986875627385,0.4066645590071211,19.712848620180218,4.212283823039975,0.0,-0.7201925800056641,0.0,0.0,0.1088499275441179,0.0127270332036955,0.1730712457631445,4.676890811377638,1.021828408433521,2.067686601761706,0.0,,0.0003952564455268,-0.0101551758418595,-10.151748512486767,781796000.0,2324324000.0,-1866070000.0,5954496000.0,113732500.0,79425000.0,43261000.0,69.1419848902279,114.24596549805231,75.06956037840845,1.3016693134119155,0.7877739892839747,1.1988880652335063,-0.0160966167777408,0.9303150242747558,2000-10-26,-0.39,bmo,189150000.0,2025-04-25,2000-09-30,-0.0769230769230769,34.39730158730159,1201785.7142857143
2000-06-30,CCI,USD,1051470,2000-08-11,2000-08-11 00:00:00,2000,Q2,148359000.0,48588000.0,99771000.0,0.6724971185,2122000,19845000.0,0.0,19845000.0,76629000.0,98596000.0,147184000.0,0.0,0.0,76629000.0,77804000.0,0.5244306041,1175000.0,0.0079199779,-60380000.0,-59205000.0,-0.3990657796,25000.0,-59230000.0,-0.3992342898,-0.36,-0.36,165625000,165625000,https://www.sec.gov/Archives/edgar/data/1051470/000089924300001912/0000899243-00-001912-index.htm,https://www.sec.gov/Archives/edgar/data/1051470/000089924300001912/0000899243-00-001912-0001.txt,0.8957524528301887,-0.3576150943396226,0.2566701886792453,-0.6379894339622642,2.004824150943396,13.25075924528302,9.64736,12.521545660377358,14.57607245283019,6045312500.0,8127425500.0,-25.516260763126795,40.74786497617266,142.20584084119403,-57.21097882971978,2.914975594067355,2.914975594067355,54.78215342513767,104.4602526862372,191.18405824374867,-76.91545610266213,-0.0097976738175239,-0.0174791625743086,1.1640793275988353,0.4955522347618676,26.7610020050383,2.552131144008447,0.0,-0.7177275029545839,0.0,0.0,0.1337633712818231,0.0143031430516517,0.1225071125653268,3.4856390110794853,0.9987799863843784,1.9337065601795664,0.0,,0.0002508510734495,-0.0138554666400926,-13.637249811320755,288119000.0,1597844000.0,-2203256000.0,4583158000.0,90689500.0,60185000.0,28755000.0,56.622247386407295,142.12768584835763,60.3148925660657,1.589481240223703,0.6332334158738433,1.492168785701124,-0.0285599800567149,0.8946596226415094,2000-08-09,-0.39,bmo,134595348.0,2025-04-25,2000-06-30,0.1025641025641025,33.493650793650794,990680.9523809524
2000-03-31,CCI,USD,1051470,2000-05-11,2000-05-11 00:00:00,2000,Q1,124244000.0,37049000.0,87195000.0,0.7018045137,2071000,14853000.0,0.0,14853000.0,64261000.0,81185000.0,118234000.0,0.0,0.0,64261000.0,70271000.0,0.5655886803,6010000.0,0.0483725572,-38059000.0,-32049000.0,-0.2579520943,11000.0,-33555000.0,-0.2700734039,-0.21,-0.21,158566000,158566000,https://www.sec.gov/Archives/edgar/data/1051470/000089924300001255/0000899243-00-001255-index.html,https://www.sec.gov/Archives/edgar/data/1051470/000089924300001255/,0.7835475448709055,-0.2116153525976565,0.2329250911292458,-0.4634852364315174,3.2132045961933837,13.251466266412724,9.498038671594164,12.781447472976552,11.935509503928964,6006480080.0,7389541080.0,-44.75100640739085,48.34422652200509,162.62739156332918,-81.72860109126039,2.9636705920897146,2.9636705920897146,59.47603972827662,105.15776180785817,200.07421562787675,-100.54754983467814,-0.0055864665416487,-0.0122356187019935,0.9338151668004636,0.4492725480663319,19.681817534971756,4.4289229353705455,0.0,-1.1520274485339987,0.0,0.0,0.1195470203792537,0.0166688129809085,0.1412852948549464,2.9898467536687066,0.888791410450404,1.7184139680366008,0.0,,0.0014775109015351,-0.009276137809322,-9.606537656244088,491927000.0,1506066000.0,-1475889000.0,3938948000.0,83320500.0,44820000.0,22074000.0,63.77523260680596,106.01095846041729,60.60406488704148,1.4112061425926556,0.8489688359303391,1.4850489017155684,-0.0165564466031776,0.6964103275607634,2000-05-03,-0.32,bmo,147200000.0,2025-04-25,2000-03-31,-0.1562499999999999,35.15539682539683,1824866.6984126985
1999-12-31,CCI,USD,1051470,2000-03-30,2000-03-30 00:00:00,1999,Q4,114200000.0,33100000.0,81100000.0,0.7101576182,1300000,12000000.0,0.0,12000000.0,59400000.0,72700000.0,105800000.0,0.0,0.0,59400000.0,67800000.0,0.5936952715,8400000.0,0.0735551664,-41300000.0,-32900000.0,-0.2880910683,41300000.0,-32900000.0,-0.2880910683,-0.21,-0.21,157040471,158566000,https://www.sec.gov/Archives/edgar/data/1051470/000089924300000662/0000899243-00-000662-index.html,https://www.sec.gov/Archives/edgar/data/1051470/000089924300000662/,0.7272010792682861,-0.209500135796205,0.1076155712752542,-1.1213669882587145,3.497824455709892,13.346241173716296,9.550404366782624,12.99410264759076,9.8210352412914,5045710333.2300005,6038710333.2300005,-38.34126393031915,44.18310274281962,298.56274161124264,-28.652528865587737,2.472660165260218,2.472660165260218,52.87837419640981,89.06652408893807,357.3201380609468,-34.29137043287905,-0.006520390158612,-0.0349009333413854,0.7558071155542487,0.4019860817890374,14.646017699115044,5.041888804265042,0.0,-0.513677811550152,0.0,0.0,0.1050788091068301,0.0113835376532399,0.1553678942841504,11.420118343195266,1.6900175131348512,3.249158249158249,0.0,,0.0051127222030182,-0.010152440906005,-7.150704483050105,530700000.0,1499800000.0,-1078800000.0,3594900000.0,67350000.0,38900000.0,17250000.0,61.943957968476354,125.07552870090636,52.20543806646526,1.4529262086513994,0.7195652173913043,1.7239583333333333,-0.0161227090071547,1.2289825595339687,2000-02-22,-0.29,bmo,137991666.0,2025-04-25,1999-12-31,-0.1724137931034482,21.61359375,850981.25
1999-09-30,CCI,USD,1051470,1999-11-12,1999-11-12 00:00:00,1999,Q3,98900000.0,27400000.0,71500000.0,0.7229524772,1200000,13000000.0,0.0,13000000.0,57100000.0,71300000.0,98700000.0,0.0,0.0,57100000.0,57300000.0,0.5793731041,200000.0,0.0020222447,-27227000.0,-27000000.0,-0.2730030334,100000.0,-27100000.0,-0.2740141557,-0.18,-0.18,147391304,147391304,https://www.sec.gov/Archives/edgar/data/1051470/000089924399002288/0000899243-99-002288-index.html,https://www.sec.gov/Archives/edgar/data/1051470/000089924399002288/,0.6710029514359952,-0.1838643072185588,0.2754572277886896,-4.044336292729997,3.339410037379139,13.115427759564431,8.989675537438762,12.745663746892422,10.033156365859956,2759165210.88,3745765210.88,-25.45355360590405,27.898536004853383,67.95973425812807,-4.628695203623552,1.468734808304056,1.468734808304056,37.87426906855409,65.371120608726,92.2602268689655,-6.283786631236369,-0.0098218112830426,-0.2160436053808759,0.7871819440008517,0.4128880947062765,17.218150087260035,5.46907706945766,0.0,-1.4981549815498154,0.0,0.0,0.1314459049544994,0.0121334681496461,0.1697844538753629,15.682266009852215,6.437815975733064,11.15061295971979,0.0,,5.774219494915598e-05,-0.0091138389103749,-7.507736005917961,469700000.0,1325000000.0,-1073700000.0,3424800000.0,48600000.0,27250000.0,13950000.0,51.05156723963599,104.45255474452554,50.25547445255474,1.7629233511586453,0.8616352201257862,1.7908496732026145,-0.0144256361119982,4.319793520518687,1999-11-10,-0.2,bmo,86000000.0,2025-04-25,1999-09-30,0.15,19.80296875,413023.4375
1999-06-30,CCI,USD,1051470,1999-08-13,1999-08-13 00:00:00,1999,Q2,77500000.0,25800000.0,51700000.0,0.6670967742,2100000,9200000.0,0.0,9200000.0,38900000.0,50200000.0,76000000.0,0.0,0.0,38900000.0,40400000.0,0.5212903226,1500000.0,0.0193548387,-22300000.0,-20800000.0,-0.2683870968,100000.0,-20900000.0,-0.2696774194,-0.17,-0.17,125000000,125000000,https://www.sec.gov/Archives/edgar/data/1051470/000089924399001717/0000899243-99-001717-index.html,https://www.sec.gov/Archives/edgar/data/1051470/000089924399001717/,0.62,-0.1672,0.1168,-3.0144,5.6472,13.6208,8.7504,13.204,9.5576,2601250000.0,3090050000.0,-31.11543062200957,33.564516129032256,178.16780821917806,-6.903529723991507,1.5760375643744318,1.5760375643744318,39.87161290322581,76.48638613861387,211.6472602739726,-8.200769639065818,-0.0080345987506006,-0.1448534358481499,0.7238412602241745,0.3944075798091842,12.0990099009901,8.945221445221446,0.0,-0.7019230769230769,0.0,0.0,0.1187096774193548,0.0270967741935483,0.2009837905648542,26.80821917808219,5.050322580645162,10.061696658097686,0.0,,0.0005120821997287,-0.0086352931454778,-4.6678,681700000.0,1093800000.0,-559000000.0,2906100000.0,39100000.0,25050000.0,10600000.0,47.729032258064514,79.18604651162791,43.95348837209302,1.8856447688564475,1.1365638766519823,2.047619047619047,-0.0126628294456225,3.1312,1999-08-04,-0.18,bmo,63409090.0,2025-04-25,1999-06-30,0.2222222222222222,18.976349206349205,592528.5873015873
1999-03-31,CCI,USD,1051470,1999-05-17,1999-05-17 00:00:00,1999,Q1,55100000.0,20600000.0,34500000.0,0.6261343013,900000,8300000.0,0.0,8300000.0,24600000.0,33800000.0,54400000.0,0.0,0.0,24600000.0,25300000.0,0.4591651543,700000.0,0.0127041742,-14100000.0,-13400000.0,-0.2431941924,100000.0,-15900000.0,-0.2885662432,-0.17,-0.17,92916667,92916667,https://www.sec.gov/Archives/edgar/data/1051470/000089924399001099/0000899243-99-001099-index.html,https://www.sec.gov/Archives/edgar/data/1051470/,0.5930044821775624,-0.1711210756192966,0.2206278018990931,-2.805739900248467,1.0956053772354963,13.208609818085703,6.559641232073036,12.637129999508051,8.299910284125882,1672500006.0,2341900006.0,-26.297169905660372,30.35390210526316,81.58536614634146,-6.41542004602992,1.424374047010731,1.424374047010731,42.502722431941926,92.5652176284585,114.23902468292682,-8.983122385884158,-0.0095067264232942,-0.1558744389026926,0.6567876000681315,0.3631398031737062,26.458498023715418,1.9770114942528736,0.0,-1.5185185185185186,0.0,0.0,0.1506352087114337,0.0163339382940108,0.2909073786316334,13.717073170731709,5.103448275862069,11.43089430894309,0.0,,0.000344785313678,-0.0105584700179294,-8.206008939171268,76500000.0,609500000.0,-741600000.0,1927500000.0,36750000.0,36700000.0,7600000.0,60.5989110707804,119.70873786407768,37.57281553398059,1.4851752021563345,0.7518248175182481,2.395348837209302,-0.0135411343893714,3.02636770214756,1999-05-04,-0.1,bmo,45916666.0,2025-04-25,1999-03-31,0.1999999999999999,19.84327868852459,134578.68852459016
1998-12-31,CCI,USD,1051470,1999-03-17,1999-03-17 00:00:00,1998,Q4,60800000.0,20400000.0,40400000.0,0.6644736842,1800000,8600000.0,0.0,8600000.0,24900000.0,35300000.0,55700000.0,0.0,0.0,24900000.0,30000000.0,0.4934210526,5100000.0,0.0838815789,-12200000.0,-7100000.0,-0.1167763158,200000.0,-7300000.0,-0.1200657895,-0.0786,-0.0786,92916667,92916667,https://www.sec.gov/Archives/edgar/data/1051470/000095013099001474/0000950130-99-001474-index.html,https://www.sec.gov/Archives/edgar/data/1051470/,0.6543497734373103,-0.078565022139677,0.4477130028781596,-0.3217937208186772,3.191031378686883,10.52448426717674,4.3931838407419415,10.102600860618471,4.62457397444099,2183541674.5,2316741674.5,-74.77882446917809,35.913514383223685,52.48898256009616,-73.02814964882943,2.326133668371152,2.326133668371152,38.1043038569079,77.22472248333334,55.69090563701923,-77.48299914715719,-0.0033431924314756,-0.0136933498220713,0.4577607329285181,0.2821034663865546,4.44,3.6824542518837458,0.0,-5.698630136986301,0.0,0.0,0.1414473684210526,0.0296052631578947,0.3740152310924369,1.71875,1.175986842105263,2.8714859437751006,0.0,,0.0036661273661686,-0.0076560041950707,-2.348340798750347,249200000.0,408200000.0,-203200000.0,1411500000.0,35450000.0,38150000.0,5900000.0,53.881578947368425,202.94117647058823,29.11764705882353,1.6703296703296704,0.4434782608695652,3.090909090909091,-0.007776712474699,0.7695067236968368,1999-02-25,-0.06,bmo,60800000.0,2025-04-25,1998-12-31,-0.0,12.9740625,171135.9375
1998-09-30,CCI,USD,1051470,1998-11-16,1998-11-16 00:00:00,1998,Q3,28900000.0,8500000.0,20400000.0,0.7058823529,800000,6300000.0,0.0,6300000.0,14000000.0,21100000.0,29600000.0,0.0,0.0,14000000.0,13300000.0,0.4602076125,-700000.0,-0.0242214533,-9000000.0,-9700000.0,-0.3356401384,16700000.0,-17400000.0,-0.6020761246,-2.08,-2.08,8354430,8354430,https://www.sec.gov/Archives/edgar/data/1051470/000089924398002152/0000899243-98-002152-index.html,https://www.sec.gov/Archives/edgar/data/1051470/,3.4592425814807237,-2.0827273673966986,0.646363665743803,-2.334091015185955,24.09500109522732,94.99151946931148,27.518334584166723,90.38318592650845,59.16621481058552,80453160.9,373453160.9,-1.1559362198275862,2.783846397923876,14.8987335,-4.125803123076923,0.1065463659117997,0.1065463659117997,12.922254702422144,28.079185030075188,69.15799275925926,-19.151444148717943,-0.2162749083485668,-0.2423770524596007,0.6546152827440074,0.3608292576100445,22.030075187969924,3.155239327296248,0.0,-0.3085714285714285,0.0,0.0,0.2179930795847751,0.0276816608996539,0.4114898897729761,4.611111111111111,0.8615916955017301,1.7785714285714285,0.0,,-0.0014738934234684,-0.0215827338129496,-41.477994309605805,166600000.0,229900000.0,-332400000.0,1274800000.0,23050000.0,18300000.0,3200000.0,107.439446366782,320.82352941176475,55.05882352941177,0.8376811594202899,0.2805280528052805,1.6346153846153846,-0.0230433055224473,2.9804546809297583,1998-11-16,,amc,,2025-04-25,1998-09-30,,9.835806451612903,437022.5483870968
1998-06-30,CCI,USD,1051470,1998-08-12,1998-08-12 00:00:00,1998,Q2,11500000.0,-100000.0,11600000.0,1.0086956522,700000,5000000.0,0.0,5000000.0,8100000.0,13800000.0,13700000.0,0.0,0.0,8100000.0,5900000.0,0.5130434783,-2200000.0,-0.1913043478,-4000000.0,-6200000.0,-0.5391304348,200000.0,-6400000.0,-0.5565217391,-0.77,-0.77,8354430,8354430,https://www.sec.gov/Archives/edgar/data/1051470/000089924398001518/0000899243-98-001518-index.html,https://www.sec.gov/Archives/edgar/data/1051470/,1.3765152140840249,-0.7660606408815442,0.1196969751377412,-3.2677274212603367,6.140454824566128,22.933940436391232,5.182879023464198,22.933940436391232,25.962273907376087,108607590.0,274207590.0,-4.242483984375,9.444138260869565,108.60759,-3.9783,0.5668454592901879,0.5668454592901879,23.844138260869567,46.47586271186441,274.20759,-10.044234065934068,-0.0589277416062726,-0.2513636477892567,1.1320459290187892,0.5179083094555874,28.06779661016949,6.88421052631579,0.0,-0.15625,0.0,0.0,0.4347826086956521,0.0608695652173913,0.3541069723018147,28.3,2.460869565217391,6.902439024390243,0.0,,-0.0055484186218799,-0.0236598890942698,-19.94151605794769,55900000.0,43300000.0,-161800000.0,335700000.0,,,,90.78260869565216,-5670.0,-1080.0,0.9913793103448276,-0.0158730158730158,-0.0833333333333333,-0.0334029227557411,3.387424396398078,1998-11-04,-0.26,bmo,22769696.0,2025-04-25,1998-06-30,0.2692307692307693,,
1998-03-31,CCI,USD,1051470,1998-05-15,1998-05-15 00:00:00,1998,Q1,11900000.0,0.0,11900000.0,1.0,0,0.0,0.0,0.0,0.0,0.0,0.0,0.0,0.0,0.0,11900000.0,1.0,11900000.0,1.0,-11900000.0,0.0,0.0,6600000.0,-6600000.0,-0.5546218487,-0.79,-0.79,8354430,8354430,https://www.sec.gov/Archives/edgar/data/1051470/000089924398001012/0000899243-98-001012-index.html,https://www.sec.gov/Archives/edgar/data/1051470/,1.4243940041391214,-0.7900000359090925,,,,,,,,108607590.0,,-4.113923863636364,9.126688235294118,0.0,0.0,0.0,0.0,,,0.0,0.0,-0.0607692335314686,,0.0,0.0,,0.0,0.0,0.0,,,0.0,0.0,0.0,0.0,,0.0,,,0.0,0.0,,,,,,,,,,0.0,0.0,0.0,0.0,0.0,0.0,,1998-05-15,,amc,,2025-04-25,1998-03-31,,,
1997-12-31,CCI,USD,1051470,1997-12-31,1997-12-30 19:00:00,1997,Q4,7700000.0,0.0,7700000.0,1.0,0,0.0,0.0,0.0,-34800000.0,-34800000.0,-34800000.0,0.0,0.0,0.0,-27100000.0,-3.5194805195,-27100000.0,-3.5194805195,27100000.0,0.0,0.0,2900000.0,-2900000.0,-0.3766233766,-0.55,-0.55,5263158,5263158,,,1.4629999707400003,-0.5509999889800002,,,10.468999790620003,38.47499923050002,9.499999810000004,38.47499923050002,29.69699940606001,68421054.0,169621054.0,-5.898366724137931,8.885851168831168,0.0,0.0,0.3378817481481481,0.3378817481481481,22.028708311688312,-6.259079483394834,0.0,0.0,-0.0423846145369231,,0.7718518518518519,0.4208400646203554,-3.734317343173432,5.6,0.0,0.0,,,0.0,0.0,0.4106085083467959,0.0,,0.0,,,,-0.0132480584741891,-20.059249598815008,55200000.0,50000000.0,-101700000.0,289700000.0,,,,118.05194805194805,0.0,0.0,0.7623762376237624,0.0,0.0,-0.0143209876543209,,1997-12-30,,amc,,2025-04-25,1997-12-31,,,
1997-09-30,CCI,USD,1051470,1997-09-30,1997-09-29 20:00:00,1997,Q3,7900000.0,0.0,7900000.0,1.0,0,0.0,0.0,0.0,0.0,0.0,0.0,0.0,0.0,0.0,7900000.0,1.0,7900000.0,1.0,-7900000.0,0.0,0.0,3000000.0,-3000000.0,-0.3797468354,-0.57,-0.57,5263158,5263158,,,1.5009999699800003,-0.5699999886000002,,,,,,,,68421054.0,,-5.7017545,8.660892911392406,0.0,0.0,0.0,0.0,,,0.0,0.0,-0.0438461529692307,,0.0,0.0,,0.0,0.0,0.0,,,0.0,0.0,0.0,0.0,,0.0,,,0.0,0.0,,,,,,,,,,0.0,0.0,0.0,0.0,0.0,0.0,,1997-09-29,,amc,,2025-04-25,1997-09-30,,,
1997-06-30,CCI,USD,1051470,1997-06-30,1997-06-29 20:00:00,1997,Q2,7900000.0,0.0,7900000.0,1.0,0,0.0,0.0,0.0,0.0,0.0,0.0,0.0,0.0,0.0,7900000.0,1.0,7900000.0,1.0,-7900000.0,0.0,0.0,3000000.0,-3000000.0,-0.3797468354,-0.57,-0.57,5263158,5263158,,,1.5009999699800003,-0.5699999886000002,,,,,,,,68421054.0,,-5.7017545,8.660892911392406,0.0,0.0,0.0,0.0,,,0.0,0.0,-0.0438461529692307,,0.0,0.0,,0.0,0.0,0.0,,,0.0,0.0,0.0,0.0,,0.0,,,0.0,0.0,,,,,,,,,,0.0,0.0,0.0,0.0,0.0,0.0,,1997-06-29,,amc,,2025-04-25,1997-06-30,,,
1997-03-31,CCI,USD,1051470,1997-03-31,1997-03-30 19:00:00,1997,Q1,7900000.0,0.0,7900000.0,1.0,0,0.0,0.0,0.0,0.0,0.0,0.0,0.0,0.0,0.0,7900000.0,1.0,7900000.0,1.0,-7900000.0,0.0,0.0,3000000.0,-3000000.0,-0.3797468354,-0.57,-0.57,5263158,5263158,,,1.5009999699800003,-0.5699999886000002,,,,,,,,68421054.0,,-5.7017545,8.660892911392406,0.0,0.0,0.0,0.0,,,0.0,0.0,-0.0438461529692307,,0.0,0.0,,0.0,0.0,0.0,,,0.0,0.0,0.0,0.0,,0.0,,,0.0,0.0,,,,,,,,,,0.0,0.0,0.0,0.0,0.0,0.0,,1997-03-30,,amc,,2025-04-25,1997-03-31,,,
