date,symbol,reportedCurrency,cik,fillingDate,acceptedDate,calendarYear,period,revenue,costOfRevenue,grossProfit,grossProfitRatio,researchAndDevelopmentExpenses,generalAndAdministrativeExpenses,sellingAndMarketingExpenses,sellingGeneralAndAdministrativeExpenses,otherExpenses,operatingExpenses,costAndExpenses,interestIncome,interestExpense,depreciationAndAmortization,ebitda,ebitdaratio,operatingIncome,operatingIncomeRatio,totalOtherIncomeExpensesNet,incomeBeforeTax,incomeBeforeTaxRatio,incomeTaxExpense,netIncome,netIncomeRatio,eps,epsdiluted,weightedAverageShsOut,weightedAverageShsOutDil,link,finalLink,revenuePerShare,netIncomePerShare,operatingCashFlowPerShare,freeCashFlowPerShare,cashPerShare,bookValuePerShare,tangibleBookValuePerShare,shareholdersEquityPerShare,interestDebtPerShare,marketCap,enterpriseValue,peRatio,priceToSalesRatio,pocfratio,pfcfRatio,pbRatio,ptbRatio,evToSales,enterpriseValueOverEBITDA,evToOperatingCashFlow,evToFreeCashFlow,earningsYield,freeCashFlowYield,debtToEquity,debtToAssets,netDebtToEBITDA,currentRatio,interestCoverage,incomeQuality,dividendYield,payoutRatio,salesGeneralAndAdministrativeToRevenue,researchAndDdevelopementToRevenue,intangiblesToTotalAssets,capexToOperatingCashFlow,capexToRevenue,capexToDepreciation,stockBasedCompensationToRevenue,grahamNumber,roic,returnOnTangibleAssets,grahamNetNet,workingCapital,tangibleAssetValue,netCurrentAssetValue,investedCapital,averageReceivables,averagePayables,averageInventory,daysSalesOutstanding,daysPayablesOutstanding,daysOfInventoryOnHand,receivablesTurnover,payablesTurnover,inventoryTurnover,roe,capexPerShare,report_date,epsEstimated,time,revenueEstimated,updatedFromDate,fiscalDateEnding,surprise(%),QuarterAvgPrice,QuarterAvgVolume
2025-02-28,CCL,USD,815097,2025-03-25,2025-03-25 10:18:53,2025,Q1,5810000000.0,3766000000.0,2044000000.0,0.3518072289,0,0.0,0.0,848000000.0,653000000.0,1501000000.0,5267000000.0,7000000.0,377000000.0,654000000.0,957000000.0,0.1647160069,543000000.0,0.0934595525,-614000000.0,-71000000.0,-0.0122203098,7000000.0,-78000000.0,-0.0134251291,-0.0596,-0.0596,1309000000,1309000000,https://www.sec.gov/Archives/edgar/data/815097/000081509725000025/0000815097-25-000025-index.htm,https://www.sec.gov/Archives/edgar/data/815097/000081509725000025/ccl-20250228.htm,4.438502673796791,-0.0595874713521772,0.706646294881589,0.2429335370511841,0.6363636363636364,7.015278838808251,5.685255920550039,7.015278838808251,21.977081741787625,31324370000.0,58882370000.0,-100.3986217948718,5.391457831325301,33.86418378378378,98.50430817610062,3.411125993683981,3.411125993683981,10.13465920826162,61.52807732497388,63.65661621621621,185.1646855345912,-0.0024900740222389,0.0101518402445125,3.091691168463465,0.5849593077160812,28.796238244514107,0.2571255830022456,1.440318302387268,-11.85897435897436,0.0,0.0,0.0,0.0,0.0358710209127433,0.6562162162162162,0.1044750430292599,0.9281345565749236,0.0030981067125645,,0.0154334888561421,-0.0016668803692781,-28.917303284950343,-8601000000.0,7442000000.0,-36375000000.0,36135000000.0,566500000.0,1112000000.0,512500000.0,8.411359724612737,26.072756240042484,12.379182156133828,10.699815837937384,3.451879010082493,7.27027027027027,-0.0084939562234563,0.4637127578304049,2025-03-21,0.027,bmo,5746812216.0,2025-05-11,2025-02-28,3.8148148148148153,23.782083333333333,23274407.2
2024-11-30,CCL,USD,815097,2025-01-27,2025-01-27 06:11:17,2024,Q4,5938000000.0,3833000000.0,2105000000.0,0.3544964635,0,0.0,0.0,886000000.0,658000000.0,1544000000.0,5377000000.0,16000000.0,403000000.0,659000000.0,1351000000.0,0.2275176827,561000000.0,0.0944762546,-272000000.0,289000000.0,0.0486695857,-14000000.0,303000000.0,0.0510272819,-1.26,-1.17,1300000000,1399000000,https://www.sec.gov/Archives/edgar/data/815097/000081509725000007/0000815097-25-000007-index.htm,https://www.sec.gov/Archives/edgar/data/815097/000081509725000007/ccl-20241130.htm,4.567692307692307,0.233076923076923,0.7007692307692308,0.2453846153846154,0.9307692307692308,7.116153846153846,5.776153846153846,7.116923076923077,22.52230769230769,33059000000.0,60725000000.0,27.276402640264028,5.567362748400135,36.288693743139405,103.6332288401254,3.57317336792045,3.57317336792045,10.226507241495453,44.94818652849741,66.65751920965971,190.36050156739813,0.0091654315012553,0.0096494146828397,3.121054907047125,0.5980572872439575,20.47816432272391,0.2907807523457003,1.392059553349876,3.0066006600660065,0.0,0.0,0.0,0.0,0.0360789511836464,0.6498353457738749,0.0996968676321994,0.8983308042488619,0.002526103065005,6.109237839718513,0.0150267352355075,0.0065103886895425,-28.55846153846154,-8239000000.0,7509000000.0,-35654000000.0,36666000000.0,611000000.0,1097500000.0,499500000.0,8.942404850117885,26.603182885468303,11.904513435950951,10.064406779661017,3.383053839364519,7.560157790927022,0.0327496757457847,0.4553846153846154,2024-12-20,0.06,bmo,5937892135.0,2025-04-25,2024-11-30,1.3333333333333337,23.40296875,23826948.125
2024-08-31,CCL,USD,815097,2024-09-30,2024-09-30 11:31:51,2024,Q3,7896000000.0,4303000000.0,3593000000.0,0.4550405268,0,0.0,0.0,763000000.0,652000000.0,1415000000.0,5718000000.0,19000000.0,431000000.0,651000000.0,2825000000.0,0.3577760892,2178000000.0,0.2758358663,-435000000.0,1743000000.0,0.2207446809,8000000.0,1735000000.0,0.2197315096,1.37,1.26,1267000000,1399000000,https://www.sec.gov/Archives/edgar/data/815097/000081509724000071/0000815097-24-000071-index.htm,https://www.sec.gov/Archives/edgar/data/815097/000081509724000071/ccl-20240831.htm,6.232044198895028,1.3693764798737174,0.9510655090765588,0.4956590370955012,1.2012628255722178,6.786108918705604,5.403314917127072,6.785319652722968,24.2336227308603,20905500000.0,49656500000.0,3.012319884726225,2.6476063829787235,17.34896265560166,33.2890127388535,2.4317203675700827,2.4317203675700827,6.288817122593718,17.577522123893804,41.208713692946056,79.07085987261146,0.0829925139317404,0.0300399416421515,3.5213446551122485,0.6078305391024997,10.177345132743362,0.2956379942927028,5.053364269141532,0.6945244956772334,0.0,0.0,0.0,0.0,0.0351771910450757,0.4788381742738589,0.0730749746707193,0.8863287250384024,0.0021529888551165,14.458986329249846,0.0541013510927754,0.0361059663288452,-30.75374901341752,-8639000000.0,6846000000.0,-37581000000.0,36876000000.0,563000000.0,1062500000.0,500500000.0,7.203647416413374,22.21240994654892,10.29049500348594,12.49367088607595,4.051789077212806,8.745934959349594,0.201814586483657,0.4554064719810576,2024-09-30,1.16,bmo,7826294893.0,2025-04-25,2024-08-31,0.0948275862068966,16.9334375,27105169.765625
2024-05-31,CCL,USD,815097,2024-06-27,2024-06-27 10:17:56,2024,Q2,5781000000.0,3798000000.0,1983000000.0,0.3430202387,0,0.0,0.0,789000000.0,634000000.0,1423000000.0,5221000000.0,25000000.0,450000000.0,634000000.0,1180000000.0,0.2041169348,560000000.0,0.0968690538,-464000000.0,96000000.0,0.0166061235,5000000.0,92000000.0,0.0159142017,0.07,0.07,1267000000,1271000000,https://www.sec.gov/Archives/edgar/data/815097/000081509724000057/0000815097-24-000057-index.htm,https://www.sec.gov/Archives/edgar/data/815097/000081509724000057/ccl-20240531.htm,4.5627466456195735,0.0726124704025256,1.6093133385951066,0.5682715074980268,1.3322809786898184,5.378847671665351,4.000789265982636,5.378058405682715,24.548539857932123,19106360000.0,48090360000.0,51.91945652173913,3.3050268119702477,9.37045610593428,26.53661111111111,2.803985911358967,2.803985911358967,8.318692267773741,40.75454237288135,23.58526728788621,66.79216666666666,0.0048151505571966,0.0376837869693651,4.498532433225712,0.6179666552426265,24.56271186440678,0.2490847964138961,1.2444444444444445,22.16304347826087,0.0,0.0,0.0,0.0,0.0351994839021833,0.6468857282981854,0.2281612177823906,2.080441640378549,0.0032866286109669,2.964214466452796,0.0137212327999931,0.0019223937981904,-31.945540647198104,-10051000000.0,5069000000.0,-39454000000.0,35082000000.0,569000000.0,1083000000.0,520000000.0,7.690710949662688,25.18957345971564,12.061611374407583,11.70242914979757,3.5729068673565383,7.461689587426326,0.0135016143234517,1.0410418310970797,2024-06-25,0.01271,bmo,5676383001.0,2025-04-25,2024-05-31,7.654602675059008,15.45952380952381,30144035.777777776
2024-02-29,CCL,USD,815097,2024-03-27,2024-03-27 10:16:42,2024,Q1,5407000000.0,3705000000.0,1702000000.0,0.3147771407,0,0.0,0.0,813000000.0,613000000.0,1426000000.0,5131000000.0,33000000.0,471000000.0,613000000.0,870000000.0,0.1609025338,276000000.0,0.0510449417,-490000000.0,-214000000.0,-0.0395783244,0.0,-214000000.0,-0.0395783244,-0.17,-0.17,1264000000,1264000000,https://www.sec.gov/Archives/edgar/data/815097/000081509724000035/0000815097-24-000035-index.htm,https://www.sec.gov/Archives/edgar/data/815097/000081509724000035/ccl-20240229.htm,4.277689873417722,-0.1693037974683544,1.3995253164556962,-0.2919303797468354,1.7998417721518989,5.286392405063292,3.9042721518987342,5.286392405063292,25.700949367088608,20047040000.0,49788040000.0,-23.41943925233645,3.707608655446643,11.332413793103449,-54.3280216802168,3.000155642023346,3.000155642023346,9.20807101904938,57.22763218390805,28.14473713962691,-134.92693766937668,-0.0106748926524813,-0.0184067074241384,4.791230170607602,0.6433753340969836,34.185057471264365,0.361729590190384,0.5859872611464968,-8.266355140186915,0.0,0.0,0.0,0.0,0.0351078153574084,1.208592425098926,0.3954133530608471,3.4877650897226755,0.0020343998520436,,0.0069284064665127,-0.0044570333652684,-31.689477848101262,-7912000000.0,4935000000.0,-38595000000.0,36588000000.0,600000000.0,1135500000.0,529500000.0,10.719437765859071,26.79352226720648,12.898785425101217,8.395962732919255,3.359020852221215,6.977401129943503,-0.0320263394193355,1.6914556962025316,2024-03-27,-0.17662,bmo,5421414296.0,2025-04-25,2024-02-29,-0.207337787340052,16.266393442622952,32872427.09836065
2023-11-30,CCL,USD,815097,2024-01-26,2024-01-26 10:09:35,2023,Q4,5396000000.0,3629000000.0,1767000000.0,0.3274647887,0,0.0,0.0,788000000.0,595000000.0,1383000000.0,5012000000.0,50000000.0,466000000.0,596000000.0,1023000000.0,0.1895848777,384000000.0,0.0711638251,-423000000.0,-39000000.0,-0.007227576,10000000.0,-48000000.0,-0.0088954781,-0.04,-0.04,1263000000,1263000000,https://www.sec.gov/Archives/edgar/data/815097/000081509724000011/0000815097-24-000011-index.htm,https://www.sec.gov/Archives/edgar/data/815097/000081509724000011/ccl-20231130.htm,4.272367379255741,-0.0380047505938242,0.7300079176563737,0.1955661124307205,1.912905779889153,5.448931116389549,4.06492478226445,5.448931116389549,25.619160728424387,19020780000.0,48496780000.0,-99.0665625,3.52497776130467,20.629913232104123,77.0072064777328,2.76384481255449,2.76384481255449,8.987542624166048,47.406432062561095,52.59954446854664,196.34323886639675,-0.0025235558163229,0.012985797638162,4.633972682359779,0.6492467426710098,28.81329423264907,0.4586708474871527,0.8240343347639485,-19.20833333333333,0.0010514815901345,-0.4166666666666667,0.0,0.0,0.035586319218241,0.7321041214750542,0.1250926612305411,1.1325503355704698,0.0018532246108228,,0.0120537035542282,-0.0010132567761546,-30.990498812351543,-6215000000.0,5134000000.0,-36972000000.0,36914000000.0,520500000.0,1135500000.0,505500000.0,9.27353595255745,28.966657481399835,13.094516395701294,9.70503597122302,3.107020547945205,6.8731060606060606,-0.006974716652136,0.5344418052256532,2023-12-21,-0.12,bmo,5435160000.0,2025-04-25,2023-11-30,-0.4166666666666666,14.516825396825398,30630495.301587302
2023-08-31,CCL,USD,815097,2023-09-29,2023-09-29 10:02:28,2023,Q3,6854000000.0,3921000000.0,2933000000.0,0.4279252991,0,0.0,0.0,713000000.0,596000000.0,1309000000.0,5230000000.0,59000000.0,518000000.0,595000000.0,2179000000.0,0.3179165451,1624000000.0,0.2369419317,-559000000.0,1065000000.0,0.1553837175,-9000000.0,1074000000.0,0.1566968194,0.85,0.79,1263000000,1396000000,https://www.sec.gov/Archives/edgar/data/815097/000081509723000066/0000815097-23-000066-index.htm,https://www.sec.gov/Archives/edgar/data/815097/000081509723000066/ccl-20230831.htm,5.426761678543151,0.850356294536817,1.452098178939034,0.7893903404592241,2.2707838479809976,5.510688836104513,4.127474267616785,5.510688836104513,26.244655581947743,19980660000.0,49767660000.0,4.650991620111732,2.915182375255325,10.894580152671756,20.040782347041123,2.870784482758621,2.870784482758621,7.261111759556464,22.83967875172097,27.136128680479825,49.91741223671013,0.0537519781628835,0.0498982516093062,4.688074712643679,0.6557802074121714,13.670032124827904,0.4254178779069767,3.135135135135135,1.7076350093109869,0.0,0.0,0.0,0.0,0.0351113433555752,0.4563794983642312,0.1221184709658593,1.4067226890756304,0.0017508024511234,10.26820827251974,0.0401058881758778,0.0223708054739736,-31.134402216943784,-6325000000.0,5213000000.0,-38113000000.0,36651000000.0,467000000.0,1072500000.0,460500000.0,6.3685439159614825,25.317521040550883,11.08645753634277,14.131958762886596,3.554850407978241,8.118012422360248,0.1543103448275862,0.66270783847981,2023-09-29,0.75,bmo,6671310000.0,2025-04-25,2023-08-31,0.1466666666666666,16.572857142857142,29476093.38095238
2023-05-31,CCL,USD,815097,2023-06-28,2023-06-28 11:46:22,2023,Q2,4911000000.0,3457000000.0,1454000000.0,0.2960700468,0,0.0,0.0,736000000.0,598000000.0,1334000000.0,4791000000.0,69000000.0,542000000.0,597000000.0,737000000.0,0.1500712686,120000000.0,0.024434942,-522000000.0,-402000000.0,-0.0818570556,5000000.0,-407000000.0,-0.0828751782,-0.32,-0.32,1263000000,1263000000,https://www.sec.gov/Archives/edgar/data/815097/000081509723000051/0000815097-23-000051-index.htm,https://www.sec.gov/Archives/edgar/data/815097/000081509723000051/ccl-20230531.htm,3.888361045130641,-0.3222486144101346,0.9002375296912114,0.3483768804433887,3.553444180522565,4.642913697545526,3.263657957244656,4.642913697545526,28.20348376880444,14183490000.0,44794490000.0,-8.712217444717446,2.8881062919975564,12.47448548812665,32.23520454545454,2.4187397680763985,2.4187397680763985,9.121256363266138,60.77949796472185,39.39708883025506,101.80565909090907,-0.0286953352101633,0.0310219840109874,5.982094133697135,0.6762477589497427,41.53459972862958,0.524376848331221,0.2214022140221402,-2.793611793611793,0.0,0.0,0.0,0.0,0.0335820176199564,0.6130167106420404,0.1419262879250661,1.16750418760469,0.004479739360619,,0.0028825220013626,-0.0081187289302028,-32.434877276326205,-5629000000.0,4122000000.0,-39803000000.0,37007000000.0,481500000.0,1032000000.0,443000000.0,8.22846670739157,27.127567254845243,11.40295053514608,10.937639198218262,3.317658349328215,7.892694063926941,-0.069406548431105,0.5518606492478226,2023-06-26,-0.33,bmo,6616830000.0,2025-04-25,2023-05-31,-0.0606060606060606,11.698870967741936,40226166.161290325
2023-02-28,CCL,USD,815097,2023-03-29,2023-03-29 10:34:59,2023,Q1,4433000000.0,3311000000.0,1122000000.0,0.253101737,0,0.0,0.0,712000000.0,582000000.0,1294000000.0,4605000000.0,56000000.0,539000000.0,582000000.0,435000000.0,0.0981276788,-172000000.0,-0.0387999098,-514000000.0,-686000000.0,-0.1547484773,7000000.0,-693000000.0,-0.1563275434,-0.55,-0.55,1260000000,1260000000,https://www.sec.gov/Archives/edgar/data/815097/000081509723000035/0000815097-23-000035-index.htm,https://www.sec.gov/Archives/edgar/data/815097/000081509723000035/ccl-20230228.htm,3.518253968253968,-0.55,0.3079365079365079,-0.5452380952380952,4.329365079365079,4.896031746031746,3.5174603174603174,4.896031746031746,29.34841269841269,13381199999.999998,44366200000.0,-4.827272727272726,3.018542747575005,34.487628865979374,-19.47772925764192,2.1691035824282703,2.1691035824282703,10.008166027520868,101.99126436781609,114.3458762886598,-64.57962154294032,-0.051789077212806,-0.0513406869339072,5.90695412546604,0.7009714340675195,71.22988505747126,0.6443001443001443,-0.3191094619666048,-0.5598845598845599,0.0,0.0,0.0,0.0,0.0334134846590362,2.770618556701031,0.2424994360478231,1.8470790378006872,0.0020302278366794,,-0.0039783652442087,-0.0137915936952714,-31.548809523809524,-3944000000.0,4432000000.0,-38672000000.0,38398000000.0,454500000.0,1036000000.0,438000000.0,10.435371080532372,27.78012684989429,12.177589852008458,8.624513618677042,3.23972602739726,7.390625,-0.1123358729129518,0.8531746031746031,2023-03-27,-0.62,bmo,4332720000.0,2025-04-25,2023-02-28,-0.1129032258064515,10.35758064516129,41031504.64516129
2022-11-30,CCL,USD,815097,2023-01-27,2023-01-27 11:36:20,2022,Q4,3839000000.0,3665000000.0,174000000.0,0.0453243032,0,0.0,0.0,741000000.0,568000000.0,1309000000.0,4974000000.0,40000000.0,448000000.0,568000000.0,-586000000.0,-0.1526439177,-1135000000.0,-0.2956499088,-467000000.0,-1602000000.0,-0.4172961709,-3000000.0,-1598000000.0,-0.4162542329,-1.27,-1.27,1259000000,1259000000,https://www.sec.gov/Archives/edgar/data/815097/000081509723000012/0000815097-23-000012-index.htm,https://www.sec.gov/Archives/edgar/data/815097/000081509723000012/ccl-20221130.htm,3.049245432883241,-1.2692613185067514,-0.0929308975377283,-1.0309769658459094,3.2009531374106435,5.6108022239872914,4.232724384432089,5.6108022239872914,28.855440826052423,12501870000.0,44353870000.0,-1.955862015018773,3.256543370669445,-106.85358974358974,-9.631640986132512,1.769800396375991,1.769800396375991,11.55349570200573,-75.68919795221844,-379.0929059829059,-34.17093220338983,-0.1278208779966517,-0.1038244678596082,5.079416761041903,0.6939829410285671,-54.35494880546075,0.7064592173503065,-2.533482142857143,0.0732165206508135,0.0,0.0,0.0,0.0,0.0335570469798657,-10.094017094017094,0.3076321958843449,2.079225352112676,0.0057306590257879,,-0.0258428845914457,-0.0319804674991994,-31.849682287529784,-3113000000.0,5329000000.0,-37147000000.0,38583000000.0,377500000.0,985000000.0,424000000.0,9.260224016671009,25.78444747612551,10.510231923601635,9.718987341772152,3.4904761904761905,8.563084112149532,-0.2262174405436013,0.938046068308181,2022-12-21,-0.89,bmo,3931120961.0,2025-04-25,2022-11-30,-0.0449438202247191,8.618730158730159,59166759.571428575
2022-08-31,CCL,USD,815097,2022-09-30,2022-09-30 11:10:58,2022,Q3,4306000000.0,3379000000.0,927000000.0,0.2152810033,0,0.0,0.0,625000000.0,581000000.0,1206000000.0,4585000000.0,24000000.0,422000000.0,581000000.0,244000000.0,0.0566651184,-279000000.0,-0.0647933117,-480000000.0,-759000000.0,-0.1762656758,11000000.0,-770000000.0,-0.1788202508,-0.65,-0.65,1185000000,1185000000,https://www.sec.gov/Archives/edgar/data/815097/000081509722000073/0000815097-22-000073-index.htm,https://www.sec.gov/Archives/edgar/data/815097/000081509722000073/ccl-20220831.htm,3.633755274261603,-0.6497890295358649,-0.290295358649789,-0.7443037974683544,5.9670886075949365,7.070886075949368,5.610970464135021,7.070886075949368,30.132489451476797,11210100000.000002,39424100000.0,-3.639642857142858,2.6033673943334885,-32.587500000000006,-12.709863945578231,1.3378804153240245,1.3378804153240245,9.155620065025548,161.57418032786885,-114.60494186046512,-44.69852607709751,-0.0686880580904719,-0.0786790483581769,4.211123045709512,0.6796425063081457,115.6311475409836,0.6509186351706037,-0.6611374407582938,0.447334200260078,0.0,0.0,0.0,0.0,0.0333224184756438,-1.563953488372093,0.1249419414770088,0.9259896729776248,0.0058058522991175,,-0.006318922114189,-0.015342618606412,-30.368776371308016,-4522000000.0,6649000000.0,-35106000000.0,36508000000.0,359500000.0,916000000.0,422500000.0,7.524384579656293,24.50429121041728,11.186741639538324,11.96111111111111,3.6728260869565217,8.045238095238096,-0.0918964076858813,0.4540084388185654,2022-09-30,-0.12,bmo,5048006829.0,2025-04-25,2022-08-31,3.833333333333333,9.68625,55571198.4375
2022-05-31,CCL,USD,815097,2022-06-29,2022-06-29 12:24:09,2022,Q2,2401000000.0,2683000000.0,-282000000.0,-0.1174510621,0,0.0,0.0,619000000.0,572000000.0,1191000000.0,3874000000.0,6000000.0,370000000.0,572000000.0,-889000000.0,-0.3702623907,-1473000000.0,-0.6134943773,-358000000.0,-1831000000.0,-0.7625989171,3000000.0,-1834000000.0,-0.7638483965,-1.61,-1.61,1140000000,1140000000,https://www.sec.gov/Archives/edgar/data/815097/000081509722000054/0000815097-22-000054-index.htm,https://www.sec.gov/Archives/edgar/data/815097/000081509722000054/ccl-20220531.htm,2.106140350877193,-1.6087719298245613,0.0026315789473684,-0.4280701754385965,6.3201754385964914,7.245614035087719,5.7140350877192985,7.245614035087719,32.24912280701754,15823200000.0,45163200000.0,-2.1569247546346784,6.590254060807997,5274.400000000001,-32.424590163934425,1.915641646489104,1.915641646489104,18.810162432319867,-50.80224971878515,15054.4,-92.54754098360657,-0.1159057586328934,-0.030840790737651,4.406053268765133,0.6868347550388767,-33.00337457817773,0.6393124065769805,-3.981081081081081,-0.0016348773841961,0.0,0.0,0.0,0.0,0.0329508567977655,163.66666666666666,0.2044981257809246,0.8583916083916084,0.0116618075801749,,-0.0322431310841859,-0.0357909527340853,-32.49232456140351,-4826000000.0,6514000000.0,-36174000000.0,37387000000.0,313000000.0,842000000.0,408500000.0,13.45689296126614,30.59262020126724,14.256429370108089,6.688022284122563,2.941885964912281,6.312941176470588,-0.2220338983050847,0.4307017543859649,2022-06-24,-1.14,bmo,2720058352.0,2025-04-25,2022-05-31,0.4385964912280702,14.675806451612903,43233339.80645161
2022-02-28,CCL,USD,815097,2022-03-28,2022-03-28 10:52:09,2022,Q1,1623000000.0,2030000000.0,-407000000.0,-0.2507701787,0,0.0,0.0,530000000.0,554000000.0,1084000000.0,3114000000.0,3000000.0,368000000.0,554000000.0,-966000000.0,-0.595194085,-1491000000.0,-0.9186691312,-397000000.0,-1888000000.0,-1.1632778805,3000000.0,-1891000000.0,-1.1651263093,-1.66,-1.66,1137000000,1137000000,https://www.sec.gov/Archives/edgar/data/815097/000081509722000029/0000815097-22-000029-index.htm,https://www.sec.gov/Archives/edgar/data/815097/000081509722000029/ccl-20220228.htm,1.4274406332453826,-1.6631486367634123,-1.0659630606860158,-3.467018469656992,6.546174142480211,9.068601583113455,7.520668425681619,9.068601583113455,32.187335092348285,23115210000.0,52416210000.0,-3.055950555261766,14.24227356746765,-19.071955445544557,-5.863828006088279,2.241800989234797,2.241800989234797,32.295878003696856,-54.26108695652174,-43.24769801980198,-13.296856925418568,-0.0818076063336651,-0.1705370619605013,3.5136262244205216,0.6799609616936619,-30.332298136645964,0.7378205128205129,-4.051630434782608,0.6409307244843998,0.0,0.0,0.0,0.0,0.0330324130553105,-2.2524752475247523,1.6820702402957486,4.927797833935018,0.0160197165742452,,-0.0313397236937066,-0.0367034801343141,-30.897757255936675,-2863000000.0,8551000000.0,-34913000000.0,40358000000.0,256500000.0,784500000.0,374000000.0,14.805914972273568,34.22660098522167,17.379310344827587,6.078651685393258,2.6295336787564767,5.178571428571429,-0.1833963728057414,2.401055408970976,2022-03-22,-1.23,bmo,2255673740.0,2025-04-25,2022-02-28,0.3414634146341463,20.21741935483871,39023915.82258064
2021-11-30,CCL,USD,815097,2022-01-27,2022-01-27 12:40:15,2021,Q4,1287000000.0,1823000000.0,-536000000.0,-0.4164724165,0,0.0,0.0,580000000.0,777000000.0,1357000000.0,3180000000.0,2000000.0,348000000.0,552000000.0,-1724000000.0,-1.3395493395,-1893000000.0,-1.4708624709,-731000000.0,-2624000000.0,-2.0388500389,-4000000.0,-2620000000.0,-2.0357420357,-2.31,-2.31,1135000000,1135000000,https://www.sec.gov/Archives/edgar/data/815097/000081509722000009/0000815097-22-000009-index.htm,https://www.sec.gov/Archives/edgar/data/815097/000081509722000009/ccl-20211130.htm,1.133920704845815,-2.308370044052864,-0.3242290748898678,-0.7533039647577092,8.051982378854625,10.700440528634362,9.14977973568282,10.700440528634362,30.79735682819383,19998700000.0,45666700000.0,-1.9082729007633588,15.53900543900544,-54.34429347826087,-23.39029239766082,1.6466611774392754,1.6466611774392754,35.48306138306138,-26.488805104408357,-124.09429347826088,-53.41134502923977,-0.1310085155535109,-0.0427527789306304,2.8494853849320707,0.64875149970006,-14.88863109048724,0.9735780169100692,-5.439655172413793,0.1404580152671755,0.2372654222524464,-1.8110687022900764,0.0,0.0,0.032993401319736,-1.3233695652173914,0.3783993783993783,0.8822463768115942,0.0202020202020202,,-0.0395462774195688,-0.0507909429280397,-27.9273127753304,-275000000.0,10385000000.0,-31066000000.0,40925000000.0,263500000.0,734500000.0,339000000.0,17.202797202797203,39.34722984092156,17.575425123422928,5.2317073170731705,2.28732747804266,5.120786516853933,-0.215726636475916,0.4290748898678414,2021-12-20,-1.45,bmo,2287040000.0,2025-04-25,2021-11-30,0.1862068965517241,21.3896875,38972241.71875
2021-08-31,CCL,USD,815097,2021-09-30,2021-09-30 11:51:06,2021,Q3,546000000.0,1616000000.0,-1070000000.0,-1.9597069597,0,0.0,0.0,425000000.0,562000000.0,987000000.0,2603000000.0,3000000.0,418000000.0,562000000.0,-1879000000.0,-3.4413919414,-2057000000.0,-3.7673992674,-802000000.0,-2859000000.0,-5.2362637363,-23000000.0,-2836000000.0,-5.1941391941,-2.5,-2.5,1133000000,1133000000,https://www.sec.gov/Archives/edgar/data/815097/000081509721000098/0000815097-21-000098-index.htm,https://www.sec.gov/Archives/edgar/data/815097/000081509721000098/ccl-20210831.htm,0.4819064430714916,-2.503089143865843,-0.7758164165931156,-1.6257722859664607,6.88261253309797,13.118270079435128,11.353045013239187,13.118270079435128,29.180935569285083,27350620000.0,52843620000.0,-2.411020803949224,50.09271062271062,-31.115608646188853,-14.848327904451684,1.840181659153603,1.840181659153603,96.78318681318682,-28.12326769558276,-60.11788395904437,-28.688175895765472,-0.1036905196299023,-0.0673476506199859,2.196326448227141,0.6100085958814516,-13.567323044172433,0.9386787482878516,-4.921052631578948,0.3099435825105783,0.1106007834557315,-1.0666431593794077,0.0,0.0,0.0373733976155772,-1.0955631399317407,1.7637362637362637,1.7135231316725978,0.0531135531135531,,-0.0418897948318811,-0.0550529953022479,-26.903133274492497,-582000000.0,12863000000.0,-29742000000.0,41701000000.0,249500000.0,585500000.0,315000000.0,46.318681318681314,37.42574257425743,17.933168316831683,1.9430604982206403,2.4047619047619047,5.018633540372671,-0.1908093924510529,0.8499558693733451,2021-09-30,-1.53,bmo,869990000.0,2025-04-25,2021-08-31,0.1437908496732026,23.2634375,33457002.828125
2021-05-31,CCL,USD,815097,2021-06-28,2021-06-28 08:21:36,2021,Q2,49000000.0,681000000.0,-632000000.0,-12.8979591837,0,0.0,0.0,417000000.0,567000000.0,984000000.0,1665000000.0,4000000.0,437000000.0,567000000.0,-1056000000.0,-21.5510204082,-1616000000.0,-32.9795918367,-444000000.0,-2060000000.0,-42.0408163265,12000000.0,-2072000000.0,-42.2857142857,-1.83,-1.83,1132000000,1132000000,https://www.sec.gov/Archives/edgar/data/815097/000081509721000074/0000815097-21-000074-index.htm,https://www.sec.gov/Archives/edgar/data/815097/000081509721000074/ccl-20210531.htm,0.043286219081272,-1.8303886925795048,-1.2005300353356891,-1.53886925795053,8.189929328621908,15.792402826855124,14.01148409893993,15.792402826855124,28.8613074204947,34129800000.0,59296800000.0,-4.117977799227799,696.5265306122449,-25.11390728476821,-19.59230769230769,1.9091458298372208,1.9091458298372208,1210.138775510204,-56.15227272727272,-43.63267108167771,-34.039494833524685,-0.0607094093724545,-0.0510404397330192,1.803098953963193,0.585391544384716,-23.832386363636363,1.1649531642677633,-3.6979405034324944,0.6558880308880309,0.0,0.0,0.0,0.0,0.0366119424669475,-0.2818248712288447,7.816326530612245,0.6754850088183422,0.5306122448979592,,-0.0316222173154804,-0.039058965465239,-24.38030035335689,1444000000.0,15861000000.0,-26989000000.0,44374000000.0,234000000.0,502000000.0,310000000.0,400.4081632653061,65.94713656387665,40.70484581497797,0.2247706422018348,1.3647294589178356,2.211038961038961,-0.1159031157353023,0.338339222614841,2021-06-28,-1.68,bmo,193490000.0,2025-04-25,2021-05-31,0.0714285714285715,27.99984126984127,28380638.14285714
2021-02-28,CCL,USD,815097,2021-04-07,2021-04-07 11:32:27,2021,Q1,26000000.0,535000000.0,-509000000.0,-19.5769230769,0,0.0,0.0,462000000.0,553000000.0,1015000000.0,1550000000.0,3000000.0,398000000.0,552000000.0,-1029000000.0,-39.5769230769,-1524000000.0,-58.6153846154,-455000000.0,-1979000000.0,-76.1153846154,-6000000.0,-1973000000.0,-75.8846153846,-1.8,-1.8,1095000000,1095000000,https://www.sec.gov/Archives/edgar/data/815097/000081509721000052/0000815097-21-000052-index.htm,https://www.sec.gov/Archives/edgar/data/815097/000081509721000052/ccl-20210228.htm,0.0237442922374429,-1.801826484018265,-1.3726027397260274,-2.992694063926941,10.515068493150684,18.09497716894977,16.26027397260274,18.09497716894977,30.25296803652968,28809450000.0,51864450000.0,-3.65046249366447,1108.055769230769,-19.16796407185629,-8.791409826060422,1.4539946502472998,1.4539946502472998,1994.7865384615384,-50.40276967930029,-34.50728542914172,-15.826808056148916,-0.0684844729767489,-0.1137473988569722,1.6518118502069243,0.5719253486177611,-22.40524781341108,1.4455273233553776,-3.829145728643216,0.7617840851495185,0.0119405264592,-0.1743537759756715,0.0,0.0,0.0351064201586691,-1.1803060545575517,68.23076923076923,3.213768115942029,1.5384615384615383,,-0.0282938451506178,-0.035731749280113,-23.33744292237443,3840000000.0,17805000000.0,-24953000000.0,46786000000.0,261500000.0,564500000.0,323500000.0,865.3846153846155,84.95327102803739,52.48598130841122,0.104,1.0594059405940597,1.7147435897435896,-0.0995760573331987,1.6200913242009132,2021-04-07,-1.66,bmo,237860000.0,2025-04-25,2021-02-28,0.0783132530120482,23.589016393442623,43744454.18032787
2020-11-30,CCL,USD,815097,2021-01-26,2021-01-26 10:40:20,2020,Q4,33000000.0,689000000.0,-656000000.0,-19.8787878788,0,0.0,0.0,443000000.0,543000000.0,986000000.0,1675000000.0,3000000.0,348000000.0,543000000.0,-1346000000.0,-40.7878787879,-1642000000.0,-49.7575757576,-595000000.0,-2237000000.0,-67.7878787879,-15000000.0,-2222000000.0,-67.3333333333,-2.87,-2.87,775000000,775000000,https://www.sec.gov/Archives/edgar/data/815097/000081509721000027/0000815097-21-000027-index.htm,https://www.sec.gov/Archives/edgar/data/815097/000081509721000027/ccl-20201130.htm,0.0425806451612903,-2.8670967741935485,-2.1316129032258067,-4.352258064516129,12.27483870967742,26.52258064516129,23.95096774193548,26.52258064516129,37.0683870967742,15484500000.0,34351500000.0,-1.7421804680468047,469.2272727272728,-9.37318401937046,-4.590720426919656,0.75332036000973,0.75332036000973,1040.9545454545455,-25.521173848439823,-20.793886198547217,-10.18425733768159,-0.1434983370467241,-0.2178307339597662,1.3806859644855267,0.5295467691676152,-14.01708766716196,1.2160948653004835,-4.718390804597701,0.7434743474347435,0.2099518873712422,-1.463096309630963,0.0,0.0,0.0371876924225178,-1.041767554479419,52.15151515151515,3.169429097605893,1.606060606060606,,-0.0325963250134467,-0.0430620155038759,-29.87451612903226,1877000000.0,18562000000.0,-22475000000.0,43314000000.0,324500000.0,657500000.0,342000000.0,744.5454545454545,81.50943396226414,43.75907111756168,0.1208791208791208,1.1041666666666667,2.056716417910448,-0.1081002189248358,2.220645161290322,2021-01-26,-1.92,bmo,31639175.0,2025-04-25,2020-11-30,0.0520833333333333,17.78,50585708.390625
2020-08-31,CCL,USD,815097,2020-10-08,2020-10-08 08:53:34,2020,Q3,31000000.0,1549000000.0,-1518000000.0,-48.9677419355,0,0.0,0.0,265000000.0,550000000.0,815000000.0,2364000000.0,3000000.0,310000000.0,551000000.0,-2000000000.0,-64.5161290323,-2333000000.0,-75.2580645161,-528000000.0,-2861000000.0,-92.2903225806,-2000000.0,-2858000000.0,-92.1935483871,-3.69,-3.69,775000000,775000000,https://www.sec.gov/Archives/edgar/data/815097/000081509720000101/0000815097-20-000101-index.htm,https://www.sec.gov/Archives/edgar/data/815097/000081509720000101/ccl-20200831.htm,0.04,-3.6877419354838703,-3.670967741935484,-3.969032258064516,10.549677419354838,25.16516129032258,22.59354838709677,25.16516129032258,34.38967741935484,12772000000.0,30938000000.0,-1.1172148355493352,412.0,-4.489279437609842,-4.152145643693108,0.65487360918833,0.65487360918833,998.0,-15.469,-10.87451669595782,-10.057867360208062,-0.2237707485123708,-0.2408393360476041,1.3506640004101933,0.518359636349325,-9.083,0.9100549882168106,-7.525806451612903,0.9951031829310948,0.0,0.0,0.0,0.0,0.0392183871856428,-0.0811950790861159,7.451612903225806,0.4192377495462795,0.4516129032258064,,-0.0496786443715546,-0.0585355862775217,-29.267741935483876,-916000000.0,17510000000.0,-22047000000.0,39382000000.0,490000000.0,1250000000.0,355500000.0,1091.6129032258066,40.1484828921885,20.277598450613297,0.0824468085106382,2.2416787264833573,4.43839541547278,-0.1465415577090704,0.2980645161290322,2020-10-08,-2.22,bmo,31141552.0,2025-04-25,2020-08-31,-0.0135135135135136,15.4565625,37406022.3125
2020-05-31,CCL,USD,815097,2020-07-10,2020-07-10 11:49:26,2020,Q2,740000000.0,2484000000.0,-1744000000.0,-2.3567567568,0,0.0,0.0,492000000.0,1941000000.0,2433000000.0,4917000000.0,6000000.0,182000000.0,577000000.0,-3626000000.0,-4.9,-4177000000.0,-5.6445945946,-208000000.0,-4385000000.0,-5.9256756757,-11000000.0,-4374000000.0,-5.9108108108,-6.07,-6.07,721000000,721000000,https://www.sec.gov/Archives/edgar/data/815097/000081509720000059/0000815097-20-000059-index.htm,https://www.sec.gov/Archives/edgar/data/815097/000081509720000059/ccl-20200531.htm,1.0263522884882108,-6.066574202496533,-3.772538141470181,-4.246879334257975,9.54368932038835,28.902912621359224,26.187239944521497,28.902912621359224,31.1123439667129,12112800000.0,27481800000.0,-0.692318244170096,16.368648648648648,-4.453235294117647,-3.9558458523840634,0.581256298286866,0.581256298286866,37.137567567567565,-7.579095421952565,-10.10360294117647,-8.975114304376225,-0.3611056072914602,-0.2527904365629747,1.0677095829934258,0.4466346829395587,-4.238554881412024,0.6933715635014336,-22.95054945054945,0.6218564243255601,0.028482266693085,-0.078875171467764,0.0,0.0,0.0393038520986811,-0.125735294117647,0.4621621621621621,0.5927209705372617,0.0243243243243243,,-0.0942630659666372,-0.0913934683131699,-29.768377253814148,-3636000000.0,18881000000.0,-20756000000.0,36874000000.0,504500000.0,1356500000.0,401000000.0,73.45945945945947,65.54347826086956,13.115942028985508,1.225165562913907,1.373134328358209,6.861878453038674,-0.2098949085848649,0.4743411927877947,2020-07-10,-1.83,bmo,506787878.0,2025-04-25,2020-05-31,0.80327868852459,14.983650793650794,71727762.63492064
2020-02-29,CCL,USD,815097,2020-04-03,2020-04-03 12:51:04,2020,Q1,4790000000.0,3523000000.0,1267000000.0,0.2645093946,0,0.0,0.0,678000000.0,1302000000.0,1980000000.0,5503000000.0,5000000.0,55000000.0,570000000.0,-145000000.0,-0.0302713987,-713000000.0,-0.1488517745,-57000000.0,-770000000.0,-0.1607515658,11000000.0,-781000000.0,-0.1630480167,-1.14,-1.14,684000000,684000000,https://www.sec.gov/Archives/edgar/data/815097/000081509720000030/0000815097-20-000030-index.htm,https://www.sec.gov/Archives/edgar/data/815097/000081509720000030/ccl-20200229.htm,7.002923976608187,-1.141812865497076,1.3391812865497077,-0.5994152046783626,1.97953216374269,35.51169590643275,30.61549707602339,35.51169590643275,21.1593567251462,22886640000.0,35950640000.0,-7.32606914212548,4.778004175365345,24.98541484716157,-55.82107317073171,0.9422247838616716,0.9422247838616716,7.505352818371607,-247.9354482758621,39.24742358078603,-87.68448780487805,-0.0341247120590877,-0.0179143814906862,0.5935776039522437,0.307138444496517,-90.09655172413792,0.2692235908921239,-12.963636363636365,-1.172855313700384,0.0150306030068196,-0.440460947503201,0.0,0.0,0.0713418401039558,1.4475982532751093,0.2768267223382046,2.3263157894736843,0.0041753653444676,,-0.0181878606278787,-0.017915309446254,-30.373172514619885,-7831000000.0,20941000000.0,-19768000000.0,35010000000.0,424500000.0,830000000.0,433500000.0,7.609603340292275,23.09395401646324,11.240420096508656,11.82716049382716,3.89712389380531,8.006818181818181,-0.0321531494442157,1.9385964912280704,2020-04-03,0.28,bmo,5877409090.0,2025-04-25,2020-02-29,-0.2142857142857143,35.58435483870968,24291101.91935484
2019-11-30,CCL,USD,815097,2020-01-28,2020-01-28 11:19:47,2019,Q4,4781000000.0,3076000000.0,1705000000.0,0.356619954,0,0.0,0.0,667000000.0,553000000.0,1220000000.0,4296000000.0,7000000.0,49000000.0,553000000.0,1038000000.0,0.2171093913,485000000.0,0.1014432127,-49000000.0,436000000.0,0.0911943108,15000000.0,423000000.0,0.0884752144,0.62,0.61,686000000,688000000,https://www.sec.gov/Archives/edgar/data/815097/000081509720000003/0000815097-20-000003-index.htm,https://www.sec.gov/Archives/edgar/data/815097/000081509720000003/a2019form10-kfrontpart.htm,6.969387755102041,0.6166180758017493,1.5481049562682216,-1.339650145772595,0.7551020408163265,36.975218658892125,31.018950437317784,36.975218658892125,16.838192419825074,30924880000.0,41908880000.0,18.277115839243496,6.468286969253295,29.11947269303201,-33.65057671381937,1.2191949536763258,1.2191949536763258,8.765714285714285,40.37464354527938,39.46222222222222,-45.602698585418935,0.0136783069166315,-0.0297171727101285,0.4534594914251922,0.2552709840649829,10.58188824662813,0.2255943902706256,9.89795918367347,2.5106382978723403,0.011188402347883,0.817966903073286,0.0,0.0,0.0906831195348217,1.8653483992467044,0.4143484626647145,3.5822784810126582,0.0016732901066722,22.64929875493693,0.012402717767512,0.0103241237918578,-27.15524781341108,-7068000000.0,21279000000.0,-17634000000.0,35149000000.0,442500000.0,725500000.0,454500000.0,8.35808408282786,22.11963589076723,12.493498049414823,10.76801801801802,4.068783068783069,7.203747072599532,0.0166765227675931,2.8877551020408165,2019-12-20,0.5,bmo,3633560000.0,2025-04-25,2019-11-30,0.24,44.671875,4106798.125
2019-08-31,CCL,USD,815097,2019-09-26,2019-09-26 11:48:11,2019,Q3,6533000000.0,3532000000.0,3001000000.0,0.4593601714,0,0.0,0.0,563000000.0,548000000.0,1111000000.0,4643000000.0,8000000.0,52000000.0,548000000.0,2427000000.0,0.3714985458,1890000000.0,0.2893004745,-63000000.0,1827000000.0,0.2796571254,47000000.0,1780000000.0,0.2724628808,2.58,2.58,689000000,691000000,https://www.sec.gov/Archives/edgar/data/815097/000081509719000034/0000815097-19-000034-index.htm,https://www.sec.gov/Archives/edgar/data/815097/000081509719000034/a3q201910-q.htm,9.481857764876631,2.583454281567489,1.806966618287373,1.1872278664731497,1.6734397677793904,36.71262699564586,30.831640058055157,36.71262699564586,15.660377358490566,30371120000.0,39956120000.0,4.265606741573034,4.648878003979795,24.39447389558233,37.12850855745721,1.2006768135995256,1.2006768135995256,6.116044696157967,16.463172641120725,32.09326907630522,48.84611246943765,0.0586083094729466,0.0269334815443092,0.4245107728800158,0.2440399081839049,3.949320148331273,0.3036274070756829,36.34615384615385,0.699438202247191,0.0114253277455688,0.1949438202247191,0.0,0.0,0.092088816163269,0.3429718875502008,0.0653604775753865,0.7791970802919708,0.0016837593754783,46.195468949763445,0.0498829525476737,0.0445568099326641,-24.64622641509434,-6220000000.0,21243000000.0,-15994000000.0,34298000000.0,423000000.0,743500000.0,491500000.0,6.075309964794122,17.70951302378256,12.281993204983012,14.8140589569161,5.082014388489209,7.327800829875518,0.0703696382684325,0.6197387518142236,2019-09-26,2.53,bmo,6284596958.0,2025-04-25,2019-08-31,0.0395256916996047,46.1440625,4075968.03125
2019-05-31,CCL,USD,815097,2019-06-24,2019-06-24 16:33:56,2019,Q2,4837000000.0,3159000000.0,1678000000.0,0.3469092413,0,0.0,0.0,621000000.0,542000000.0,1163000000.0,4322000000.0,5000000.0,54000000.0,543000000.0,1056000000.0,0.2183171387,515000000.0,0.1064709531,-56000000.0,459000000.0,0.094893529,8000000.0,451000000.0,0.0932396113,0.65,0.65,691000000,693000000,https://www.sec.gov/Archives/edgar/data/815097/000081509719000019/0000815097-19-000019-index.htm,https://www.sec.gov/Archives/edgar/data/815097/000081509719000019/a2q201910-q.htm,7.0,0.6526772793053546,2.971056439942113,1.678726483357453,1.739507959479016,34.888567293777136,28.98552821997105,34.888567293777136,16.248914616497828,35372290000.0,45344290000.0,19.60769955654101,7.312857142857143,17.229561617145638,30.49335344827586,1.4672428239588515,1.4672428239588515,9.374465577837505,42.93966856060606,22.086843643448617,39.08990517241379,0.0127500933640428,0.032794031712394,0.463497594159615,0.2510334291876347,9.443181818181818,0.2732003469210755,9.537037037037036,4.55210643015521,0.0097816680797313,0.7671840354767184,0.0,0.0,0.0916382099209202,0.434973209936678,0.1846185652263799,1.6445672191528544,0.0014471780028943,22.635082097348253,0.01396698772127,0.0111542551875942,-26.986613603473227,-7542000000.0,20029000000.0,-17569000000.0,33351000000.0,405500000.0,795000000.0,472500000.0,7.53566260078561,22.56410256410257,14.273504273504274,11.943209876543207,3.988636363636364,6.305389221556887,0.0187074829931972,1.29232995658466,2019-06-20,0.61,bmo,4471484848.0,2025-04-25,2019-05-31,0.0819672131147541,52.34460317460317,4203012.650793651
2019-02-28,CCL,USD,815097,2019-04-09,2019-04-09 11:49:33,2019,Q1,4673000000.0,3142000000.0,1531000000.0,0.3276267922,0,0.0,0.0,629000000.0,516000000.0,1145000000.0,4287000000.0,4000000.0,51000000.0,516000000.0,905000000.0,0.1936657394,386000000.0,0.0826021828,-48000000.0,338000000.0,0.0723304087,2000000.0,336000000.0,0.0719024181,0.48,0.48,693000000,695000000,https://www.sec.gov/Archives/edgar/data/815097/000081509719000011/0000815097-19-000011-index.htm,https://www.sec.gov/Archives/edgar/data/815097/000081509719000011/a1q201910-q.htm,6.743145743145743,0.4848484848484848,1.6103896103896105,-1.4617604617604618,0.9365079365079364,34.98124098124098,29.03030303030303,34.98124098124098,16.792207792207794,40027680000.0,50964680000.0,29.7825,8.565735073828376,35.86709677419355,-39.51399802566634,1.651170695487171,1.651170695487171,10.906201583565162,56.3145635359116,45.66727598566308,-50.31064165844028,0.0083941912196759,-0.0253074872188445,0.4779308637901163,0.2637377646255406,12.085082872928178,0.2179008504459655,7.568627450980392,3.321428571428572,0.0086939837632358,1.0357142857142858,0.0,0.0,0.0938766218984748,1.907706093189964,0.4555959768885084,4.125968992248062,0.0042799058420714,19.53493122529932,0.0104440929867,0.008440938551977,-26.71356421356421,-7541000000.0,20118000000.0,-17587000000.0,33588000000.0,382000000.0,764000000.0,447000000.0,7.819387973464584,22.858052196053467,12.718014003819222,11.509852216748769,3.93734335839599,7.076576576576577,0.0138602425542446,3.0721500721500723,2019-03-26,0.44,bmo,4196163265.0,2025-04-25,2019-02-28,0.1136363636363636,55.40950819672131,4113038.852459016
2018-11-30,CCL,USD,815097,2019-01-28,2019-01-28 10:54:24,2018,Q4,4456000000.0,2741000000.0,1715000000.0,0.3848743268,0,0.0,0.0,656000000.0,506000000.0,1162000000.0,3903000000.0,4000000.0,47000000.0,507000000.0,1062000000.0,0.2383303411,553000000.0,0.1241023339,-45000000.0,508000000.0,0.1140035907,14000000.0,493000000.0,0.1106373429,0.71,0.71,698000000,699000000,https://www.sec.gov/Archives/edgar/data/815097/000081509719000004/0000815097-19-000004-index.htm,https://www.sec.gov/Archives/edgar/data/815097/000081509719000004/a2018form10-kfrontpart.htm,6.383954154727793,0.7063037249283668,1.5945558739255017,0.2106017191977077,1.4068767908309456,35.01862464183381,29.143266475644698,35.01862464183381,14.8567335243553,42082420000.0,51423420000.0,21.33996957403651,9.443990125673247,37.80990116801438,286.27496598639453,1.72165527963016,1.72165527963016,11.540264811490124,48.421299435028246,46.20253369272237,349.8191836734694,0.0117151057377403,0.0034931451185554,0.4223295012887125,0.2434612391217188,8.795668549905837,0.2417427205562798,11.76595744680851,2.257606490872211,0.0083645379709626,0.7139959432048681,0.0,0.0,0.0967194169948821,0.8679245283018868,0.216786355475763,1.9053254437869824,0.0035906642728904,23.59046763194615,0.0150962843894134,0.0128720626631853,-23.613896848137536,-6979000000.0,20342000000.0,-15733000000.0,32458000000.0,362000000.0,698000000.0,427500000.0,7.230700179533214,23.96935425027362,14.775629332360452,12.446927374301676,3.754794520547945,6.091111111111111,0.0201693736448062,1.3839541547277936,2018-12-20,0.69,bmo,4456000000.0,2025-04-25,2018-11-30,0.0144927536231884,57.27365079365079,4220719.444444444
2018-08-31,CCL,USD,815097,2018-09-27,2018-09-27 11:28:35,2018,Q3,5836000000.0,2958000000.0,2878000000.0,0.4931459904,0,0.0,0.0,573000000.0,511000000.0,1084000000.0,4042000000.0,5000000.0,49000000.0,510000000.0,2304000000.0,0.3947909527,1794000000.0,0.3074023304,-50000000.0,1744000000.0,0.2988348184,37000000.0,1707000000.0,0.2924948595,2.42,2.41,706000000,707000000,https://www.sec.gov/Archives/edgar/data/815097/000081509718000035/0000815097-18-000035-index.htm,https://www.sec.gov/Archives/edgar/data/815097/000081509718000035/a3q10-q.htm,8.266288951841359,2.417847025495751,1.9107648725212465,1.084985835694051,0.7450424929178471,34.920679886685555,29.069405099150146,34.920679886685555,13.691218130311617,43411940000.0,52502940000.0,6.357929115407146,7.438646333104867,32.180830244625646,56.67355091383812,1.7608477326194532,1.7608477326194532,8.99639136394791,22.787734375,38.919896219421794,68.54169712793734,0.0393209794356115,0.0176449152007489,0.3900786890565425,0.2303307546763106,3.9457465277777777,0.2188279301745636,36.61224489795919,0.7898126463700235,0.0082235440295918,0.2091388400702987,0.0,0.0,0.0989389983953248,0.4321719792438843,0.0998971898560658,1.1431372549019607,0.0029129540781357,43.58599998654407,0.0500938356255808,0.0453723884960927,-22.79886685552408,-6265000000.0,20523000000.0,-15344000000.0,33044000000.0,354000000.0,705500000.0,403500000.0,5.644276901987663,20.263691683569977,12.322515212981743,15.94535519125683,4.441441441441442,7.303703703703704,0.0692382574835726,0.8257790368271954,2018-09-27,2.32,bmo,5737084745.0,2025-04-25,2018-08-31,0.0172413793103448,60.67444444444444,3759368.8095238097
2018-05-31,CCL,USD,815097,2018-06-25,2018-06-25 11:35:19,2018,Q2,4357000000.0,2681000000.0,1676000000.0,0.3846683498,0,0.0,0.0,605000000.0,512000000.0,1117000000.0,3798000000.0,3000000.0,49000000.0,512000000.0,1125000000.0,0.2582051871,559000000.0,0.1282992885,5000000.0,564000000.0,0.1294468671,3000000.0,561000000.0,0.1287583199,0.79,0.78,714000000,715000000,https://www.sec.gov/Archives/edgar/data/815097/000081509718000026/0000815097-18-000026-index.htm,https://www.sec.gov/Archives/edgar/data/815097/000081509718000026/q2201810-q.htm,6.102240896358543,0.7857142857142857,2.833333333333333,0.5546218487394958,1.4747899159663866,33.51960784313726,27.73109243697479,33.51960784313726,13.873949579831931,44467920000.0,53271920000.0,19.81636363636364,10.20608675694285,21.981176470588235,112.29272727272728,1.8580169640245685,1.8580169640245685,12.226743171907277,47.35281777777778,26.33312901631241,134.5250505050505,0.0126158363152582,0.0089052962225352,0.411858103873313,0.2336667930969087,7.825777777777778,0.2447357112161581,11.408163265306122,3.6125,0.0072636633330274,0.5757575757575758,0.0,0.0,0.0979755357481509,0.8042511122095897,0.3734220794124397,3.177734375,0.0032132201055772,24.342941102352547,0.0168543981735277,0.0147433707392709,-23.44607843137255,-7030000000.0,19800000000.0,-15973000000.0,32330000000.0,343500000.0,770000000.0,398000000.0,7.064493917833372,25.00932487877657,13.49496456546065,12.739766081871345,3.5986577181208053,6.669154228855722,0.023440437889107,2.278711484593837,2018-06-25,0.6,bmo,3844411764.0,2025-04-25,2018-05-31,0.1333333333333334,63.42453125,4207035.515625
2018-02-28,CCL,USD,815097,2018-03-22,2018-03-22 12:55:45,2018,Q1,4232000000.0,2709000000.0,1523000000.0,0.3598771267,0,0.0,0.0,616000000.0,488000000.0,1104000000.0,3813000000.0,3000000.0,48000000.0,488000000.0,926000000.0,0.2188090737,419000000.0,0.0990075614,-29000000.0,390000000.0,0.0921550095,0.0,391000000.0,0.0923913043,0.54,0.54,717000000,719000000,https://www.sec.gov/Archives/edgar/data/815097/000081509718000018/0000815097-18-000018-index.htm,https://www.sec.gov/Archives/edgar/data/815097/000081509718000018/q1201810-q.htm,5.902370990237099,0.5453277545327755,1.483960948396095,0.6834030683403068,0.6317991631799164,34.00557880055788,28.13110181311018,34.00557880055788,13.398884239888424,47974470000.0,57080470000.0,30.674213554987208,11.336122400756144,45.08878759398496,97.90708163265306,1.967618324993848,1.967618324993848,13.487823724007562,61.64197624190065,53.647058270676695,116.49075510204082,0.0081501682040468,0.0102137657800075,0.3920515134115331,0.2306652831736685,9.833693304535638,0.1883403005310134,8.729166666666666,2.721227621483376,0.0067327476468213,0.8260869565217391,0.0,0.0,0.1016384739750488,0.5394736842105263,0.135633270321361,1.1762295081967211,0.0042533081285444,20.42655583793192,0.0120735361917934,0.0105025652045448,-22.524755927475592,-7184000000.0,20170000000.0,-15392000000.0,32055000000.0,328500000.0,778500000.0,390500000.0,7.33695652173913,26.411960132890364,13.08970099667774,12.266666666666667,3.4075471698113207,6.875634517766497,0.0160364203100648,0.800557880055788,2018-03-22,0.43,bmo,3499538461.0,2025-04-25,2018-02-28,0.2093023255813954,68.00950819672131,3322401.9672131147
2017-11-30,CCL,USD,815097,2018-01-29,2018-01-29 09:27:30,2017,Q4,4259000000.0,2617000000.0,1642000000.0,0.3855365109,0,0.0,0.0,616000000.0,478000000.0,1094000000.0,3711000000.0,2000000.0,48000000.0,478000000.0,1086000000.0,0.2549894341,548000000.0,0.1286687016,12000000.0,560000000.0,0.1314862644,14000000.0,546000000.0,0.1281991078,0.76,0.76,720000000,722000000,https://www.sec.gov/Archives/edgar/data/815097/000081509718000005/0000815097-18-000005-index.htm,https://www.sec.gov/Archives/edgar/data/815097/000081509718000005/a2017form10-kfrontpart.htm,5.915277777777778,0.7583333333333333,1.4222222222222225,0.5222222222222223,0.5486111111111112,33.63333333333333,27.84583333333333,33.63333333333333,12.8375,47260800000.0,56060800000.0,21.63956043956044,11.0966893637004,46.153125,125.6936170212766,1.951635282457879,1.951635282457879,13.162902089692416,51.62136279926335,54.746875,149.09787234042554,0.0115529148892951,0.0079558534768772,0.3797076313181368,0.2254892343910932,8.103130755064457,0.1813636363636363,11.416666666666666,1.875457875457876,0.0061361635858893,0.5311355311355311,0.0,0.0,0.1021874540193241,0.6328125,0.1521483916412303,1.3556485355648535,0.0035219535102136,23.955557810245203,0.0156319485078993,0.0149135505722323,-21.860416666666666,-7204000000.0,20049000000.0,-14966000000.0,31393000000.0,318000000.0,700500000.0,372000000.0,6.593096971119981,26.20557890714559,13.30913259457394,13.650641025641026,3.434383202099738,6.762273901808785,0.0225470763131813,0.9,2017-12-19,0.51,bmo,3256882352.0,2025-04-25,2017-11-30,0.2352941176470588,66.25761904761904,3002361.365079365
2017-08-31,CCL,USD,815097,2017-09-29,2017-09-29 12:33:13,2017,Q3,5515000000.0,3013000000.0,2502000000.0,0.4536718042,0,0.0,0.0,547000000.0,562000000.0,1109000000.0,4122000000.0,3000000.0,49000000.0,472000000.0,1890000000.0,0.3427017226,1393000000.0,0.2525838622,-25000000.0,1368000000.0,0.2480507706,39000000.0,1329000000.0,0.2409791478,1.84,1.83,723000000,726000000,https://www.sec.gov/Archives/edgar/data/815097/000081509717000023/0000815097-17-000023-index.htm,https://www.sec.gov/Archives/edgar/data/815097/000081509717000023/q3201710-q.htm,7.6279391424619645,1.838174273858921,2.004149377593361,1.3997233748271092,0.6763485477178424,33.432918395574,27.61825726141079,33.432918395574,12.75103734439834,50234040000.0,58915040000.0,9.44959367945824,9.108620126926564,34.66807453416149,49.63837944664032,2.078191295714049,2.078191295714049,10.682690843155031,31.17197883597884,40.65910282953761,58.21644268774703,0.0264561639876068,0.0201457019980873,0.3793645540294555,0.2256231085303742,4.593121693121693,0.2084326766219099,28.428571428571427,1.0894736842105264,0.0057729778453017,0.218209179834462,0.0,0.0,0.1034372462662697,0.3015873015873015,0.0792384406165004,0.9258474576271186,0.0025385312783318,37.18533899445181,0.0396614190880031,0.0364719119624578,-21.52213001383126,-6308000000.0,19968000000.0,-14810000000.0,32068000000.0,321500000.0,664500000.0,354000000.0,5.28739800543971,19.08728841686027,10.663790242283438,17.021604938271604,4.715179968701095,8.439775910364146,0.0549809697170279,0.6044260027662517,2017-09-26,2.2,bmo,5298253275.0,2025-04-25,2017-08-31,0.0409090909090908,66.85349206349207,3261910.301587302
2017-05-31,CCL,USD,815097,2017-06-30,2017-06-30 09:25:40,2017,Q2,3945000000.0,2436000000.0,1509000000.0,0.3825095057,0,0.0,0.0,553000000.0,456000000.0,1009000000.0,3445000000.0,2000000.0,50000000.0,457000000.0,891000000.0,0.2258555133,500000000.0,0.1267427123,-116000000.0,384000000.0,0.097338403,5000000.0,379000000.0,0.0960709759,0.52,0.52,724000000,727000000,https://www.sec.gov/Archives/edgar/data/815097/000081509717000016/0000815097-17-000016-index.htm,https://www.sec.gov/Archives/edgar/data/815097/000081509717000016/q2201710-q.htm,5.448895027624309,0.5234806629834254,2.6477900552486187,0.649171270718232,0.824585635359116,31.718232044198896,25.863259668508288,31.718232044198896,13.077348066298342,46386679999.99999,55207679999.99999,30.598073878627964,11.758347275031683,24.197537819509648,98.69506382978722,2.0199738721477094,2.0199738721477094,13.994342205323193,61.96148148148147,28.79899843505477,117.4631489361702,0.0081704489305981,0.0101322189904515,0.4101201881205364,0.2328248992608341,9.900112233445569,0.1958489732832855,10.0,5.071428571428571,0.0054541519246473,0.6675461741424802,0.0,0.0,0.1047934538083112,0.7548252477829943,0.3667934093789607,3.166301969365427,0.0035487959442332,19.328407219196457,0.0148748970139056,0.0104661438197282,-22.755870165745858,-7284000000.0,18725000000.0,-15713000000.0,30778000000.0,313000000.0,679500000.0,356000000.0,7.277566539923954,25.492610837438423,12.967980295566502,12.366771159874608,3.530434782608696,6.94017094017094,0.0165040933635255,1.9986187845303869,2017-06-22,0.47,bmo,3565673076.0,2025-04-25,2017-05-31,0.1063829787234043,62.31111111111111,3231035.126984127
2017-02-28,CCL,USD,815097,2017-03-30,2017-03-30 09:22:38,2017,Q1,3791000000.0,2435000000.0,1356000000.0,0.357689264,0,0.0,0.0,549000000.0,439000000.0,988000000.0,3423000000.0,2000000.0,51000000.0,439000000.0,844000000.0,0.2226325508,368000000.0,0.0970720127,-14000000.0,354000000.0,0.0933790557,2000000.0,352000000.0,0.0928514904,0.48,0.48,725000000,728000000,https://www.sec.gov/Archives/edgar/data/815097/000081509717000008/0000815097-17-000008-index.htm,https://www.sec.gov/Archives/edgar/data/815097/000081509717000008/q1201710-q.htm,5.228965517241379,0.4855172413793103,1.2855172413793103,0.7172413793103448,0.6027586206896551,31.255172413793105,25.47586206896552,31.255172413793105,12.61103448275862,40563750000.0,49218750000.0,28.80948153409091,10.700013189132155,43.52333690987125,78.00721153846153,1.790103706972639,1.790103706972639,12.98305196518069,58.31605450236967,52.809817596566525,94.6514423076923,0.0086776986841699,0.0128193276016147,0.4012356575463371,0.2349171898819212,10.254739336492891,0.2139316811788345,7.215686274509804,2.647727272727273,0.0062617484823272,0.7215909090909091,0.0,0.0,0.1082603415755884,0.4420600858369098,0.1086784489580585,0.938496583143508,0.0052756528620416,18.477981884029973,0.0112473382908588,0.0101990554283893,-20.95896551724137,-5868000000.0,18470000000.0,-14446000000.0,30650000000.0,302500000.0,691000000.0,341500000.0,7.288314428910577,24.72689938398357,13.342915811088297,12.348534201954395,3.6397608370702543,6.745152354570637,0.0155339805825242,0.5682758620689655,2017-03-28,0.35,bmo,3491710526.0,2025-04-25,2017-02-28,0.0857142857142858,55.917258064516126,3132570.935483871
2016-11-30,CCL,USD,815097,2017-01-30,2017-01-30 09:27:06,2016,Q4,3935000000.0,2319000000.0,1616000000.0,0.4106734435,0,0.0,0.0,584000000.0,435000000.0,1019000000.0,3338000000.0,1000000.0,55000000.0,435000000.0,1103000000.0,0.2803049555,597000000.0,0.1517153748,16000000.0,613000000.0,0.1557814485,5000000.0,608000000.0,0.1545108005,0.84,0.83,727000000,729000000,https://www.sec.gov/Archives/edgar/data/815097/000081509717000001/0000815097-17-000001-index.htm,https://www.sec.gov/Archives/edgar/data/815097/000081509717000001/a2016form10-kfrontpart.htm,5.412654745529574,0.8363136176066025,1.408528198074278,0.5199449793672627,0.8294360385144429,31.08253094910592,25.325997248968363,31.08253094910592,13.07977991746905,37375070000.0,46226070000.0,15.368038651315787,9.498111817026684,36.499091796875,98.87584656084655,1.6539837146523872,1.6539837146523872,11.74741296060991,41.90940163191296,45.142646484375,122.29119047619048,0.016267528060817,0.0101136934325474,0.4183741204584679,0.2428087117320731,8.024478694469629,0.238829185520362,10.854545454545455,1.6842105263157894,0.0068494854992913,0.4210526315789473,0.0,0.0,0.107484076433121,0.630859375,0.1641677255400254,1.4850574712643678,0.0038119440914866,24.1843283513179,0.0179645795245782,0.0174958993985784,-21.116231086657496,-5383000000.0,18412000000.0,-14650000000.0,31231000000.0,360500000.0,708500000.0,318000000.0,6.815756035578144,27.67141009055627,12.496765847347994,13.204697986577182,3.2524544179523143,7.201863354037267,0.026906226490242,0.8885832187070152,2016-12-20,0.58,bmo,3324396551.0,2025-04-25,2016-11-30,0.1551724137931036,50.055238095238096,3711051.5714285714
2016-08-31,CCL,USD,815097,2016-09-30,2016-09-30 10:05:41,2016,Q3,5097000000.0,2563000000.0,2534000000.0,0.4971551893,0,0.0,0.0,529000000.0,443000000.0,972000000.0,3535000000.0,2000000.0,61000000.0,442000000.0,1969000000.0,0.38630567,1562000000.0,0.3064547773,-97000000.0,1465000000.0,0.2874239749,41000000.0,1424000000.0,0.2793800275,1.93,1.93,737000000,739000000,https://www.sec.gov/Archives/edgar/data/815097/000081509716000045/0000815097-16-000045-index.htm,https://www.sec.gov/Archives/edgar/data/815097/000081509716000045/q3201610-q.htm,6.915875169606513,1.932157394843962,1.9389416553595653,1.328358208955224,0.6268656716417911,31.0719131614654,25.299864314789687,31.0719131614654,12.827679782903664,35228600000.0,44159600000.0,6.184796348314606,6.911634294683147,24.65262421273618,35.98426966292135,1.5383668122270742,1.5383668122270742,8.663841475377673,22.4274250888776,30.902449265220437,45.10684371807967,0.0404217028210033,0.0277899206894398,0.4101746724890829,0.2388131801078002,4.53580497714576,0.2188732394366197,25.60655737704918,1.0035112359550562,0.0074371391426284,0.1839887640449438,0.0,0.0,0.1081562086850401,0.3149055283414975,0.0882872277810476,1.0180995475113122,0.0023543260741612,36.75331417307401,0.045587308939561,0.0405952448828325,-21.025440976933517,-5546000000.0,18646000000.0,-14878000000.0,31572000000.0,432500000.0,685500000.0,314500000.0,7.469099470276633,24.721030042918457,11.026141240733516,12.04964539007092,3.640625,8.162420382165605,0.0621834061135371,0.6105834464043419,2016-09-26,1.89,bmo,5017359375.0,2025-04-25,2016-08-31,0.0158730158730158,46.255,4826353.09375
2016-05-31,CCL,USD,815097,2016-07-01,2016-07-01 09:21:46,2016,Q2,3705000000.0,2258000000.0,1447000000.0,0.3905533063,0,0.0,0.0,532000000.0,437000000.0,969000000.0,3227000000.0,2000000.0,57000000.0,438000000.0,1102000000.0,0.2974358974,478000000.0,0.1290148448,129000000.0,607000000.0,0.1638326586,2000000.0,605000000.0,0.1632928475,0.81,0.8,751000000,753000000,https://www.sec.gov/Archives/edgar/data/815097/000081509716000040/0000815097-16-000040-index.htm,https://www.sec.gov/Archives/edgar/data/815097/000081509716000040/q2201610-q.htm,4.933422103861518,0.8055925432756325,2.507323568575233,0.3288948069241012,0.6910785619174434,30.34753661784288,24.58988015978695,30.34753661784288,12.631158455392807,35852740000.0,44762740000.0,14.81518181818182,9.67685290148448,19.04022304832714,145.15279352226722,1.5731095607915406,1.5731095607915406,12.081711201079624,40.61954627949184,23.772033988316515,181.22566801619436,0.016874581970583,0.0068892921433619,0.41371594050283,0.2366063586861057,8.08529945553539,0.204055605152404,8.385964912280702,3.112396694214876,0.0063314547228468,0.3752066115702479,0.0,0.0,0.1085041780632857,0.8688263409453001,0.4415654520917679,3.7351598173515983,0.0032388663967611,23.453664045041336,0.0143259875266466,0.0170293016578939,-21.37416777629827,-6241000000.0,18467000000.0,-15460000000.0,31327000000.0,432500000.0,643000000.0,324000000.0,10.73684210526316,26.58547387068202,12.555358724534988,8.382352941176471,3.3853073463268366,7.1682539682539685,0.0265455662322846,2.178428761651132,2016-06-28,0.39,bmo,2948877551.0,2025-04-25,2016-05-31,0.2564102564102563,49.0309375,4588267.5
2016-02-29,CCL,USD,815097,2016-03-31,2016-03-31 09:13:03,2016,Q1,3651000000.0,2243000000.0,1408000000.0,0.3856477677,0,0.0,0.0,551000000.0,423000000.0,974000000.0,3217000000.0,2000000.0,52000000.0,423000000.0,618000000.0,0.1692686935,434000000.0,0.118871542,-291000000.0,143000000.0,0.0391673514,1000000.0,142000000.0,0.0388934538,0.18,0.18,766000000,769000000,https://www.sec.gov/Archives/edgar/data/815097/000081509716000035/0000815097-16-000035-index.htm,https://www.sec.gov/Archives/edgar/data/815097/000081509716000035/q1201610-q.htm,4.766318537859008,0.185378590078329,1.04177545691906,0.6109660574412533,1.0156657963446476,29.536553524804177,23.95691906005222,29.536553524804177,11.906005221932116,36737360000.0,45027360000.0,64.67845070422536,10.062273349767189,46.03679197994988,78.49863247863247,1.6237507182320443,1.6237507182320443,12.332884141331142,72.85980582524272,56.42526315789474,96.21230769230768,0.0038652750224839,0.0127390754262146,0.4007955801104972,0.2358632887686625,13.414239482200648,0.2791116446578631,8.346153846153847,5.619718309859155,0.0063150972198328,1.6338028169014085,0.0,0.0,0.1111689122405451,0.4135338345864661,0.0903861955628594,0.7801418439716312,0.0043823609969871,11.099437129175929,0.0131151867000923,0.0041554489055366,-19.006853785900784,-4804000000.0,18351000000.0,-13961000000.0,31147000000.0,363000000.0,623000000.0,331500000.0,10.427280197206246,24.8372715113687,13.36156932679447,8.631205673758865,3.623586429725364,6.735735735735736,0.0062762430939226,0.4308093994778068,2016-03-30,0.31,bmo,2995692307.0,2025-04-25,2016-02-29,0.2580645161290323,48.38803278688525,6329047.721311475
2015-11-30,CCL,USD,815097,2016-01-29,2016-01-29 09:13:08,2015,Q4,3711000000.0,2218000000.0,1493000000.0,0.4023174347,0,0.0,0.0,563000000.0,420000000.0,983000000.0,3201000000.0,2000000.0,50000000.0,420000000.0,741000000.0,0.199676637,510000000.0,0.1374292643,-239000000.0,271000000.0,0.0730261385,1000000.0,270000000.0,0.0727566694,0.35,0.35,774000000,777000000,https://www.sec.gov/Archives/edgar/data/815097/000081509716000030/0000815097-16-000030-index.htm,https://www.sec.gov/Archives/edgar/data/815097/000081509716000030/a2015form10-kfrontpart.htm,4.794573643410852,0.3488372093023256,1.2635658914728682,0.5012919896640827,1.8049095607235144,30.71188630490956,25.223514211886304,30.71188630490956,11.417312661498707,39110220000.0,46502220000.0,36.213166666666666,10.538997574777689,39.99,100.79953608247423,1.6452913213579572,1.6452913213579572,12.530913500404203,62.75603238866397,47.54828220858896,119.8510824742268,0.0069035663823931,0.0099206805791427,0.3696520970930966,0.2239467849223946,9.975708502024291,0.3523576768257619,10.2,3.6222222222222222,0.0059319533359822,0.8592592592592593,0.0,0.0,0.1082651578866885,0.6032719836400818,0.1589867960118566,1.4047619047619049,0.0045809754783077,15.52586860687146,0.0150978482002915,0.0077167109663036,-17.670219638242894,-4505000000.0,19523000000.0,-13015000000.0,31631000000.0,377500000.0,602500000.0,317500000.0,7.34842360549717,25.44183949504058,13.390441839495042,12.247524752475249,3.537480063795853,6.721212121212122,0.0113583778553699,0.7622739018087855,2015-12-18,0.41,bmo,3004142857.0,2025-04-25,2015-11-30,0.2195121951219513,51.753125,4050126.015625
2015-08-31,CCL,USD,815097,2015-10-02,2015-10-02 09:09:28,2015,Q3,4883000000.0,2490000000.0,2393000000.0,0.4900675814,0,0.0,0.0,484000000.0,399000000.0,883000000.0,3373000000.0,2000000.0,53000000.0,399000000.0,1702000000.0,0.3485562154,1510000000.0,0.3092361253,-260000000.0,1250000000.0,0.25599017,34000000.0,1216000000.0,0.2490272374,1.56,1.56,778000000,781000000,https://www.sec.gov/Archives/edgar/data/815097/000081509715000025/0000815097-15-000025-index.htm,https://www.sec.gov/Archives/edgar/data/815097/000081509715000025/a2015q310-q.htm,6.276349614395887,1.562982005141388,1.6465295629820051,1.231362467866324,0.6940874035989717,31.302056555269925,25.776349614395887,31.302056555269925,10.17095115681234,38300940000.0,45621940000.0,7.874370888157895,7.843731312717591,29.899250585480093,39.98010438413361,1.5727401141543134,1.5727401141543134,9.343014540241654,26.80490011750881,35.61431693989071,47.62206680584551,0.0317485680508102,0.0250124409479245,0.3227528435921652,0.2025929839936077,4.301410105757932,0.2395910505260038,28.49056603773585,1.053453947368421,0.0051173678766108,0.1611842105263158,0.0,0.0,0.110807536665206,0.2521467603434816,0.0661478599221789,0.8095238095238095,0.0026622977677657,33.17834233646417,0.0441066538553927,0.0352484201982723,-17.239717223650384,-5132000000.0,20054000000.0,-12827000000.0,31399000000.0,416000000.0,607500000.0,316000000.0,8.330944091746877,20.89156626506024,11.024096385542167,10.803097345132745,4.307958477508651,8.163934426229508,0.0499322465404672,0.4151670951156812,2015-09-22,1.63,bmo,4548165714.0,2025-04-25,2015-08-31,0.0736196319018405,50.89828125,4052479.03125
2015-05-31,CCL,USD,815097,2015-07-01,2015-07-01 09:07:06,2015,Q2,3590000000.0,2404000000.0,1186000000.0,0.330362117,0,0.0,0.0,491000000.0,406000000.0,897000000.0,3301000000.0,2000000.0,57000000.0,406000000.0,689000000.0,0.1919220056,289000000.0,0.0805013928,-63000000.0,226000000.0,0.0629526462,4000000.0,222000000.0,0.0618384401,0.29,0.29,778000000,780000000,https://www.sec.gov/Archives/edgar/data/815097/000081509715000021/0000815097-15-000021-index.htm,https://www.sec.gov/Archives/edgar/data/815097/000081509715000021/a2015q210-q.htm,4.614395886889461,0.2853470437017995,1.9473007712082264,1.383033419023136,0.3856041131105398,29.88688946015424,24.375321336760926,29.88688946015424,10.701799485861182,36394840000.0,44365840000.0,40.98518018018018,10.13783844011142,24.022996699669967,33.82420074349442,1.5652348185102358,1.5652348185102358,12.358172701949862,64.39164005805515,29.28438283828383,41.23219330855019,0.0060997657909747,0.0295646305904903,0.3556253225528987,0.2141617673719924,11.568940493468796,0.1925029285435376,5.0701754385964914,6.824324324324325,0.0053304259614824,0.8738738738738738,0.0,0.0,0.1110564346947761,0.2897689768976897,0.1222841225626741,1.08128078817734,0.0038997214484679,13.852185745946135,0.0087217719669486,0.0064679660868805,-18.779562982005142,-6204000000.0,18964000000.0,-13880000000.0,30263000000.0,354500000.0,615500000.0,329500000.0,9.526462395543176,23.8477537437604,12.242096505823628,9.447368421052632,3.7739403453689166,7.351681957186544,0.0095475658007913,0.5642673521850899,2015-06-23,0.16,bmo,2297600000.0,2025-04-25,2015-05-31,0.5625,47.18571428571428,3347401.031746032
2015-02-28,CCL,USD,815097,2015-04-02,2015-04-02 09:05:26,2015,Q1,3531000000.0,2335000000.0,1196000000.0,0.3387142453,0,0.0,0.0,529000000.0,401000000.0,930000000.0,3265000000.0,2000000.0,57000000.0,401000000.0,510000000.0,0.1444350042,266000000.0,0.0753327669,-214000000.0,52000000.0,0.0147267063,3000000.0,49000000.0,0.0138770886,0.06,0.06,777000000,779000000,https://www.sec.gov/Archives/edgar/data/815097/000081509715000012/0000815097-15-000012-index.htm,https://www.sec.gov/Archives/edgar/data/815097/000081509715000012/a2015q110-q.htm,4.544401544401544,0.063063063063063,0.9922779922779924,-0.22007722007722,0.3616473616473616,30.05148005148005,24.508365508365507,30.05148005148005,11.835263835263834,34180230000.0,43039230000.0,174.3889285714286,9.680042480883602,44.33233463035019,-199.88438596491227,1.4638214132762313,1.4638214132762313,12.188963466440102,84.39064705882353,55.82260700389105,-251.6914035087719,0.0014335772462619,-0.0050028920226692,0.3913918629550321,0.2360644728005372,17.370588235294118,0.1923907177549919,4.666666666666667,15.73469387755102,0.0056757956280575,3.959183673469388,0.0,0.0,0.1112517435553029,1.2217898832684826,0.2667799490229396,2.349127182044888,0.0031152647975077,6.529978069378146,0.0074828744709629,0.0014241288109977,-18.88063063063063,-5986000000.0,19043000000.0,-13938000000.0,30615000000.0,330500000.0,610000000.0,348000000.0,8.3857264231096,22.89507494646681,12.796573875803,10.732522796352583,3.930976430976431,7.033132530120482,0.0020985010706638,1.2123552123552124,2015-03-27,0.09,bmo,1765000000.0,2025-04-25,2015-02-28,1.2222222222222223,45.02377049180328,4711989.409836066
2014-11-30,CCL,USD,815097,2015-01-29,2015-01-29 09:44:08,2014,Q4,3719000000.0,2497000000.0,1222000000.0,0.3285829524,0,-76000000.0,623000000.0,547000000.0,408000000.0,955000000.0,3452000000.0,2000000.0,75000000.0,408000000.0,388000000.0,0.1043291207,267000000.0,0.0717934929,-362000000.0,-95000000.0,-0.0255445012,7000000.0,-102000000.0,-0.0274267276,-0.13,-0.13,776000000,776000000,https://www.sec.gov/Archives/edgar/data/815097/000081509715000007/0000815097-15-000007-index.htm,https://www.sec.gov/Archives/edgar/data/815097/000081509715000007/a2014form10-kfrontpart.htm,4.792525773195877,-0.1314432989690721,0.8208762886597938,-0.3466494845360824,0.4278350515463917,31.298969072164947,25.63273195876289,31.298969072164947,11.80798969072165,32894640000.0,41651640000.0,-80.62411764705882,8.845022855606345,51.63993720565149,-122.28490706319702,1.3543577075098814,1.3543577075098814,11.199688088195751,107.34958762886598,65.38718995290424,-154.83881040892194,-0.003100809128782,-0.0081776240749252,0.3741765480895915,0.2298897096023474,22.56958762886598,0.2171651495448634,3.56,-6.245098039215686,0.0058976173625855,-1.9019607843137256,-0.0204356009680021,0.0,0.1112263482748153,1.4222919937205651,0.2436138746974993,2.2205882352941178,0.0040333422963162,,0.008349070486094,-0.0029030880888003,-18.66108247422681,-5418000000.0,19891000000.0,-13741000000.0,31752000000.0,405000000.0,618000000.0,361000000.0,8.034417854261898,22.563075690828995,13.119743692430918,11.201807228915662,3.988817891373802,6.8598901098901095,-0.004199604743083,1.1675257731958764,2014-12-19,0.19,bmo,3626024998.0,2025-04-25,2014-11-30,0.4210526315789474,40.890625,5251312.3125
2014-08-31,CCL,USD,815097,2014-10-03,2014-10-03 09:08:01,2014,Q3,4947000000.0,2760000000.0,2187000000.0,0.4420861128,0,0.0,0.0,481000000.0,414000000.0,895000000.0,3655000000.0,2000000.0,69000000.0,414000000.0,1724000000.0,0.3484940368,1292000000.0,0.2611683849,-51000000.0,1241000000.0,0.2508591065,0.0,1241000000.0,0.2508591065,1.61,1.6,776000000,778000000,https://www.sec.gov/Archives/edgar/data/815097/000081509714000006/0000815097-14-000006-index.htm,https://www.sec.gov/Archives/edgar/data/815097/000081509714000006/a2014q310-q.htm,6.375,1.5992268041237114,1.443298969072165,0.9948453608247424,0.5631443298969072,32.41881443298969,26.63144329896907,32.41881443298969,11.515463917525771,29394880000.000004,37825880000.0,5.921611603545528,5.941960784313726,26.24542857142857,38.076269430051816,1.1684572882299162,1.1684572882299162,7.64622599555286,21.9407656612529,33.77310714285714,48.99725388601036,0.0422182366452933,0.0262630771073057,0.3524665103152204,0.2216916268720154,4.890371229698376,0.2270408163265306,18.72463768115942,0.8981555733761026,0.0065997888067581,0.1563255439161966,0.0,0.0,0.1122834212565942,0.3107142857142857,0.0703456640388114,0.8426150121065376,0.0022235698403072,34.15425789679625,0.0370827473379064,0.0349518391257815,-17.86791237113402,-5454000000.0,20666000000.0,-13238000000.0,32110000000.0,383000000.0,618500000.0,370500000.0,8.696179502728928,19.89130434782609,11.67391304347826,10.349372384937238,4.524590163934426,7.709497206703911,0.0493302063044083,0.4484536082474227,2014-09-23,1.44,bmo,4508658227.0,2025-04-25,2014-08-31,0.0972222222222223,37.87015625,3484303.6875
2014-05-31,CCL,USD,815097,2014-07-02,2014-07-02 09:10:33,2014,Q2,3633000000.0,2572000000.0,1061000000.0,0.2920451418,0,0.0,0.0,504000000.0,410000000.0,914000000.0,3486000000.0,2000000.0,72000000.0,410000000.0,581000000.0,0.1599229287,147000000.0,0.0404624277,-48000000.0,99000000.0,0.0272502064,1000000.0,98000000.0,0.0269749518,0.14,0.14,776000000,778000000,https://www.sec.gov/Archives/edgar/data/815097/000119312514258411/0001193125-14-258411-index.htm,https://www.sec.gov/Archives/edgar/data/815097/000119312514258411/d739153d10q.htm,4.681701030927835,0.1262886597938144,1.541237113402062,0.2835051546391752,0.4445876288659793,31.39819587628866,25.568298969072163,31.39819587628866,12.25257731958763,31063280000.0,40156280000.0,79.24306122448981,8.550311037709882,25.972642140468228,141.19672727272726,1.2749140160065668,1.2749140160065668,11.053201211120289,69.11580034423407,33.57548494983278,182.52854545454545,0.0031548503570775,0.0070823171281332,0.3872768315206238,0.2328381779598282,15.650602409638552,0.219564923658965,2.0416666666666665,11.283018867924527,0.0062453160129902,1.979591836734694,0.0,0.0,0.1116320386912105,0.8160535117056856,0.2686484998623727,2.3804878048780487,0.0035783099366914,9.44551807663845,0.0041958176383365,0.0027220709960557,-19.85631443298969,-5776000000.0,19841000000.0,-14536000000.0,32263000000.0,273000000.0,590500000.0,382000000.0,7.134599504541701,21.94012441679627,13.402021772939348,12.614583333333334,4.10207336523126,6.715404699738904,0.0040221629386414,1.2577319587628866,2014-06-24,0.02033,bmo,726600000.0,2025-04-25,2014-05-31,3.9188391539596656,38.729365079365074,3244953.301587302
2014-02-28,CCL,USD,815097,2014-04-02,2014-04-02 09:05:23,2014,Q1,3585000000.0,2592000000.0,993000000.0,0.2769874477,0,0.0,0.0,521000000.0,405000000.0,926000000.0,3518000000.0,2000000.0,72000000.0,405000000.0,458000000.0,0.1277545328,67000000.0,0.0186889819,-86000000.0,-19000000.0,-0.0052998605,1000000.0,-20000000.0,-0.0055788006,-0.02,-0.02,776000000,776000000,https://www.sec.gov/Archives/edgar/data/815097/000119312514127172/0001193125-14-127172-index.htm,https://www.sec.gov/Archives/edgar/data/815097/000119312514127172/d698582d10q.htm,4.619845360824742,-0.0257731958762886,0.6146907216494846,0.1597938144329896,0.5438144329896907,31.533505154639176,25.70618556701031,31.533505154639176,12.47680412371134,30776160000.0,39965160000.0,-384.702,8.584702928870291,64.52025157232704,248.19483870967736,1.257709848794442,1.257709848794442,11.147882845188285,87.26017467248909,83.78440251572327,322.29967741935485,-0.0006498536529573,0.0040290926483355,0.3927257866775643,0.2408219521363237,20.063318777292576,0.245962918660287,0.9305555555555556,-31.8,0.0063035804336863,-9.7,0.0,0.0,0.1133191329407342,0.740041928721174,0.0984658298465829,0.8737623762376238,0.003626220362622,,0.0020245820522311,-0.000565243195885,-18.85180412371134,-5043000000.0,19948000000.0,-13790000000.0,32470000000.0,331500000.0,596500000.0,377500000.0,6.476987447698744,19.23611111111111,13.229166666666666,13.895348837209305,4.67870036101083,6.803149606299213,-0.0008173273395995,0.4548969072164948,2014-03-25,-0.08,bmo,5646375000.0,2025-04-25,2014-02-28,-0.677875,39.65262295081967,3867261.9672131143
2013-11-30,CCL,USD,815097,2014-01-29,2014-01-29 09:07:42,2013,Q4,3658000000.0,2621000000.0,1037000000.0,0.2834882449,0,-56000000.0,588000000.0,532000000.0,402000000.0,934000000.0,3555000000.0,4000000.0,82000000.0,402000000.0,541000000.0,0.1478950246,103000000.0,0.0281574631,-46000000.0,57000000.0,0.0155822854,-9000000.0,66000000.0,0.0180426463,0.09,0.08,775000000,777000000,https://www.sec.gov/Archives/edgar/data/815097/000119312514025514/0001193125-14-025514-index.htm,https://www.sec.gov/Archives/edgar/data/815097/000119312514025514/d645418d10k.htm,4.72,0.0851612903225806,0.6129032258064516,0.1780645161290322,0.5974193548387097,31.68516129032258,25.876129032258063,31.68516129032258,12.441290322580643,27985250000.0,37083250000.0,106.00473484848484,7.65042372881356,58.916315789473686,202.79166666666663,1.1396501873269262,1.1396501873269262,10.137575177692728,68.54574861367837,78.07,268.71920289855075,0.0023583852207859,0.0049311690980069,0.3893142205570939,0.2383802114502294,16.817005545286506,0.2882440476190476,1.2560975609756098,7.196969696969697,0.0069322232247344,2.939393939393939,-0.0153089119737561,0.0,0.1122581288649511,0.7094736842105264,0.0921268452706396,0.8383084577114428,0.0027337342810278,7.791845573429089,0.0034219889215751,0.0018538284366046,-18.83129032258065,-4783000000.0,20054000000.0,-13611000000.0,32624000000.0,424500000.0,620000000.0,381000000.0,9.964461454346637,21.94200686760778,12.842426554750094,9.0320987654321,4.101721439749609,7.008021390374331,0.0026877341586577,0.4348387096774193,2013-12-19,,bmo,,2025-04-25,2013-11-30,,35.305625,4326750.828125
2013-08-31,CCL,USD,815097,2013-10-03,2013-10-03 09:07:59,2013,Q3,4726000000.0,2917000000.0,1809000000.0,0.382776132,0,0.0,0.0,439000000.0,419000000.0,858000000.0,3775000000.0,2000000.0,76000000.0,406000000.0,1417000000.0,0.2998307237,951000000.0,0.2012272535,-16000000.0,935000000.0,0.1978417266,1000000.0,934000000.0,0.1976301312,1.2,1.2,775000000,777000000,https://www.sec.gov/Archives/edgar/data/815097/000119312513389562/0001193125-13-389562-index.htm,https://www.sec.gov/Archives/edgar/data/815097/000119312513389562/d603807d10q.htm,6.098064516129032,1.2051612903225806,1.0361290322580643,0.5651612903225807,1.2670967741935484,31.30322580645161,25.57677419354839,31.30322580645161,13.02451612903226,27969750000.000004,37006750000.0,7.486549785867239,5.918271265340669,34.8315691158157,63.857876712328775,1.152916323165705,1.152916323165705,7.830459162082099,26.116266760762173,46.08561643835616,84.49029680365297,0.0333932194603097,0.0156597752929504,0.4129431162407255,0.2480132696259253,6.377558221594919,0.3517628205128205,12.513157894736842,0.8597430406852249,0.0069003119441539,0.2066381156316916,0.0,0.0,0.1098705221201693,0.4545454545454545,0.0772323317816335,0.8990147783251231,0.0016927634363097,29.13455525820932,0.0270411570322659,0.0259769155889306,-18.86967741935484,-4854000000.0,19822000000.0,-13499000000.0,32082000000.0,744500000.0,614000000.0,384500000.0,8.45535336436733,18.54302365443949,11.97120329105245,10.644144144144144,4.853577371048253,7.518041237113402,0.0384995877988458,0.4709677419354838,2013-09-24,1.3,bmo,4452028985.0,2025-04-25,2013-08-31,0.0615384615384614,36.30890625,3951257.53125
2013-05-31,CCL,USD,815097,2013-07-02,2013-07-02 11:21:00,2013,Q2,3479000000.0,2487000000.0,992000000.0,0.2851394079,0,0.0,0.0,449000000.0,391000000.0,840000000.0,3327000000.0,3000000.0,78000000.0,391000000.0,510000000.0,0.1465938488,152000000.0,0.0436907157,-111000000.0,41000000.0,0.0117849957,0.0,41000000.0,0.0117849957,0.05,0.05,775000000,777000000,https://www.sec.gov/Archives/edgar/data/815097/000119312513280538/0001193125-13-280538-index.htm,https://www.sec.gov/Archives/edgar/data/815097/000119312513280538/d561258d10q.htm,4.489032258064516,0.0529032258064516,1.4929032258064516,-0.0632258064516129,0.9174193548387096,30.038709677419355,24.32,30.038709677419355,12.825806451612904,25652500000.0,34803500000.0,156.4176829268293,7.373526875538948,22.17156439066552,-523.5204081632653,1.1019115120274914,1.1019115120274914,10.0038804254096,68.24215686274509,30.080812445980985,-710.2755102040817,0.0015982847675665,-0.0019101452100185,0.4236254295532646,0.2492985161404484,17.94313725490196,0.2493778650949574,1.948717948717949,28.21951219512195,0.0076015982847675,4.7560975609756095,0.0,0.0,0.1120351879471169,1.0423509075194468,0.3466513365909744,3.084398976982097,0.0017246335153779,5.979611561169888,0.004478755377453,0.0011671933270703,-18.830645161290324,-5731000000.0,18848000000.0,-14375000000.0,31182000000.0,891000000.0,598500000.0,382000000.0,27.03363035354987,22.689987937273823,13.787696019300364,3.329186602870813,3.9665071770334928,6.52755905511811,0.0017611683848797,1.5561290322580643,2013-06-25,0.06,bmo,2319333333.0,2025-04-25,2013-05-31,0.5,33.8565625,5029335.4375
2013-02-28,CCL,USD,815097,2013-04-03,2013-04-03 09:20:45,2013,Q1,3593000000.0,2599000000.0,994000000.0,0.2766490398,0,0.0,0.0,460000000.0,389000000.0,849000000.0,3448000000.0,2000000.0,83000000.0,389000000.0,511000000.0,0.1422209852,145000000.0,0.0403562483,-106000000.0,39000000.0,0.0108544392,2000000.0,37000000.0,0.0102978013,0.05,0.05,776000000,778000000,https://www.sec.gov/Archives/edgar/data/815097/000119312513139632/0001193125-13-139632-index.htm,https://www.sec.gov/Archives/edgar/data/815097/000119312513139632/d476018d10q.htm,4.630154639175258,0.047680412371134,0.5141752577319587,0.2036082474226804,0.6146907216494846,30.313144329896907,24.58376288659794,30.313144329896907,12.20360824742268,27757520000.000004,36668520000.0,187.55081081081084,7.725443918730867,69.56771929824562,175.68050632911394,1.1800161544020746,1.1800161544020746,10.205544113554131,71.75835616438356,91.90105263157896,232.0792405063291,0.0013329721099003,0.0056921511720067,0.3990562428261701,0.2427149321266968,17.438356164383563,0.2642288410498378,1.7469879518072289,10.783783783783784,0.0209672910259994,15.72972972972973,0.0,0.0,0.1149579831932773,0.6040100250626567,0.067074867798497,0.6195372750642674,0.0050097411633732,5.70265047965345,0.004087114580905,0.0010809547459756,-17.951997422680414,-4990000000.0,19077000000.0,-13360000000.0,31182000000.0,733500000.0,559500000.0,386500000.0,18.460896187030336,19.73836090804156,13.262793382070027,4.87516960651289,4.559649122807017,6.785900783289817,0.0015729286230497,0.3105670103092783,2013-03-15,0.02357,bmo,898250000.0,2025-04-25,2013-02-28,2.3941450997030125,36.65683333333333,5260472.383333334
2012-11-30,CCL,USD,815097,2013-01-29,2013-01-29 09:18:27,2012,Q4,3578000000.0,2551000000.0,1027000000.0,0.2870318614,0,-68000000.0,527000000.0,459000000.0,392000000.0,851000000.0,3402000000.0,2000000.0,77000000.0,392000000.0,562000000.0,0.1570709894,176000000.0,0.0491894913,-83000000.0,93000000.0,0.0259921744,0.0,93000000.0,0.0259921744,0.12,0.12,777000000,779000000,https://www.sec.gov/Archives/edgar/data/815097/000119312513027239/0001193125-13-027239-index.htm,https://www.sec.gov/Archives/edgar/data/815097/000119312513027239/d387954d10k.htm,4.604890604890605,0.1196911196911196,0.6731016731016731,0.4568854568854569,0.5984555984555985,30.7966537966538,25.02059202059202,30.7966537966538,11.555984555984557,30038820000.0,38475820000.0,80.74951612903226,8.3954220234768,57.43560229445506,84.61639436619717,1.2553311880981235,1.2553311880981235,10.753443264393516,68.4623131672598,73.56753346080306,108.38259154929575,0.0030959937840434,0.0118180407885529,0.3720172176020728,0.2273179949439493,15.012455516014237,0.2480926430517711,2.2857142857142856,5.623655913978495,0.0064915998697685,2.096774193548387,-0.019005030743432,0.0,0.1146038150200454,0.3212237093690248,0.0469536053661263,0.4285714285714285,0.0025153717160424,9.106971749839705,0.005245119952317,0.0026822022899662,-18.04954954954955,-5519000000.0,19441000000.0,-13411000000.0,31106000000.0,759000000.0,555000000.0,377000000.0,18.36221352711012,19.368874950999608,13.759310074480595,4.901369863013699,4.646630236794171,6.541025641025641,0.0038864975552676,0.2162162162162162,2012-12-20,0.11,bmo,2927454545.0,2025-04-25,2012-11-30,0.1818181818181818,37.82274193548388,3441096.2580645164
2012-08-31,CCL,USD,815097,2012-10-05,2012-10-05 09:22:01,2012,Q3,4684000000.0,2597000000.0,2087000000.0,0.445559351,0,0.0,0.0,409000000.0,383000000.0,792000000.0,3389000000.0,2000000.0,84000000.0,383000000.0,1803000000.0,0.3849274125,1295000000.0,0.2764730999,41000000.0,1336000000.0,0.2852263023,6000000.0,1330000000.0,0.2839453459,1.71,1.71,778000000,779000000,https://www.sec.gov/Archives/edgar/data/815097/000119312512416139/0001193125-12-416139-index.htm,https://www.sec.gov/Archives/edgar/data/815097/000119312512416139/d382688d10q.htm,6.020565552699229,1.7095115681233932,1.3084832904884318,1.0938303341902311,0.7300771208226221,31.09640102827764,25.372750642673523,31.09640102827764,11.74293059125964,26981040000.0,35465040000.0,5.071624060150376,5.760256191289496,26.503968565815324,31.705099882491183,1.115241598809573,1.115241598809573,7.571528608027327,19.67001663893511,34.83795677799607,41.67454759106933,0.0492938745133619,0.0315406670758428,0.3741578142437895,0.2316155775037101,4.705490848585691,0.3269878706199461,15.416666666666666,0.7654135338345864,0.0072643604546007,0.1473684210526315,0.0,0.0,0.1139399211913412,0.1640471512770137,0.0356532877882152,0.4360313315926893,0.0017079419299743,34.58456720719529,0.0380189369116319,0.0384071154234889,-17.41388174807198,-3995000000.0,19740000000.0,-12948000000.0,32430000000.0,738500000.0,546500000.0,370500000.0,15.140905209222886,19.441663457835965,12.61455525606469,5.944162436548224,4.6292335115864525,7.134615384615385,0.0549745794238002,0.2146529562982005,2012-09-25,1.43,bmo,4377856209.0,2025-04-25,2012-08-31,0.0699300699300699,34.59388888888889,3504599.126984127
2012-05-31,CCL,USD,815097,2012-07-02,2012-07-02 09:18:35,2012,Q2,3538000000.0,2478000000.0,1060000000.0,0.2996042962,0,0.0,0.0,431000000.0,376000000.0,807000000.0,3285000000.0,3000000.0,87000000.0,376000000.0,477000000.0,0.1348219333,253000000.0,0.0715093273,-239000000.0,14000000.0,0.0039570379,0.0,14000000.0,0.0039570379,0.02,0.02,779000000,779000000,https://www.sec.gov/Archives/edgar/data/815097/000119312512290985/0001193125-12-290985-index.htm,https://www.sec.gov/Archives/edgar/data/815097/000119312512290985/d334963d10q.htm,4.541720154043646,0.017971758664955,1.4582798459563544,-0.7625160462130937,1.1553273427471116,29.558408215661103,23.86264441591784,29.558408215661103,12.948652118100128,24998110000.000004,34098110000.000004,446.39482142857145,7.065604861503675,22.00537852112676,-42.08436026936028,1.085647094588726,1.085647094588726,9.637679479932164,71.48450733752621,30.015941901408453,-57.4042255892256,0.0005600423392008,-0.0237617963918072,0.4342916702857639,0.2534083422026253,19.07756813417191,0.2986780501239328,2.9080459770114944,81.14285714285714,0.0077605867003545,13.857142857142858,0.0,0.0,0.1124372814353048,1.522887323943662,0.4889768230638779,4.601063829787234,0.0022611644997173,3.4572204191911093,0.0074834358731661,0.0003997144896502,-19.03818998716303,-5093000000.0,18589000000.0,-14267000000.0,31477000000.0,913000000.0,524500000.0,379000000.0,17.526851328434145,19.322033898305087,13.692493946731236,5.134978229317852,4.657894736842105,6.572944297082228,0.0006080083384,2.220795892169448,2012-06-22,0.08,bmo,1415200000.0,2025-04-25,2012-05-31,1.5,32.347857142857144,4630930.904761905
2012-02-29,CCL,USD,815097,2012-03-30,2012-03-30 09:14:44,2012,Q1,3582000000.0,2694000000.0,888000000.0,0.2479061977,0,0.0,0.0,421000000.0,549000000.0,970000000.0,3664000000.0,3000000.0,88000000.0,376000000.0,323000000.0,0.0901730877,-82000000.0,-0.022892239,-59000000.0,-141000000.0,-0.0393634841,-2000000.0,-139000000.0,-0.0388051368,-0.18,-0.18,778000000,778000000,https://www.sec.gov/Archives/edgar/data/815097/000119312512141856/0001193125-12-141856-index.htm,https://www.sec.gov/Archives/edgar/data/815097/000119312512141856/d308899d10q.htm,4.604113110539846,-0.1786632390745501,0.4138817480719794,0.0706940874035989,0.6053984575835476,30.402313624678666,24.60925449871465,30.402313624678666,12.358611825192805,23565620000.0,32621620000.0,-42.38420863309353,6.578900055834729,73.1851552795031,428.4658181818182,0.9963057540269732,0.9963057540269732,9.10709659408152,100.99572755417957,101.30937888198758,593.1203636363637,-0.005898423211441,0.0023339084649586,0.4027818881325836,0.2445140261273516,28.03715170278637,0.332059902200489,-0.9318181818181818,-2.316546762589928,0.0082323316763997,-1.39568345323741,0.0,0.0,0.1156738444164977,0.8291925465838509,0.0745393634840871,0.7101063829787234,0.0039084310441094,,-0.0023788146498918,-0.0040341304852565,-17.7323264781491,-4371000000.0,19146000000.0,-13137000000.0,31611000000.0,715000000.0,546500000.0,377500000.0,28.5678391959799,17.271714922049,12.728285077951004,3.150395778364116,5.21083172147002,7.070866141732283,-0.005876632985245,0.3431876606683804,2012-03-09,-0.08,bmo,1432800000.0,2025-04-25,2012-02-29,1.5,31.516935483870967,6661405.677419355
2011-11-30,CCL,USD,815097,2012-01-30,2012-01-30 09:17:14,2011,Q4,3697000000.0,2569000000.0,1128000000.0,0.3051122532,0,0.0,0.0,435000000.0,385000000.0,820000000.0,3389000000.0,3000000.0,92000000.0,385000000.0,686000000.0,0.1855558561,308000000.0,0.0833107925,-99000000.0,209000000.0,0.0565323235,-8000000.0,217000000.0,0.0586962402,0.28,0.28,778000000,780000000,https://www.sec.gov/Archives/edgar/data/815097/000119312512028375/0001193125-12-028375-index.htm,https://www.sec.gov/Archives/edgar/data/815097/000119312512028375/d254914d10k.htm,4.751928020565552,0.2789203084832904,0.9640102827763496,0.62853470437018,0.5784061696658098,30.632390745501286,24.652956298200515,30.632390745501286,12.140102827763496,25829600000.000004,34732600000.0,29.75760368663595,6.986637814444145,34.43946666666667,52.82126789366054,1.0838200738502854,1.0838200738502854,9.394806599945902,50.63061224489796,46.31013333333333,71.0278118609407,0.0084012141109424,0.018931768203921,0.392455521987244,0.2420736599632476,12.978134110787172,0.2149058149058149,3.347826086956522,3.456221198156682,0.0076269086629293,0.9078341013824884,0.0,0.0,0.1204027227786836,0.348,0.0705977819853935,0.6779220779220779,0.0018934271030565,13.865060664025526,0.0094522781297059,0.0063851699279093,-17.928341902313626,-4793000000.0,19180000000.0,-13493000000.0,31913000000.0,323000000.0,562000000.0,370000000.0,7.1328103868001085,20.179057999221488,13.102374464772286,12.617747440273035,4.460069444444445,6.868983957219252,0.0091054044981537,0.3354755784061696,2011-12-20,0.28,bmo,3697000000.0,2025-04-25,2011-11-30,0.0,33.20555555555556,4495140.0
2011-08-31,CCL,USD,815097,2011-09-30,2011-09-30 09:34:55,2011,Q3,5058000000.0,2814000000.0,2244000000.0,0.443653618,0,0.0,0.0,421000000.0,390000000.0,811000000.0,3625000000.0,3000000.0,96000000.0,390000000.0,1828000000.0,0.361407671,1433000000.0,0.2833135627,-91000000.0,1342000000.0,0.2653222618,5000000.0,1337000000.0,0.2643337287,1.69,1.69,790000000,792000000,https://www.sec.gov/Archives/edgar/data/815097/000119312511260770/0001193125-11-260770-index.htm,https://www.sec.gov/Archives/edgar/data/815097/000119312511260770/d225963d10q.htm,6.402531645569621,1.6924050632911392,1.5379746835443038,0.5088607594936709,0.5443037974683544,31.331645569620253,25.222784810126583,31.331645569620253,12.554430379746837,26093700000.0,35485700000.0,4.879151084517577,5.158896797153025,21.476296296296297,64.90970149253731,1.0542057207498383,1.0542057207498383,7.015757216291024,19.41230853391685,29.206337448559676,88.2728855721393,0.0512384215346999,0.0154060175444647,0.3968164188752424,0.2453904961774846,5.137855579868709,0.2030228164510972,14.927083333333334,0.9087509349289454,0.0075497150653222,0.1473448017950635,0.0,0.0,0.120571628441513,0.6691358024691358,0.16073546856465,2.0846153846153848,0.0019770660340055,34.541008975904944,0.0404975733639774,0.0379829545454545,-18.223101265822784,-5484000000.0,19926000000.0,-13877000000.0,32585000000.0,356500000.0,550000000.0,365500000.0,6.281138790035588,17.526652452025587,11.705756929637529,14.328611898016996,5.135036496350365,7.688524590163935,0.0540158371040724,1.0291139240506328,2011-09-20,1.63,bmo,4878426035.0,2025-04-25,2011-08-31,0.0368098159509202,33.013125,6639749.140625
2011-05-31,CCL,USD,815097,2011-07-01,2011-07-01 09:31:02,2011,Q2,3620000000.0,2521000000.0,1099000000.0,0.3035911602,0,0.0,0.0,440000000.0,380000000.0,820000000.0,3341000000.0,3000000.0,91000000.0,380000000.0,675000000.0,0.1864640884,279000000.0,0.0770718232,-75000000.0,204000000.0,0.0563535912,-2000000.0,206000000.0,0.0569060773,0.26,0.26,791000000,793000000,https://www.sec.gov/Archives/edgar/data/815097/000119312511179975/0001193125-11-179975-index.htm,https://www.sec.gov/Archives/edgar/data/815097/000119312511179975/d10q.htm,4.576485461441214,0.2604298356510746,1.7560050568900127,-0.0771175726927939,0.7041719342604298,30.154235145385588,24.060682680151707,30.154235145385588,12.557522123893806,30698710000.0,39983710000.0,37.25571601941748,8.480306629834255,22.10130309575234,-503.2575409836065,1.2870497232936442,1.2870497232936442,11.045223756906076,59.23512592592593,28.7859683225342,-655.4706557377049,0.006710379686964,-0.0019870541791495,0.4126278718765722,0.2475165354726756,13.755555555555556,0.2298727189081429,3.065934065934066,6.742718446601942,0.0064497824175673,0.9611650485436892,0.0,0.0,0.1212182179413022,1.0439164866810655,0.4005524861878453,3.8157894736842106,0.0033149171270718,13.29262601293191,0.0081885512444819,0.0058953152276564,-18.83881163084703,-5022000000.0,19032000000.0,-14412000000.0,32620000000.0,334000000.0,534000000.0,354000000.0,8.950276243093922,19.70646568821896,13.030543435144784,10.055555555555555,4.567028985507246,6.906849315068493,0.0086365923193023,1.8331226295828065,2011-06-21,0.23,bmo,3202307692.0,2025-04-25,2011-05-31,0.1304347826086956,37.95301587301587,4575691.714285715
2011-02-28,CCL,USD,815097,2011-04-01,2011-04-01 09:33:57,2011,Q1,3419000000.0,2395000000.0,1024000000.0,0.2995027786,0,0.0,0.0,422000000.0,367000000.0,789000000.0,3184000000.0,2000000.0,86000000.0,367000000.0,610000000.0,0.1784147412,235000000.0,0.0687335478,-78000000.0,157000000.0,0.0459198596,5000000.0,152000000.0,0.0444574437,0.19,0.19,790000000,794000000,https://www.sec.gov/Archives/edgar/data/815097/000119312511085959/0001193125-11-085959-index.htm,https://www.sec.gov/Archives/edgar/data/815097/000119312511085959/d10q.htm,4.327848101265823,0.1924050632911392,0.5215189873417722,0.3037974683544304,0.5886075949367089,29.66455696202532,23.70506329113924,29.66455696202532,11.8873417721519,33709300000.0,42549300000.0,55.44292763157895,9.859403334308276,81.81868932038836,140.45541666666668,1.4384168978024323,1.4384168978024323,12.444954665106756,69.75295081967214,103.275,177.28875,0.0045091413942146,0.0071196969382336,0.3970556859398336,0.2450941656789148,14.491803278688524,0.2271592611083375,2.732558139534884,2.710526315789474,0.0023435669088352,0.5197368421052632,0.0,0.0,0.1240089556170156,0.4174757281553398,0.0503071073413278,0.4686648501362397,0.0049722140976893,11.332309852589496,0.0068024853066698,0.0045704663679826,-17.294303797468356,-4644000000.0,18727000000.0,-13165000000.0,31289000000.0,278000000.0,509500000.0,331500000.0,8.107633811055864,19.39039665970772,12.889352818371608,11.10064935064935,4.641472868217054,6.982507288629738,0.0064860251760187,0.2177215189873417,2011-03-22,0.19,bmo,3419000000.0,2025-04-25,2011-02-28,0.0,43.62185483870967,4828227.370967742
2010-11-30,CCL,USD,815097,2011-01-31,2011-01-31 09:35:28,2010,Q4,3753000000.0,7113000000.0,-3360000000.0,-0.895283773,0,0.0,0.0,433000000.0,-4134000000.0,-3701000000.0,3412000000.0,2000000.0,93000000.0,367000000.0,715000000.0,0.1905142553,341000000.0,0.0908606448,-86000000.0,255000000.0,0.0679456435,7000000.0,248000000.0,0.066080469,0.31,0.31,788000000,805000000,https://www.sec.gov/Archives/edgar/data/815097/000119312511018320/0001193125-11-018320-index.htm,https://www.sec.gov/Archives/edgar/data/815097/000119312511018320/d10k.htm,4.7626903553299496,0.3147208121827411,0.931472081218274,-0.0088832487309644,0.5444162436548223,29.227157360406093,23.338832487309645,29.227157360406093,12.001269035532994,32552280000.0,41487280000.0,32.81479838709678,8.673669064748202,44.3491553133515,-4650.325714285715,1.413411488862837,1.413411488862837,11.054431121769252,58.02416783216784,56.52217983651226,-5926.754285714285,0.0076185139719859,-0.0002150387008221,0.4065824323737571,0.249773272872766,12.496503496503497,0.2161598609904431,3.6666666666666665,2.9596774193548385,0.0024268653378503,0.3185483870967742,0.0,0.0,0.1237663376900506,1.0095367847411445,0.1974420463629096,2.019073569482289,0.0026645350386357,14.386239286236176,0.0100229453483521,0.0075494672754946,-17.365482233502537,-4511000000.0,18391000000.0,-13215000000.0,31096000000.0,318000000.0,522000000.0,305500000.0,5.947242206235012,6.364403205398566,4.048924504428512,15.133064516129032,14.141153081510934,22.228125,0.010768095176067,0.9403553299492384,2010-12-21,0.31,bmo,3753000000.0,2025-04-25,2010-11-30,0.0,42.38546875,4251030.359375
2010-08-31,CCL,USD,815097,2010-10-01,2010-10-01 09:34:44,2010,Q3,4527000000.0,2389000000.0,2138000000.0,0.4722774464,0,0.0,0.0,381000000.0,355000000.0,736000000.0,3125000000.0,3000000.0,90000000.0,355000000.0,1758000000.0,0.3883366468,1402000000.0,0.3096973713,-89000000.0,1313000000.0,0.2900375525,10000000.0,1303000000.0,0.2878285841,1.65,1.62,789000000,806000000,https://www.sec.gov/Archives/edgar/data/815097/000119312510221654/0001193125-10-221654-index.htm,https://www.sec.gov/Archives/edgar/data/815097/000119312510221654/d10q.htm,5.737642585551331,1.6514575411913814,1.634980988593156,0.7858048162230672,0.6679340937896071,28.63751584283904,22.81115335868187,28.63751584283904,11.789607097591889,24601020000.0,33286020000.0,4.720072908672295,5.43428760768721,19.070558139534885,39.67906451612903,1.08878158884709,1.08878158884709,7.3527766732935715,18.934027303754267,25.80311627906977,53.68712903225806,0.0529652835532835,0.0252022070629591,0.4077008187652135,0.2500067848128748,4.940273037542662,0.2459155888359428,15.577777777777778,0.990023023791251,0.0032112489644738,0.0606293169608595,0.0,0.0,0.1247591391429424,0.5193798449612403,0.1480008835873647,1.887323943661972,0.0022089684117517,32.62065195151676,0.0427586023843857,0.0404031007751937,-16.842205323193916,-4431000000.0,17998000000.0,-12807000000.0,30328000000.0,421500000.0,544500000.0,294000000.0,7.713717693836978,20.380912515696945,10.962745918794475,11.667525773195877,4.415896487985212,8.209621993127147,0.0576676255808807,0.8491761723700887,2010-09-21,1.47,bmo,4107833333.0,2025-04-25,2010-08-31,0.1020408163265307,33.883828125,4638536.34375
2010-05-31,CCL,USD,815097,2010-07-01,2010-07-01 12:06:42,2010,Q2,3267000000.0,2165000000.0,1102000000.0,0.3373125191,0,0.0,0.0,404000000.0,349000000.0,753000000.0,2918000000.0,3000000.0,99000000.0,349000000.0,699000000.0,0.2139577594,349000000.0,0.1068258341,-98000000.0,251000000.0,0.076828895,-1000000.0,252000000.0,0.0771349862,0.32,0.32,788000000,806000000,https://www.sec.gov/Archives/edgar/data/815097/000119312510152337/0001193125-10-152337-index.htm,https://www.sec.gov/Archives/edgar/data/815097/000119312510152337/d10q.htm,4.145939086294416,0.3197969543147208,1.7741116751269037,0.5063451776649747,0.7538071065989848,26.477157360406093,20.762690355329948,26.477157360406093,12.511421319796954,28107960000.0,37273960000.0,27.884880952380957,8.603599632690543,20.105836909871247,70.44601503759398,1.3471990030674847,1.3471990030674847,11.409231711049893,53.32469241773963,26.662346208869813,93.41844611528822,0.008965431856314,0.0141952671058305,0.4677914110429448,0.2708928918371312,13.113018597997138,0.2345113115481295,3.525252525252525,5.547619047619048,0.0028105917327333,0.3134920634920635,0.0,0.0,0.1249826528629715,0.7145922746781116,0.3057851239669421,2.8624641833810887,0.0024487297214569,13.802701596510476,0.0111785113494022,0.0079934022711412,-17.86960659898477,-5177000000.0,16361000000.0,-13579000000.0,28643000000.0,423500000.0,538000000.0,309000000.0,12.534435261707989,22.78060046189377,12.346420323325637,7.1802197802197805,3.9507299270072993,7.28956228956229,0.0120782208588957,1.267766497461929,2010-06-22,0.29,bmo,2960718749.0,2025-04-25,2010-05-31,0.103448275862069,37.487857142857145,5896501.507936508
2010-02-28,CCL,USD,815097,2010-04-01,2010-04-01 12:02:00,2010,Q1,3178000000.0,2182000000.0,996000000.0,0.313404657,0,0.0,0.0,396000000.0,345000000.0,741000000.0,2923000000.0,4000000.0,96000000.0,345000000.0,601000000.0,0.1891126495,255000000.0,0.0802391441,-95000000.0,160000000.0,0.0503461296,-15000000.0,175000000.0,0.0550660793,0.22,0.22,787000000,805000000,https://www.sec.gov/Archives/edgar/data/815097/000119312510074655/0001193125-10-074655-index.htm,https://www.sec.gov/Archives/edgar/data/815097/000119312510074655/d10q.htm,4.038119440914866,0.2223634053367217,0.5031766200762389,-0.9822109275730624,0.9567979669631512,27.216010165184244,21.317662007623888,27.216010165184244,13.648030495552732,28410700000.0,38302700000.0,40.58671428571429,8.93980490874764,71.74419191919192,-36.753816300129365,1.3264251365609974,1.3264251365609974,12.052454373820012,63.73161397670549,96.7239898989899,-49.55071151358344,0.0061596511173607,-0.0272080589355418,0.4969886549325365,0.2898018076881193,16.459234608985025,0.3079230633492147,2.65625,2.262857142857143,0.0508963172325919,8.262857142857143,0.0,0.0,0.1263748230425787,2.952020202020202,0.36784140969163,3.3884057971014494,0.0047199496538703,11.669040481128132,0.0085092061506544,0.0054534122779682,-17.92312579415502,-3922000000.0,16777000000.0,-13568000000.0,30422000000.0,377000000.0,548000000.0,320500000.0,11.101321585903085,21.7781851512374,13.240146654445462,8.107142857142858,4.132575757575758,6.797507788161994,0.0081703160745132,1.4853875476493013,2010-03-23,0.14,bmo,2022363636.0,2025-04-25,2010-02-28,0.5714285714285713,35.146229508196726,4090206.426229508
2009-11-30,CCL,USD,815097,2010-01-29,2010-01-29 09:02:19,2009,Q4,3206000000.0,2143000000.0,1063000000.0,0.3315658141,0,0.0,0.0,424000000.0,345000000.0,769000000.0,2912000000.0,4000000.0,99000000.0,345000000.0,645000000.0,0.2011852776,294000000.0,0.0917030568,-93000000.0,201000000.0,0.062694947,8000000.0,193000000.0,0.0601996257,0.25,0.24,787000000,804000000,https://www.sec.gov/Archives/edgar/data/815097/000119312510016470/0001193125-10-016470-index.htm,https://www.sec.gov/Archives/edgar/data/815097/000119312510016470/d10k.htm,4.073697585768742,0.2452350698856416,0.9047013977128336,-0.337992376111817,0.6836086404066074,27.998729351969505,21.90343074968234,27.998729351969505,12.891994917407878,25207610000.0,34716610000.0,32.652344559585494,7.862635683094198,35.403946629213486,-94.76545112781956,1.143980485591105,1.143980485591105,10.828636930754834,53.8242015503876,48.759283707865166,-130.51357142857142,0.0076564180420119,-0.0105523689076433,0.4559564329475833,0.2727568888285598,14.742635658914727,0.3056170726796859,2.9696969696969697,3.689119170984456,0.0,0.0,0.0,0.0,0.1302294013845527,1.3735955056179776,0.305053025577043,2.834782608695652,0.0028072364316905,12.42944418950971,0.0086019412353795,0.0060240963855421,-17.57369758576874,-3449000000.0,17238000000.0,-13282000000.0,31218000000.0,419000000.0,590000000.0,314500000.0,10.1621958827199,23.8544097060196,13.43910405972935,8.856353591160222,3.772887323943662,6.696875,0.0087587928295892,1.2426937738246506,2009-12-18,0.2,bmo,2564800000.0,2025-04-25,2009-11-30,0.1999999999999999,32.125,4359783.28125
2009-08-31,CCL,USD,815097,2009-10-01,2009-10-01 09:01:02,2009,Q3,4139000000.0,791000000.0,3348000000.0,0.8088910365,0,0.0,0.0,381000000.0,1771000000.0,2152000000.0,2943000000.0,4000000.0,95000000.0,336000000.0,1528000000.0,0.3691712974,1196000000.0,0.2889586857,-99000000.0,1097000000.0,0.2650398647,24000000.0,1073000000.0,0.2592413626,1.36,1.33,787000000,809000000,https://www.sec.gov/Archives/edgar/data/815097/000119312509201646/0001193125-09-201646-index.htm,https://www.sec.gov/Archives/edgar/data/815097/000119312509201646/d10q.htm,5.259212198221093,1.363405336721728,1.5108005082592122,0.9440914866581956,1.2401524777636594,27.39517153748412,21.37992376111817,27.39517153748412,12.972045743329096,23019750000.0,32157750000.0,5.3634086672879775,5.561669485382943,19.360597140454164,30.982166890982505,1.067706400742115,1.067706400742115,7.769449142304905,21.04564790575916,27.046047098402017,43.28095558546433,0.0466121482639907,0.0322766320225024,0.4691094619666048,0.2781704667345086,5.980366492146596,0.3632900432900433,12.589473684210526,1.108108108108108,0.0,0.0,0.0,0.0,0.1302016007040897,0.3751051303616484,0.1077554964967383,1.3273809523809523,0.0021744382701135,28.98950274114396,0.0361897631239244,0.0339288537549407,-16.91423125794155,-3677000000.0,16826000000.0,-12701000000.0,29939000000.0,450000000.0,577500000.0,308500000.0,10.350326165740515,69.63337547408345,35.15802781289507,8.695378151260504,1.292483660130719,2.559870550161812,0.0497680890538033,0.5667090216010165,2009-09-22,1.17,bmo,3840766917.0,2025-04-25,2009-08-31,0.1367521367521368,29.48984375,4737100.984375
2009-05-31,CCL,USD,815097,2009-06-30,2009-06-30 09:00:55,2009,Q2,2948000000.0,1885000000.0,1063000000.0,0.3605834464,0,0.0,0.0,393000000.0,317000000.0,710000000.0,2595000000.0,2000000.0,90000000.0,317000000.0,677000000.0,0.2296472185,353000000.0,0.1197421981,-83000000.0,270000000.0,0.091587517,6000000.0,264000000.0,0.0895522388,0.34,0.33,787000000,800000000,https://www.sec.gov/Archives/edgar/data/815097/000119312509141248/0001193125-09-141248-index.htm,https://www.sec.gov/Archives/edgar/data/815097/000119312509141248/d10q.htm,3.7458703939008897,0.3354510800508259,1.4434561626429478,-0.6531130876747141,0.6162642947903431,25.90216010165184,19.909783989834818,25.90216010165184,13.175349428208389,20997160000.0,30791160000.0,19.88367424242424,7.122510176390773,18.483415492957747,-40.85050583657588,1.0300299239636987,1.0300299239636987,10.444762550881954,45.48177252584934,27.104894366197183,-59.90498054474708,0.0125731289374372,-0.0244795010372831,0.504243316163846,0.2891827261218174,14.466765140324965,0.248743311172369,3.922222222222222,4.303030303030303,0.0,0.0,0.0,0.0,0.1326768884512589,1.4524647887323945,0.5597014925373134,5.205047318611987,0.0044097693351424,13.982146494345626,0.0110132595901581,0.0085633656622011,-18.047013977128337,-4633000000.0,15669000000.0,-13626000000.0,28746000000.0,413000000.0,519500000.0,306500000.0,12.944369063772047,25.925729442970823,14.705570291777189,6.952830188679245,3.471454880294659,6.12012987012987,0.0129506990434142,2.096569250317662,2009-06-18,0.28,bmo,2501333333.0,2025-04-25,2009-05-31,0.1785714285714285,25.69936507936508,6395828.571428572
2009-02-28,CCL,USD,815097,2009-04-02,2009-04-02 09:11:20,2009,Q1,2864000000.0,1850000000.0,1014000000.0,0.3540502793,0,0.0,0.0,392000000.0,311000000.0,703000000.0,2553000000.0,4000000.0,96000000.0,311000000.0,645000000.0,0.2252094972,311000000.0,0.1085893855,-73000000.0,238000000.0,0.0831005587,-22000000.0,260000000.0,0.0907821229,0.33,0.33,787000000,803000000,https://www.sec.gov/Archives/edgar/data/815097/000119312509071231/0001193125-09-071231-index.htm,https://www.sec.gov/Archives/edgar/data/815097/000119312509071231/d10q.htm,3.639135959339263,0.3303684879288437,0.3875476493011436,-0.0012706480304955,0.7712833545108005,24.337992376111817,18.612452350698856,24.337992376111817,12.212198221092756,15393719999.999998,24301720000.0,14.801653846153846,5.3749022346368704,50.47121311475409,-15393.719999999998,0.8036817374960843,0.8036817374960843,8.485237430167597,37.67708527131783,79.67777049180327,-24301.72,0.0168900044953396,-6.496155575130639e-05,0.4967630782082071,0.2897734194177123,13.810852713178294,0.2919475655430711,3.239583333333333,1.1730769230769231,0.0203979285059102,1.2076923076923076,0.0,0.0,0.1372274333049092,1.00327868852459,0.1068435754189944,0.9839228295819936,0.0066340782122905,13.450330076310218,0.0115871866293668,0.0091775503000352,-16.03684879288437,-3781000000.0,14648000000.0,-12123000000.0,26950000000.0,410000000.0,504000000.0,310000000.0,12.632681564245807,24.12972972972973,14.837837837837837,7.124378109452737,3.729838709677419,6.065573770491803,0.0135741881591312,0.3888182973316391,2009-03-24,0.19,bmo,2798052629.0,2025-04-25,2009-02-28,0.736842105263158,20.67688524590164,7240498.229508197
2008-11-30,CCL,USD,815097,2009-01-29,2009-01-29 10:10:27,2008,Q4,3302000000.0,2132000000.0,1170000000.0,0.3543307087,0,0.0,0.0,407000000.0,313000000.0,720000000.0,2852000000.0,5000000.0,106000000.0,2185000000.0,2661000000.0,0.8058752271,450000000.0,0.1362810418,-80000000.0,370000000.0,0.112053301,-1000000.0,371000000.0,0.1123561478,0.47,0.45,786000000,816000000,https://www.sec.gov/Archives/edgar/data/815097/000119312509013746/0001193125-09-013746-index.htm,https://www.sec.gov/Archives/edgar/data/815097/000119312509013746/d10k.htm,4.201017811704834,0.4720101781170484,0.6513994910941476,-0.1501272264631043,0.8269720101781171,24.29770992366412,18.49618320610687,24.29770992366412,12.021628498727736,15397740000.0,24090740000.0,10.375835579514824,4.663155663234403,30.0737109375,-130.4893220338983,0.806248821866164,0.806248821866164,7.29580254391278,9.05326568959038,47.0522265625,-204.15881355932203,0.0240944450289458,-0.0076634623003116,0.4892135302125877,0.2797305389221557,3.266816986095453,0.2854177477944992,4.245283018867925,1.3800539083557952,0.0205224922618514,0.8517520215633423,0.0,0.0,0.1365269461077844,1.23046875,0.1907934585099939,0.2883295194508009,0.002725620835857,16.063848970603658,0.0154383349716432,0.0128640776699029,-16.76972010178117,-4131000000.0,14538000000.0,-12652000000.0,26886000000.0,530000000.0,508500000.0,340000000.0,11.393095093882495,21.613508442776737,13.297373358348969,7.899521531100478,4.1640625,6.768253968253968,0.0194261179181066,0.8015267175572519,2008-12-18,0.4,bmo,2724150000.0,2025-04-25,2008-11-30,0.1749999999999998,24.14546875,8226286.328125
2008-08-31,CCL,USD,815097,2008-09-26,2008-09-26 09:05:18,2008,Q3,4814000000.0,2634000000.0,2180000000.0,0.4528458662,0,0.0,0.0,372000000.0,323000000.0,695000000.0,3329000000.0,8000000.0,108000000.0,323000000.0,1816000000.0,0.3772330702,1485000000.0,0.3084752804,-100000000.0,1385000000.0,0.2877025343,52000000.0,1333000000.0,0.2769007063,1.7,1.65,786000000,814000000,https://www.sec.gov/Archives/edgar/data/815097/000119312508201731/0001193125-08-201731-index.htm,https://www.sec.gov/Archives/edgar/data/815097/000119312508201731/d10q.htm,6.124681933842239,1.6959287531806615,1.3536895674300256,-0.0839694656488549,1.0190839694656488,25.853689567430024,19.67175572519084,25.853689567430024,11.964376590330788,29129160000.0,37633160000.0,5.463083270817705,6.0509264644786045,27.37703007518797,-441.3509090909091,1.433451109689484,1.433451109689484,7.817440797673452,20.723105726872248,35.36951127819549,-570.199393939394,0.0457617040793486,-0.0022657707946264,0.4574578022735102,0.263507001530699,4.682819383259912,0.3522044947675416,13.75,0.7981995498874719,0.0108139060652624,0.2363090772693173,0.0,0.0,0.1377345654515562,1.06203007518797,0.2347320315745741,-0.7295029051000645,0.0022850020772746,31.409160272876736,0.0470146541896256,0.0438212959005884,-17.165394402035624,-3776000000.0,15462000000.0,-12904000000.0,28818000000.0,592000000.0,479500000.0,357000000.0,12.002492729538844,17.25512528473804,12.471526195899772,7.498442367601246,5.215841584158416,7.216438356164384,0.0655971654938241,1.4376590330788803,2008-09-18,1.58,bmo,4609769696.0,2025-04-25,2008-08-31,0.0443037974683543,36.9734375,6997136.796875
2008-05-31,CCL,USD,815097,2008-06-27,2008-06-27 09:01:21,2008,Q2,3378000000.0,2159000000.0,1219000000.0,0.3608644168,0,0.0,0.0,425000000.0,312000000.0,737000000.0,2896000000.0,12000000.0,102000000.0,312000000.0,810000000.0,0.2397868561,482000000.0,0.1426879811,-86000000.0,396000000.0,0.1172291297,6000000.0,390000000.0,0.1154529307,0.5,0.49,786000000,819000000,https://www.sec.gov/Archives/edgar/data/815097/000116923208002427/0001169232-08-002427-index.htm,https://www.sec.gov/Archives/edgar/data/815097/000116923208002427/d74455_10-q.htm,4.297709923664122,0.4961832061068702,1.8346055979643765,0.1361323155216285,1.267175572519084,25.356234096692116,18.986005089058523,25.356234096692116,11.860050890585242,31487160000.0,39719160000.0,20.18407692307693,9.321243339253996,21.83575589459085,294.272523364486,1.5798876066231813,1.5798876066231813,11.758188277087031,49.036,27.54449375866852,371.2071028037384,0.0123860011509453,0.0033982105721824,0.4626191670847968,0.2599233198015336,10.162962962962965,0.3073776273099167,4.725490196078432,3.6974358974358976,0.0099723188753765,0.8051282051282052,0.0,0.0,0.1411535859269282,0.9257975034674064,0.3952042628774422,4.278846153846154,0.0,16.8249842317933,0.0158687226615287,0.0128015755785327,-17.767175572519083,-4910000000.0,14923000000.0,-13363000000.0,27763000000.0,488000000.0,465500000.0,340000000.0,14.440497335701597,18.925428439092173,14.548402037980548,6.232472324723247,4.755506607929515,6.186246418338109,0.0195684897139989,1.6984732824427482,2008-06-19,0.41,bmo,2826489795.0,2025-04-25,2008-05-31,0.1951219512195122,38.891875,4590498.390625
2008-02-29,CCL,USD,815097,2008-03-28,2008-03-28 09:01:16,2008,Q1,3152000000.0,2114000000.0,1038000000.0,0.3293147208,0,0.0,0.0,425000000.0,301000000.0,726000000.0,2840000000.0,10000000.0,98000000.0,301000000.0,625000000.0,0.198286802,312000000.0,0.0989847716,-86000000.0,226000000.0,0.0717005076,-10000000.0,236000000.0,0.0748730964,0.3,0.3,786000000,814000000,https://www.sec.gov/Archives/edgar/data/815097/000116923208001477/0001169232-08-001477-index.htm,https://www.sec.gov/Archives/edgar/data/815097/000116923208001477/d73437_10-q.htm,4.010178117048346,0.3002544529262086,0.4745547073791348,0.1463104325699745,1.2442748091603053,25.11450381679389,18.776081424936383,25.11450381679389,10.0381679389313,30929100000.0,37755100000.0,32.76387711864407,9.812531725888324,82.91983914209116,268.9486956521739,1.5668237082066871,1.5668237082066871,11.978140862944162,60.40816,101.22010723860588,328.3052173913043,0.0076303545851641,0.0037181812597198,0.3947315096251266,0.2282032508419973,10.9216,0.2736372244014608,3.183673469387755,1.5805084745762712,0.0102169154614909,1.3389830508474576,0.0,0.0,0.1459071606384536,0.6916890080428955,0.0818527918781725,0.8571428571428571,0.0060279187817258,13.02561653399002,0.0115235493132852,0.0080924459074855,-16.458015267175572,-5370000000.0,14758000000.0,-12382000000.0,26154000000.0,435000000.0,519000000.0,331000000.0,12.392131979695431,20.307473982970677,14.091769157994325,7.2626728110599075,4.431865828092243,6.386706948640484,0.0119554204660587,0.3282442748091603,2008-03-20,0.29,bmo,3046933333.0,2025-04-25,2008-02-29,0.0344827586206896,40.71278688524591,4935727.75409836
2007-11-30,CCL,USD,815097,2008-01-29,2008-01-29 09:11:11,2007,Q4,3124000000.0,1985000000.0,1139000000.0,0.3645966709,0,0.0,0.0,426000000.0,290000000.0,716000000.0,2701000000.0,0.0,0.0,290000000.0,713000000.0,0.2282330346,423000000.0,0.1354033291,-75000000.0,348000000.0,0.1113956466,-10000000.0,358000000.0,0.1145966709,0.45,0.43,793000000,828000000,https://www.sec.gov/Archives/edgar/data/815097/000116923208000308/0001169232-08-000308-index.htm,https://www.sec.gov/Archives/edgar/data/815097/000116923208000308/d73197_10-k.htm,3.939470365699874,0.4514501891551072,1.0807061790668349,-0.0996216897856242,1.189155107187894,25.174022698612863,18.865069356872635,25.174022698612863,9.402269861286255,35780160000.0,42293160000.0,24.98614525139665,11.453316261203586,41.75047841306884,-452.913417721519,1.7923237990282022,1.7923237990282022,13.538143405889883,59.31719495091164,49.35024504084014,-535.3564556962025,0.0100055449724092,-0.0022079275218445,0.3734909582728047,0.2181328808402328,9.134642356241237,0.2721763085399449,0.0,2.393854748603352,0.0077417205512775,0.7737430167597765,0.0,0.0,0.1463678651882624,1.0921820303383898,0.2996158770806658,3.2275862068965515,0.0,15.990884573855949,0.0155058142963865,0.012269518130098,-16.119167717528374,-5284000000.0,14960000000.0,-12242000000.0,26358000000.0,429500000.0,514500000.0,314000000.0,12.560819462227911,25.435768261964736,15.007556675062972,7.165137614678899,3.5383244206773616,5.996978851963746,0.0179331763762961,1.180327868852459,2007-12-20,0.43,bmo,3051348837.0,2025-04-25,2007-11-30,0.0232558139534883,46.2284375,3449648.171875
2007-08-31,CCL,USD,815097,2007-09-28,2007-09-28 09:16:25,2007,Q3,4321000000.0,2189000000.0,2132000000.0,0.4934043046,0,0.0,0.0,363000000.0,279000000.0,642000000.0,2831000000.0,20000000.0,95000000.0,-1343000000.0,1790000000.0,0.4142559593,1490000000.0,0.3448275862,-74000000.0,1416000000.0,0.3277019209,39000000.0,1377000000.0,0.3186762324,1.73,1.67,794000000,829000000,https://www.sec.gov/Archives/edgar/data/815097/000116923207003769/0001169232-07-003769-index.htm,https://www.sec.gov/Archives/edgar/data/815097/000116923207003769/d72363_10-q.htm,5.442065491183879,1.734256926952141,1.4118387909319898,1.102015113350126,2.207808564231738,24.82115869017632,18.91435768261965,24.82115869017632,9.454659949622169,36198460000.0,42198460000.0,6.571978939724038,8.377333950474426,32.291222123104376,41.36966857142857,1.8367393951694744,1.8367393951694744,9.765901411710251,23.57455865921788,37.643586083853705,48.22681142857143,0.038040292321828,0.0241722990425559,0.3760909275421149,0.2233337350849704,3.35195530726257,0.3808591017210018,15.68421052631579,0.8140885984023238,0.0076798847243777,0.2018881626724764,0.0,0.0,0.1413161383632638,0.2194469223907225,0.0569312659106688,0.8817204301075269,0.0,31.121391258294896,0.0522751231837354,0.0483191802933539,-14.18293450881612,-4425000000.0,15018000000.0,-10758000000.0,25399000000.0,412000000.0,483000000.0,289500000.0,8.81046054154131,19.241662859753312,12.21105527638191,10.21513002364066,4.677350427350428,7.37037037037037,0.0698701035112644,0.3098236775818639,2007-09-20,1.62,bmo,4187635802.0,2025-04-25,2007-08-31,0.030864197530864,46.14222222222222,3591244.031746032
2007-05-31,CCL,USD,815097,2007-06-29,2007-06-29 09:17:42,2007,Q2,2900000000.0,1763000000.0,1137000000.0,0.3920689655,0,0.0,0.0,406000000.0,272000000.0,678000000.0,2441000000.0,17000000.0,94000000.0,272000000.0,747000000.0,0.2575862069,459000000.0,0.1582758621,-78000000.0,381000000.0,0.1313793103,-9000000.0,390000000.0,0.1344827586,0.49,0.48,795918367,812500000,https://www.sec.gov/Archives/edgar/data/815097/000116923207002816/0001169232-07-002816-index.htm,https://www.sec.gov/Archives/edgar/data/815097/000116923207002816/d72275_10-q.txt,3.643589745177975,0.4900000002135897,1.877076923895136,0.0012564102569579,2.6045384626737733,23.34284616402124,17.48923077685428,23.34284616402124,10.115358978768231,40146122431.48,46244122431.48,25.73469386633333,13.84349049361379,26.871567892556893,40146.12243148,2.1608333296452984,2.1608333296452984,15.946249114303448,61.90645573156626,30.95322786578313,46244.12243148,0.0097145122960664,2.4909005887349773e-05,0.4282792400021529,0.2397625576279868,8.163319946452477,0.3506795214310605,4.882978723404255,3.830769230769231,0.0054301632834422,0.558974358974359,0.0,0.0,0.140386295838732,0.999330655957162,0.5148275862068965,5.488970588235294,0.0,16.042284097674948,0.0173309671591678,0.0136707795849691,-15.194083339956396,-5590000000.0,13920000000.0,-11589000000.0,24088000000.0,344000000.0,453000000.0,273500000.0,12.444827586206896,25.42257515598412,14.39591605218378,7.231920199501247,3.540160642570281,6.25177304964539,0.0209914419505893,1.8758205136381785,2007-06-19,0.47,bmo,2838297872.0,2025-04-25,2007-05-31,0.0212765957446808,48.44603174603174,3364950.603174603
2007-02-28,CCL,USD,815097,2007-03-30,2007-03-30 09:26:09,2007,Q1,2688000000.0,1691000000.0,997000000.0,0.3709077381,0,0.0,0.0,384000000.0,260000000.0,644000000.0,2335000000.0,0.0,0.0,260000000.0,613000000.0,0.2280505952,353000000.0,0.1313244048,-74000000.0,279000000.0,0.1037946429,-4000000.0,283000000.0,0.1052827381,0.36,0.35,786111111,808571429,https://www.sec.gov/Archives/edgar/data/815097/000116923207001633/0001169232-07-001633-index.htm,https://www.sec.gov/Archives/edgar/data/815097/000116923207001633/d71243_10q.txt,3.419363958080476,0.3600000000508834,0.7594346290826056,-0.0508833922333404,0.8713780919959545,23.32749116937491,17.428833924724923,23.32749116937491,9.718727916568016,36506999994.84,43565999994.84,32.24999999544169,13.58147321236607,61.150753760201,-912.674999871,1.990784163749591,1.990784163749591,16.20758928379464,71.0701468105057,72.97487436321607,-1089.149999871,0.0077519379855918,-0.001095680280649,0.4166212236885157,0.2508125143626276,11.515497553017944,0.2817401045556385,0.0,2.1095406360424027,0.0059440655225209,0.7667844522968198,0.0,0.0,0.1522274383638094,1.067001675041876,0.2369791666666666,2.45,0.0,13.746005910759818,0.0134746145297723,0.0109587980173482,-14.107738517895086,-3847000000.0,13701000000.0,-10614000000.0,24627000000.0,283500000.0,423000000.0,264000000.0,9.609375,21.714961561206387,14.10408042578356,9.365853658536585,4.144607843137255,6.381132075471698,0.015432435380085,0.810318021315946,2007-03-16,0.34,bmo,2608941176.0,2025-04-25,2007-02-28,0.0294117647058822,48.77295081967213,2980274.885245901
2006-11-30,CCL,USD,815097,2007-02-12,2007-02-12 09:02:18,2006,Q4,2810000000.0,1680000000.0,1130000000.0,0.4021352313,0,0.0,0.0,393000000.0,261000000.0,654000000.0,2334000000.0,0.0,0.0,261000000.0,737000000.0,0.2622775801,476000000.0,0.1693950178,-63000000.0,413000000.0,0.146975089,-3000000.0,416000000.0,0.1480427046,0.52,0.51,799649123,822743682,https://www.sec.gov/Archives/edgar/data/815097/000116923207000579/0001169232-07-000579-index.htm,https://www.sec.gov/Archives/edgar/data/815097/000116923207000579/d0770672_10-k.txt,3.51404124531254,0.520228170124561,1.0066915311304605,0.6340280823393087,1.4543878890741933,22.772487927808307,16.977446244257308,22.772487927808307,9.813053968671706,39174810535.77,45858810535.77,23.542554408515624,13.941213713797154,48.66436091400001,77.26787087923078,2.151280095319605,2.151280095319605,16.319861400629893,62.22362352207599,56.96746650406211,90.4513028318935,0.0106190685879681,0.0129419898415862,0.4309170785282811,0.2568407960199005,9.069199457259158,0.3684210526315789,0.0,1.9350961538461533,0.0050542682221579,0.4759615384615384,0.0,0.0,0.1516758313694684,0.3701863354037267,0.1060498220640569,1.1417624521072798,0.0,16.326512756465046,0.0180050932111098,0.0160506211899066,-13.552819215684927,-3420000000.0,13576000000.0,-10347000000.0,24672000000.0,338000000.0,468000000.0,270500000.0,8.967971530249109,23.46428571428571,14.089285714285714,10.035714285714286,3.835616438356164,6.387832699619772,0.0228445908841296,0.3726634487911519,2006-12-21,0.47,bmo,2570851063.0,2025-04-25,2006-11-30,0.0851063829787234,48.479365079365074,2240787.301587302
2006-08-31,CCL,USD,815097,2006-09-29,2006-09-29 09:00:52,2006,Q3,3905000000.0,1975000000.0,1930000000.0,0.4942381562,0,0.0,0.0,335000000.0,255000000.0,590000000.0,2565000000.0,0.0,0.0,255000000.0,1595000000.0,0.4084507042,1340000000.0,0.3431498079,-77000000.0,1263000000.0,0.3234314981,31000000.0,1232000000.0,0.3154929577,1.55,1.49,794838710,826845638,https://www.sec.gov/Archives/edgar/data/815097/000116923206003925/0001169232-06-003925-index.htm,https://www.sec.gov/Archives/edgar/data/815097/000116923206003925/d69481_10-q.txt,4.9129464265775376,1.5499999993709417,1.1864042202977256,0.3069805193559332,0.7473214282681325,22.493871744117747,16.71659901918969,22.493871744117747,9.508847398738292,33303741949.0,40267741949.0,6.758064518871754,8.528487054801536,35.31679952173913,136.49074569262294,1.862729568152581,1.862729568152581,10.311841728297056,25.246233196865205,42.70174119724284,165.03172929918034,0.036992840080452,0.0073265040419077,0.4227305777728061,0.2530636844572423,4.366144200626959,0.3224532224532224,0.0,0.765422077922078,0.006035357837801,0.1631493506493506,0.0,0.0,0.1537534319962499,0.7412513255567338,0.1790012804097311,2.7411764705882358,0.0,28.00845902147657,0.0501615647948267,0.0487457466170768,-13.78518668271705,-3259000000.0,13287000000.0,-10436000000.0,24596000000.0,400500000.0,454500000.0,278000000.0,9.126760563380282,22.69367088607595,12.668354430379749,9.86111111111111,3.965863453815261,7.10431654676259,0.0689076570277979,0.8794237009417923,2006-09-21,1.46,bmo,3824760273.0,2025-04-25,2006-08-31,0.0205479452054794,40.9847619047619,3426312.698412698
2006-05-31,CCL,USD,815097,2006-06-30,2006-06-30 10:46:29,2006,Q2,2662000000.0,1620000000.0,1042000000.0,0.3914350113,0,0.0,0.0,354000000.0,240000000.0,594000000.0,2214000000.0,0.0,0.0,240000000.0,688000000.0,0.2584522915,448000000.0,0.1682945154,-71000000.0,377000000.0,0.14162284,-3000000.0,380000000.0,0.1427498122,0.47,0.46,808510638,826086957,https://www.sec.gov/Archives/edgar/data/815097/000116923206002919/0001169232-06-002919-index.htm,https://www.sec.gov/Archives/edgar/data/815097/000116923206002919/d68571_10-q.txt,3.292473685423543,0.4700000001731579,1.5732631584743602,0.6753157897224847,0.7210789476340818,21.14381579726351,15.4568157951683,21.14381579726351,12.615789478332132,32267659562.58,41897659562.58,21.22872339643421,12.12158510990984,25.36765688882075,59.09827758714285,1.887549550311787,1.887549550311787,15.73916587625094,60.897760992122095,32.93841160580189,76.7356402245055,0.0117764971228553,0.016920966918629,0.596665691722726,0.348075348075348,13.997093023255816,0.27322206095791,0.0,3.623931623931624,0.0062601379442546,0.531578947368421,0.0,0.0,0.1569069069069069,0.5707547169811321,0.2727272727272727,3.025,0.0,14.953121819153315,0.0161579055618635,0.0153808791386707,-13.83191447878018,-4006000000.0,12497000000.0,-10703000000.0,23364000000.0,415000000.0,533500000.0,272000000.0,13.692712246431256,22.83333333333333,15.444444444444445,6.57283950617284,3.9416058394160585,5.827338129496403,0.0222287218484937,0.8979473687518753,2006-06-16,0.44,bmo,2541000000.0,2025-04-25,2006-05-31,0.0454545454545455,43.53428571428571,4498460.317460317
2006-02-28,CCL,USD,815097,2006-03-28,2006-03-28 09:16:36,2006,Q1,2463000000.0,1516000000.0,947000000.0,0.3844904588,0,0.0,0.0,366000000.0,232000000.0,598000000.0,2114000000.0,0.0,0.0,232000000.0,581000000.0,0.2358911896,349000000.0,0.1416971173,-84000000.0,265000000.0,0.107592367,14000000.0,251000000.0,0.101908242,0.31,0.31,809677419,809677419,https://www.sec.gov/Archives/edgar/data/815097/000116923206001703/0001169232-06-001703-index.htm,https://www.sec.gov/Archives/edgar/data/815097/000116923206001703/d67520_10q.txt,3.041952192568186,0.3100000001358565,0.7570916337979287,-0.1778486056556308,0.5014342631679592,21.217091642764466,15.666733074594983,21.217091642764466,11.305737056747532,41819838691.35,50578838691.35,41.65322578819721,16.97922805170524,68.2215965601142,-290.41554646770834,2.4343581518918445,2.4343581518918445,20.53546028881445,87.05479981299483,82.51034044265906,-351.2419353565972,0.0060019361110524,-0.0034433418326356,0.5328598870714244,0.3232801243113434,15.075731497418245,0.2670071501532176,0.0,2.1892857142857145,0.0048302434041138,0.8047808764940239,0.0,0.0,0.1587088571832179,1.234910277324633,0.3073487616727568,3.2629310344827585,0.0,12.165081761876406,0.0122821677993216,0.0105364788850642,-12.695488053372523,-3588000000.0,12685000000.0,-9830000000.0,22863000000.0,427500000.0,566500000.0,258000000.0,15.529841656516442,38.94459102902375,15.791556728232193,5.7952941176470585,2.3109756097560976,5.699248120300752,0.0146108620990744,0.9349402394535594,2006-03-23,0.36,bmo,2597722222.0,2025-04-25,2006-02-28,-0.0555555555555554,51.75241935483872,3530653.2258064514
2005-11-30,CCL,USD,815097,2006-02-09,2006-02-09 11:43:49,2005,Q4,2567000000.0,1533000000.0,1034000000.0,0.4028048305,0,0.0,0.0,356000000.0,230000000.0,586000000.0,2119000000.0,0.0,0.0,230000000.0,678000000.0,0.2641215427,448000000.0,0.1745227892,-65000000.0,383000000.0,0.1492014024,30000000.0,353000000.0,0.1375146085,0.44,0.42,804642857,834444444,https://www.sec.gov/Archives/edgar/data/815097/000116923206000521/0001169232-06-000521-index.htm,https://www.sec.gov/Archives/edgar/data/815097/000116923206000521/d66078_10k.txt,3.190235242466087,0.4387039503663922,0.7680426099898877,0.3392809587819407,1.4751886376342989,21.092587664641385,15.514957836753654,21.092587664641385,11.678473148988632,43844989277.93,52063989277.93,31.051692123179887,17.08024514138294,70.94658459211975,160.60435632941392,2.58337198196618,2.58337198196618,20.28203711645111,76.79054465771387,84.2459373429288,190.710583435641,0.0080510910326003,0.0062264811668552,0.5536766438840444,0.3305078784468205,12.122418879056047,0.4266178736517719,0.0,1.7507082152974505,0.0037404502247774,0.4645892351274787,0.0,0.0,0.1578503095104108,0.558252427184466,0.1343981301129723,1.5,0.0,14.429190360805809,0.0153440585725748,0.0147427330437687,-12.21100754766285,-2977000000.0,12484000000.0,-9245000000.0,22823000000.0,432000000.0,579500000.0,251500000.0,15.075964160498636,28.003913894324857,14.677103718199607,5.969767441860465,3.2138364779874213,6.132,0.0207989629978788,0.428761651207947,2005-12-16,0.41,bmo,2441780487.0,2025-04-25,2005-11-30,0.048780487804878,51.90349206349207,2892360.3174603176
2005-08-31,CCL,USD,815097,2005-10-07,2005-10-07 09:02:20,2005,Q3,3607000000.0,1760000000.0,1847000000.0,0.5120598836,0,0.0,0.0,300000000.0,226000000.0,526000000.0,2286000000.0,0.0,0.0,226000000.0,1547000000.0,0.4288882728,1321000000.0,0.366232326,-95000000.0,1226000000.0,0.3398946493,45000000.0,1181000000.0,0.3274189077,1.46,1.4,808904110,843571429,https://www.sec.gov/Archives/edgar/data/815097/000116923205004831/0001169232-05-004831-index.htm,https://www.sec.gov/Archives/edgar/data/815097/000116923205004831/d65276_10q.txt,4.459119388081734,1.4599999992582555,1.274563928226301,0.6280101605615528,1.6973581701791576,21.12734969290736,15.532125309636516,21.12734969290736,11.97051650534944,39911328787.4,48455328787.4,8.448630141278578,11.064965008982536,38.71127913423861,78.5656078492126,2.335361544025746,2.335361544025746,13.433692483337955,31.32212591299289,46.99837903724539,95.38450548700789,0.0295905958503902,0.0127282156579155,0.5665886483323581,0.33661266773274,5.522947640594699,0.4992755123162906,0.0,0.895742832319722,0.0040339423640244,0.1363251481795089,0.0,0.0,0.1573385246471529,0.507274490785645,0.1449958414194621,2.314159292035398,0.0,26.34451436370401,0.046537194652244,0.0487211221122112,-12.17820490490523,-2419000000.0,12564000000.0,-9264000000.0,23541000000.0,426000000.0,1957000000.0,253000000.0,10.82894372054339,34.875,12.9375,8.311059907834101,2.5806451612903225,6.956521739130435,0.0691047396138092,0.6465537676647483,2005-09-19,1.35,bmo,3578296296.0,2025-04-25,2005-08-31,0.0074074074074074,51.46203125,2734125.0
2005-05-31,CCL,USD,815097,2005-07-07,2005-07-07 09:02:39,2005,Q2,2516000000.0,1488000000.0,1028000000.0,0.4085850556,0,0.0,0.0,342000000.0,224000000.0,566000000.0,2054000000.0,0.0,0.0,225000000.0,687000000.0,0.2730524642,462000000.0,0.1836248013,-74000000.0,388000000.0,0.1542130366,0.0,388000000.0,0.1542130366,0.48,0.47,808333333,825531915,https://www.sec.gov/Archives/edgar/data/815097/000116923205003467/0001169232-05-003467-index.htm,https://www.sec.gov/Archives/edgar/data/815097/000116923205003467/d64314_10-q.txt,3.112577320871166,0.4800000001979381,1.5068041243327028,0.8226804127103837,1.2668041242337336,19.868041245306408,14.2428866038115,19.868041245306408,9.590103096738186,42760833315.7,49791833315.7,27.552083321971647,16.99556173120032,35.10741651535304,64.30200498601504,2.6625674542777085,2.6625674542777085,19.79007683453895,72.47719551048034,40.87999451206896,74.87493731684211,0.0090737240113031,0.0155516146070015,0.4826899128268991,0.2738641984031654,10.234352256186318,0.3888477213782882,0.0,2.985294117647059,0.0028296922818754,0.3118556701030928,0.0,0.0,0.1606373207093902,0.4540229885057471,0.2197933227344992,2.457777777777778,0.0,14.648373477550116,0.0189694107986039,0.016330653647039,-13.338556706531364,-3299000000.0,11513000000.0,-10147000000.0,22497000000.0,375000000.0,2891000000.0,249000000.0,14.952305246422894,195.48387096774192,15.30241935483871,6.019138755980861,0.4603960396039604,5.881422924901186,0.024159402241594,0.6841237116223191,2005-06-16,0.45,bmo,2295088888.0,2025-04-25,2005-05-31,0.0888888888888888,51.41921875,2997360.9375
2005-02-28,CCL,USD,815097,2005-04-07,2005-04-07 09:01:41,2005,Q1,2396000000.0,1423000000.0,973000000.0,0.4060934891,0,0.0,0.0,334000000.0,221000000.0,555000000.0,1978000000.0,0.0,0.0,221000000.0,639000000.0,0.2666944908,418000000.0,0.174457429,-76000000.0,342000000.0,0.1427378965,-3000000.0,345000000.0,0.1439899833,0.43,0.42,802325581,821428571,https://www.sec.gov/Archives/edgar/data/815097/000116923205002020/0001169232-05-002020-index.htm,https://www.sec.gov/Archives/edgar/data/815097/000116923205002020/d63267_10-q.txt,2.986318842051229,0.430000000211884,0.6767826090291392,-0.0162028985587086,0.4000869567188834,19.963217401141296,14.196231891053216,19.963217401141296,9.67936232361012,43630465094.78,51075465094.78,31.616279054188407,18.20970997277963,80.35076444710866,-3356.1896226753847,2.724009808002747,2.724009808002747,21.316972076285477,79.93030531264476,94.06163000880296,-3928.881930367692,0.0079073188711269,-0.00029795694297,0.4848598364237997,0.2813870067756078,11.651017214397497,0.2586305550257486,0.0,1.5739130434782609,0.0027503717812615,0.3478260869565217,0.0,0.0,0.167651001847893,1.0239410681399632,0.2320534223706176,2.515837104072398,0.0,13.897630317835285,0.0173933369082484,0.0150182831272853,-13.572420296542932,-3887000000.0,11390000000.0,-10226000000.0,21968000000.0,370500000.0,1590500000.0,242500000.0,12.470784641068446,161.27898805340828,15.49543218552354,7.216867469879518,0.5580392156862745,5.808163265306122,0.021539614159955,0.6929855075878479,2005-03-21,0.4,bmo,2276200000.0,2025-04-25,2005-02-28,0.0499999999999999,55.20131147540984,3425888.524590164
2004-11-30,CCL,USD,815097,2005-02-14,2005-02-14 15:52:43,2004,Q4,2242000000.0,1341000000.0,901000000.0,0.4018733274,0,0.0,0.0,341000000.0,213000000.0,554000000.0,1895000000.0,0.0,0.0,213000000.0,560000000.0,0.2497769848,347000000.0,0.1547725245,-63000000.0,284000000.0,0.1266726137,-9000000.0,293000000.0,0.1306868867,0.37,0.35,802597403,827678571,https://www.sec.gov/Archives/edgar/data/815097/000116923205000926/0001169232-05-000926-index.htm,https://www.sec.gov/Archives/edgar/data/815097/000116923205000926/d61873_10k.txt,2.793430419310739,0.3650647247359708,0.7400970870073946,-0.1582362458753184,0.822330096674883,19.63624594484266,13.871213585274958,19.63624594484266,9.90907766493234,42545688333.03,49855688333.03,36.30178185412116,18.97666740991525,71.62573793439394,-335.0054199451181,2.699599513517132,2.699599513517132,22.23714912267172,89.02801488041071,83.93213524079124,-392.5644750632283,0.006886714294208,-0.0029850263323017,0.5046319796954315,0.2877768128528007,13.053571428571429,0.3432657926102503,0.0,2.027303754266212,0.0023504144348833,0.3412969283276451,0.0,0.0,0.1674265450861195,1.213804713804714,0.3215878679750223,3.384976525821596,0.0,12.700049850917544,0.0147542234946109,0.012734147507497,-13.442916659923457,-3306000000.0,11133000000.0,-10148000000.0,22144000000.0,421500000.0,679500000.0,231500000.0,16.418376449598572,42.348993288590606,16.107382550335572,5.481662591687042,2.125198098256736,5.5875,0.0185913705583756,0.898333332882713,2004-12-16,0.31,bmo,1880387096.0,2025-04-25,2004-11-30,0.1612903225806451,52.59859375,2367539.0625
2004-08-31,CCL,USD,815097,2004-10-07,2004-10-07 09:02:14,2004,Q3,3250000000.0,1574000000.0,1676000000.0,0.5156923077,0,0.0,0.0,306000000.0,210000000.0,516000000.0,2090000000.0,0.0,0.0,211000000.0,1371000000.0,0.4218461538,1160000000.0,0.3569230769,-75000000.0,1085000000.0,0.3338461538,60000000.0,1025000000.0,0.3153846154,1.28,1.22,800781250,840163934,https://www.sec.gov/Archives/edgar/data/815097/000116923204005103/0001169232-04-005103-index.htm,https://www.sec.gov/Archives/edgar/data/815097/000116923204005103/d60874_10q.txt,4.058536585365854,1.28,1.142634146341463,0.8716487804878049,0.7417756097560976,19.10883902439024,13.441873170731707,19.10883902439024,9.37959024390244,36667773437.5,43584773437.5,8.943359375,11.282391826923076,40.0740693306011,52.5326267012894,2.3962732608482558,2.3962732608482558,13.41069951923077,31.79049849562363,47.63363217213115,62.44236882163324,0.0279537016815898,0.0190357890475607,0.4908508691674291,0.2841201392041156,5.045222465353756,0.3611872146118721,0.0,0.8918128654970761,0.0027544623120395,0.0985365853658536,0.0,0.0,0.1716598577697079,0.2371584699453552,0.0667692307692307,1.028436018957346,0.0,23.4592106410774,0.04694565970793,0.0468079276646269,-12.616429268292682,-2798000000.0,10764000000.0,-9552000000.0,21639000000.0,429500000.0,719500000.0,217000000.0,12.01846153846154,41.62642947903431,12.750952986022872,7.488479262672811,2.162087912087912,7.058295964125561,0.0669847078813227,0.2709853658536585,2004-09-17,1.2,bmo,3163875000.0,2025-04-25,2004-08-31,0.025,46.0246875,2169442.1875
2004-05-31,CCL,USD,815097,2004-07-14,2004-07-14 09:01:12,2004,Q2,2253000000.0,1326000000.0,927000000.0,0.4114513981,0,0.0,0.0,322000000.0,200000000.0,522000000.0,1848000000.0,0.0,0.0,200000000.0,605000000.0,0.2685308478,405000000.0,0.1797603196,-73000000.0,332000000.0,0.1473590768,0.0,332000000.0,0.1473590768,0.41,0.4,809756098,830000000,https://www.sec.gov/Archives/edgar/data/815097/000116923204003639/0001169232-04-003639-index.htm,https://www.sec.gov/Archives/edgar/data/815097/000116923204003639/d60096_10q.txt,2.7823192755999475,0.4099999997777108,1.4387048184970876,-0.1481927710039918,0.5470783129564033,17.779427701203925,12.146867463293868,17.779427701203925,9.85481927176546,34293170750.300003,41830170750.3,25.82317074570783,15.221114403151356,29.43619806892704,-285.7764229191667,2.3819664340001387,2.3819664340001387,18.566431757789616,69.14077809966943,35.90572596592275,-348.58475625250003,0.0096812278577971,-0.0034992389847459,0.5542821421129402,0.3022383820020452,12.457851239669422,0.302713987473904,0.0,3.509036144578314,0.0028868721624154,0.2981927710843373,0.0,0.0,0.1727455213422717,1.1030042918454936,0.5703506435863294,6.425,0.0,12.806842719994744,0.0176316935132781,0.015200073253365,-13.755685233505954,-3340000000.0,9836000000.0,-10556000000.0,21169000000.0,435000000.0,700000000.0,205500000.0,16.977363515312916,48.2579185520362,14.32126696832579,5.301176470588235,1.8649789029535864,6.28436018957346,0.0230603597971799,1.5868975895010795,2004-06-17,0.35,bmo,1869257142.0,2025-04-25,2004-05-31,0.1714285714285714,43.57225806451613,2374464.516129032
2004-02-29,CCL,USD,815097,2004-04-08,2004-04-08 08:30:58,2004,Q1,1981000000.0,1217000000.0,764000000.0,0.3856638062,0,0.0,0.0,316000000.0,188000000.0,504000000.0,1721000000.0,0.0,0.0,188000000.0,448000000.0,0.2261484099,260000000.0,0.131246845,-61000000.0,199000000.0,0.100454316,-4000000.0,203000000.0,0.1024734982,0.25,0.25,812000000,812000000,https://www.sec.gov/Archives/edgar/data/815097/000116923204002126/0001169232-04-002126-index.htm,https://www.sec.gov/Archives/edgar/data/815097/000116923204002126/d59187_10-q.txt,2.439655172413793,0.25,0.6674876847290641,-1.0110837438423643,0.6933497536945813,17.46551724137931,11.948275862068966,17.46551724137931,9.639162561576354,36743000000.0,44007000000.0,45.25,18.54770318021201,67.79151291512915,-44.75395858708892,2.590819348469892,2.590819348469892,22.214538112064613,98.22991071428572,81.19372693726937,-53.601705237515226,0.005524861878453,-0.022344392129113,0.5518967705542237,0.3068689720065867,16.214285714285715,0.451119297251346,0.0,2.669950738916256,0.0027216068366763,0.4926108374384236,0.0,0.0,0.1756449462871481,2.514760147601476,0.6880363452801616,7.25,0.0,9.911787653231814,0.0117580409918546,0.0096547132122134,-12.718288177339902,-1937000000.0,9702000000.0,-9732000000.0,21471000000.0,424000000.0,667000000.0,185500000.0,20.21706208985361,50.953163516844704,14.790468364831554,4.451685393258427,1.7663280116110305,6.085,0.0143139190523198,1.6785714285714286,2004-03-22,0.22,bmo,1710000000.0,2025-04-25,2004-02-29,0.1363636363636363,43.54112903225807,2736916.129032258
2003-11-30,CCL,USD,815097,2004-02-25,2004-02-25 08:37:28,2003,Q4,1816749000.0,1090934000.0,725815000.0,0.3995130863,0,0.0,0.0,283688000.0,168010000.0,451698000.0,1542632000.0,0.0,0.0,168010000.0,442127000.0,0.2433616311,274117000.0,0.1508832535,-59888000.0,214229000.0,0.117918876,9164000.0,205065000.0,0.1128747009,0.29,0.28,719393939,732716049,https://www.sec.gov/Archives/edgar/data/815097/000116923204001307/0001169232-04-001307-index.htm,https://www.sec.gov/Archives/edgar/data/815097/000116923204001307/d58480_10-k.txt,2.5253882490661352,0.2850524432900456,0.7472540020941155,-0.1139014322443436,1.4887531600401764,19.17308341403749,13.119376586796626,19.17308341403749,10.291996635795954,25394606046.7,31728606046.7,30.95921542766927,13.978048726984298,47.23962655412318,-309.9170862423724,1.841122746806351,1.841122746806351,17.46449622193269,71.76355673075835,59.02227811578027,-387.21754999633873,0.0080751400365452,-0.0032266694686782,0.5367940259551947,0.3023151361724715,14.326200390385567,0.6431372549019608,0.0,2.621461487820935,0.0033388980259852,0.4134786531099895,0.0,0.0,0.1778204238291617,1.1524266607139535,0.340999224438819,3.687340039283376,0.0,11.089184872340384,0.0121129716412181,0.0101839988081048,-12.843102365920824,-1183000000.0,9438000000.0,-8566000000.0,20694000000.0,375094000.0,642044000.0,165322000.0,19.96423281366881,53.2112850089923,14.107177886104935,4.508062034739454,1.691370542635659,6.379730994152046,0.01486732400493,0.8611554343384592,2003-12-18,0.27,bmo,1884036000.0,2025-04-25,2003-11-30,-0.037037037037037,35.555,2220848.203125
2003-08-31,CCL,USD,815097,2003-10-15,2003-10-15 08:31:58,2003,Q3,2524000000.0,1278000000.0,1246000000.0,0.4936608558,0,0.0,0.0,261000000.0,176000000.0,437000000.0,1715000000.0,0.0,0.0,176000000.0,985000000.0,0.3902535658,809000000.0,0.3205229794,-46000000.0,763000000.0,0.3022979398,29000000.0,734000000.0,0.2908082409,0.92,0.9,797826087,815555556,https://www.sec.gov/Archives/edgar/data/815097/000095014203001818/0000950142-03-001818-index.htm,https://www.sec.gov/Archives/edgar/data/815097/000095014203001818/form10q_083103.txt,3.1635967300728285,0.9199999999498638,0.9157045776067736,-0.6935759672646553,1.3148003269038255,17.007145067193072,12.475006974797004,17.007145067193072,8.775369863281997,27596804349.33,33610015349.33,9.399456522251365,10.933757666137083,37.77419142143222,-49.8719702420155,2.033851058677944,2.033851058677944,13.316170899100635,34.12184299424366,46.00500613809982,-60.73883280533403,0.0265972824501261,-0.0200513433727856,0.5159813612814863,0.2992355648786822,6.104782741116751,0.6612862971577042,0.0,0.9949772628533996,0.0030425624263281,0.1143937329700272,0.0,0.0,0.1545435603644311,1.757423282820471,0.5086870047543581,7.304081191475805,0.0,18.76293961168429,0.0372847716602981,0.0371060196327242,-10.577588446290047,-978509000.0,9952886000.0,-7917883000.0,20145488000.0,347121000.0,627435000.0,158711500.0,12.379920760697306,45.00619718309859,11.242535211267606,7.269836515086927,1.9997246075657813,8.005311818796823,0.0540949110691453,1.609280544871429,2003-09-18,0.88,bmo,2466382272.0,2025-04-25,2003-08-31,0.0227272727272727,33.827968828125,2417454.6875
2003-05-31,CCL,USD,815097,2003-07-15,2003-07-15 08:37:16,2003,Q2,1342000000.0,827000000.0,515000000.0,0.3837555887,0,0.0,0.0,212000000.0,135000000.0,347000000.0,1174000000.0,0.0,0.0,135000000.0,303000000.0,0.2257824143,168000000.0,0.1251862891,-44000000.0,124000000.0,0.0923994039,-4000000.0,128000000.0,0.0953800298,0.19,0.19,673684211,673684211,https://www.sec.gov/Archives/edgar/data/815097/000081509703000028/0000815097-03-000028-index.htm,https://www.sec.gov/Archives/edgar/data/815097/000081509703000028/form10q_may03.txt,1.992031248599353,0.1899999998664062,0.7333495307343636,-0.0094717968683401,2.1509068734876435,19.28733936143859,13.870504677747302,19.28733936143859,10.470993508262582,20614736856.6,26287846856.6,40.26315792304688,15.361204811177348,41.7263511021241,-3230.6436070521863,1.5865329803435175,1.5865329803435175,19.58855950566319,86.7585704838284,53.20931017880927,-4119.706449866792,0.0062091503224315,-0.0003095358453705,0.5428946580987405,0.3019305141596077,18.723135313531355,0.7825091305010347,0.0,3.865925896944325,0.0029897058802508,0.4815,0.0,0.0,0.1561941261709254,1.012915801362626,0.3728964232488823,3.714433104472073,0.0,9.080384116994994,0.0084781976893432,0.006492772301671,-12.738426787918293,-707938000.0,9344340000.0,-7822803000.0,19649910000.0,228593000.0,460360000.0,126594500.0,23.274858420268256,67.01376058041113,17.17062877871826,3.866833403447302,1.3430077527436657,5.241508692538297,0.0098510217664482,0.7428213276027038,2003-06-26,0.22,bmo,1516609090.0,2025-04-25,2003-05-31,-0.1363636363636363,29.02619042857143,3295576.1904761903
2003-02-28,CCL,USD,815097,2003-04-14,2003-04-14 16:52:55,2003,Q1,1035000000.0,620000000.0,415000000.0,0.4009661836,0,0.0,0.0,177000000.0,106000000.0,283000000.0,903000000.0,0.0,0.0,106000000.0,238000000.0,0.2299516908,132000000.0,0.1275362319,-10000000.0,122000000.0,0.1178743961,-5000000.0,127000000.0,0.122705314,0.22,0.22,577272727,577272727,https://www.sec.gov/Archives/edgar/data/815097/000081509703000011/0000815097-03-000011-index.htm,https://www.sec.gov/Archives/edgar/data/815097/000081509703000011/feb-10q_1q03.txt,1.7929133866738174,0.220000000103937,0.2958930710059337,0.1016400000480189,1.334714016378605,13.05627591168013,11.832434966220047,13.05627591168013,5.734490553890311,13259953961.917274,15837399961.917274,26.102271578577312,12.811549721659205,77.62939132677212,225.99369332101568,1.7593071068183437,1.7593071068183437,15.301835711997366,66.54369731898015,92.718852778318,269.92194092642865,0.0095777104780865,0.0044249022408759,0.4392133402113723,0.2649750846826229,10.829605042016809,0.7351496979706587,0.0,1.3462511526730192,0.0046465470526483,0.4851417322834646,0.0,0.0,0.0565503343520808,0.656497532360328,0.1083449275362318,1.0530976775635548,0.0,8.039189374144001,0.0124278416966908,0.0107749222254235,-7.024908349775547,-440512000.0,6830542000.0,-3733349000.0,10504810000.0,109066000.0,286969000.0,93360000.0,9.576695652173912,44.265193548387096,13.84983870967742,9.397813532851488,2.0332001915143407,6.498270621528142,0.0168501341111461,0.1942530709579148,2003-03-21,0.18,bmo,801970555.0,2025-04-25,2003-02-28,0.2222222222222222,23.746721393442623,3160647.5409836066
2002-11-30,CCL,USD,815097,2003-02-18,2003-02-18 08:28:08,2002,Q4,1035681000.0,578056000.0,457625000.0,0.441859028,0,0.0,0.0,169301000.0,100912000.0,270213000.0,848269000.0,0.0,0.0,100912000.0,288324000.0,0.27839074,187412000.0,0.1809553328,-16166000.0,171246000.0,0.1653462794,-20090000.0,191336000.0,0.1847441442,0.32,0.32,590697674,604761905,https://www.sec.gov/Archives/edgar/data/815097/000081509703000005/0000815097-03-000005-index.htm,https://www.sec.gov/Archives/edgar/data/815097/000081509703000005/nov02_10k.txt,1.7533182295889658,0.3239152758200974,0.5088982287070932,-1.1231007488273943,1.194697441791518,12.557867292363843,11.40489847264914,12.557867292363843,5.350640673083131,16569069165.002323,19062980165.002327,21.649178885576063,15.998236102624578,55.11907375127601,-24.97549665894748,2.2336594540266064,2.2336594540266064,18.406227559453463,66.11652226315647,63.41537953461295,-28.73470999965681,0.0115477820808513,-0.0400392438098623,0.4260787718577609,0.2562342884160388,8.649682301854858,0.698942959835931,0.0,1.5710843751306602,0.0037184345955979,0.3220042229376594,0.0,0.0,0.0552139758836104,3.206926032501123,0.9308059141762764,9.553056128111622,0.0,9.56676087156253,0.0192750949216445,0.0164183469208992,-6.91484862694753,-487654000.0,6736847000.0,-3784793000.0,10308806000.0,118645500.0,293156500.0,91176000.0,9.385129204842032,41.88175540086082,14.216442697593314,9.589638888888889,2.148907063197026,6.330697623480451,0.0257938126179325,1.6319989775344874,2002-12-19,0.3,bmo,932112899.0,2025-04-25,2002-11-30,0.1,26.374999953125,2715681.25
2002-08-31,CCL,USD,815097,2002-10-15,2002-10-15 13:22:17,2002,Q3,1440587000.0,685668000.0,754919000.0,0.5240356882,0,0.0,0.0,147407000.0,119088000.0,266495000.0,952163000.0,0.0,0.0,-463774000.0,-78156000.0,-0.0542528844,488424000.0,0.3390451254,-16333000.0,472091000.0,0.3277073859,-28673000.0,500764000.0,0.347611078,0.85,0.85,586672000,587917000,https://www.sec.gov/Archives/edgar/data/815097/000081509702000037/0000815097-02-000037-index.htm,https://www.sec.gov/Archives/edgar/data/815097/000081509702000037/aug-10q_3q02.txt,2.4555236997845475,0.8535672402978155,0.786834892410069,0.0571102762702157,2.29670241634167,12.428926214307143,11.27260718084381,12.428926214307143,5.233227425205225,14355863253.328,16125609253.328,7.166980480489812,9.965287242858642,31.099280466640963,428.469280803701,1.968794293092848,1.968794293092848,11.193776740542573,-206.32592831424333,34.933102664407926,481.289635974571,0.0348821935096039,0.002333889603764,0.4210522562424718,0.2517223890156715,-22.6437637545422,1.1943184703410814,0.0,0.9218194598653258,0.0042903724362045,0.1229960620172376,0.0,0.0,0.0556198624515669,0.9274177126343656,0.2971767758559531,4.320492895204263,0.0,15.449944841123374,0.0483564662994383,0.0434753543522149,-5.821172222297979,293123000.0,6613323000.0,-3103429000.0,10223325000.0,120651000.0,297130500.0,90102500.0,8.07739483974241,41.65014263462784,11.950069129666254,11.14220634073524,2.1608569456656364,7.531337185035478,0.0686758635122686,0.7297246161398533,2002-09-20,0.77,bmo,1288288246.0,2025-04-25,2002-08-31,0.1038961038961038,25.49140625,2334485.9375
2002-05-31,CCL,USD,815097,2002-07-12,2002-07-11 17:39:27,2002,Q2,989157000.0,533455000.0,455702000.0,0.4606973413,0,0.0,0.0,142702000.0,92589000.0,235291000.0,768746000.0,0.0,0.0,272097000.0,492508000.0,0.4979068035,220411000.0,0.2228271144,-32346000.0,188065000.0,0.1901265421,-6136000.0,194201000.0,0.1963298041,0.33,0.33,588487879,588487879,https://www.sec.gov/Archives/edgar/data/815097/000081509702000028/0000815097-02-000028-index.htm,https://www.sec.gov/Archives/edgar/data/815097/000081509702000028/may-10q_2q02.txt,1.6808451546714014,0.329999999881051,0.8358880744254038,0.5793628249053537,2.549724562806161,11.61381949210886,10.48259823206996,11.61381949210886,5.293692718520716,17890031521.6,19708203521.6,23.030303038604337,18.086139532551453,36.36850546156817,52.47143705667726,2.6175712495493517,2.6175712495493517,19.924242078456704,40.01600689044645,40.06465313085727,57.80413295165245,0.0108552631539819,0.0190579876613603,0.455809798156203,0.2583915326694706,3.6916598309063,1.1948503580647971,0.0,2.532994165838487,0.0034416932091852,0.3170529502937678,0.0,0.0,0.0552162754266216,0.3068894716513183,0.1526168242250724,1.630452861571029,0.0,9.286151500908524,0.0218479942001777,0.0170490853985343,-6.10504545328112,324193000.0,6168882000.0,-3233819000.0,9869512000.0,110566000.0,274116000.0,89766000.0,10.19149639541549,46.72431601540898,15.042824605636838,8.830891608859844,1.9261919205049325,5.982918923768828,0.0284144247381555,0.25652524952005,2002-07-22,0.3,bmo,906272727.0,2025-04-25,2002-05-31,0.1,31.041875203125,1638537.5
2002-02-28,CCL,USD,815097,2002-04-11,2002-04-11 00:00:00,2002,Q1,906531000.0,519562000.0,386969000.0,0.4268679174,0,0.0,0.0,151403000.0,89754000.0,241157000.0,760719000.0,0.0,0.0,-89754000.0,-283996000.0,-0.3132777588,145812000.0,0.1608461266,-17833000.0,127979000.0,0.1411744331,-1661000.0,129640000.0,0.1430066925,0.22,0.22,586398000,586398000,https://www.sec.gov/Archives/edgar/data/815097/000081509702000018/0000815097-02-000018-index.htm,https://www.sec.gov/Archives/edgar/data/815097/000081509702000018/feb-10q_1q02.txt,1.5459312617028025,0.2210785166388698,0.366479762891415,-0.3896500329127998,2.047919672304476,11.358324891967571,10.258725302610172,11.358324891967571,5.084045307112234,16002802006.398,17822430006.398003,30.86007792039108,17.652790700370975,74.46523318147257,-70.0372095338877,2.402643106229428,2.402643106229428,19.66003369592215,-62.755919119980575,82.93243931633343,-78.00091910542257,0.0081010812948988,-0.0142781245377308,0.4476052019525864,0.2544960608808578,-6.407231087761799,1.1534125809410676,0.0,1.6576905276149336,0.0038460764543229,0.4747608762727553,0.0,0.0,0.0550435228510226,2.0632238730962342,0.4891095836766752,4.940091806493304,0.0,7.5166040482998175,0.0143997380448889,0.0117113345736049,-6.354047506983312,226780000.0,6015696000.0,-3348906000.0,9647469000.0,100060500.0,270142000.0,91182500.0,10.8334850104409,46.99258221347981,15.653973924189993,8.307575993621759,1.9151958832809897,5.749338821941152,0.0194640071261927,0.7561297958042149,2002-03-21,0.16,bmo,849165000.0,2025-04-25,2002-02-28,0.375,28.10649975,1761268.3333333333
2001-11-30,CCL,USD,815097,2002-02-28,2002-02-28 00:00:00,2001,Q4,959102000.0,2424706000.0,-1465604000.0,-1.5281002438,0,0.0,0.0,161412000.0,-1746553000.0,-1585141000.0,839565000.0,0.0,0.0,91266000.0,293816000.0,0.3063448935,119537000.0,0.1246342933,-17177000.0,102360000.0,0.1067248322,-13952000.0,116312000.0,0.121271773,0.2,0.2,586075949,589808917,https://www.sec.gov/Archives/edgar/data/815097/000081509702000012/0000815097-02-000012-index.htm,https://www.sec.gov/Archives/edgar/data/815097/000081509702000012/nov-10k_fy2001.txt,1.6364807353662625,0.1984589202106978,0.2275933694730066,0.0343760907342744,2.487875509117676,11.245602231665712,10.13343579468401,11.245602231665712,6.149912833225647,15302443614.46595,17485459614.46595,32.89093905716081,15.954969976567613,114.722151442539,759.5395649211272,2.3217965976494046,2.3217965976494046,18.23107408228317,59.511597783871366,131.08818411438858,867.8939601164417,0.007600877541548,0.001316587109065,0.5468726980142099,0.3116962677211984,7.429874479265935,1.3234259309301195,0.0,1.1468034252699637,0.0040220373654451,0.5291543434899236,0.0,0.0,0.056367974131132,0.8489582942865497,0.1180687768349977,1.240768741919225,0.0,7.086273824115625,0.0126556546157421,0.0106593468428219,-5.80205177469243,478748000.0,5938963000.0,-3013787000.0,9520792000.0,102227500.0,284267000.0,94166500.0,8.53923774530759,9.98471567274548,3.414698524274696,10.539582417582418,9.013776951672863,26.35664594112788,0.017647691615116,0.1932172787387322,2001-12-20,0.18,bmo,852535111.0,2025-04-25,2001-11-30,0.1111111111111112,24.57578115625,1848196.875
2001-08-31,CCL,USD,815097,2001-09-28,2001-09-28 00:00:00,2001,Q3,1489918000.0,820767000.0,669151000.0,0.4491193475,0,0.0,0.0,146797000.0,97008000.0,243805000.0,1064572000.0,0.0,0.0,464908000.0,991643000.0,0.6655688434,425346000.0,0.2854828252,76005000.0,501351000.0,0.3364956998,6376000.0,494975000.0,0.3322162696,0.84,0.84,589255952,589255952,https://www.sec.gov/Archives/edgar/data/815097/000081509701500010/0000815097-01-500010-index.htm,https://www.sec.gov/Archives/edgar/data/815097/000081509701500010/aug-10q_3q01.txt,2.528473399280997,0.8400000005430577,0.7895889696503227,0.5828859239083256,1.9604995012422035,11.109630675397913,9.985604693561076,11.109630675397913,4.514727413394035,18431926767.815952,19937020767.815952,9.309524101124277,12.37110147525968,39.61554961165764,53.66401849312734,2.8155752350318024,2.8155752350318024,13.381287270719564,20.105038575188804,42.85043258283567,58.046055882236686,0.0268542191076994,0.0186344598872719,0.4063796129057487,0.2359325798971709,1.5177780713422069,0.94449734469162,0.0,0.9399868680236376,0.0033382836626412,0.1243113288549926,0.0,0.0,0.058739836424997,0.2617856298493348,0.0817501365846979,1.255576859640442,0.0,14.490411308888609,0.0431306490033007,0.0466365043580952,-5.839388195097943,-95535000.0,5884077000.0,-3103656000.0,8994650000.0,113599000.0,307200000.0,98482500.0,6.853363742165676,32.84496087196488,10.56369225370903,13.13223745097175,2.7401463606802565,8.519748383279529,0.0756100742757563,0.206703045741997,2001-09-20,0.81,bmo,1436689285.0,2025-04-25,2001-08-31,0.0370370370370369,29.404745796610168,2086159.3220338984
2001-05-31,CCL,USD,815097,2001-07-13,2001-07-13 00:00:00,2001,Q2,1079125000.0,601334000.0,477791000.0,0.4427577899,0,0.0,0.0,154564000.0,115320000.0,269884000.0,871218000.0,0.0,0.0,-92359000.0,-278107000.0,-0.2577152786,207907000.0,0.1926625738,-23858000.0,184049000.0,0.170553921,-2914000.0,186963000.0,0.1732542569,0.32,0.32,584150000,586388000,https://www.sec.gov/Archives/edgar/data/815097/000081509701500005/0000815097-01-500005-index.htm,https://www.sec.gov/Archives/edgar/data/815097/000081509701500005/may-10q_2q01.txt,1.847342292219464,0.3200599161174356,0.8100059916117436,0.0042232303346743,1.1411281348968587,10.3634169305829,9.190959513823504,10.3634169305829,4.852368398527776,16490554500.0,18658475500.0,22.05055880040436,15.281412718637783,34.851594052814555,6684.456627482773,2.7240050447736044,2.7240050447736044,17.290374609058265,-67.09099555207169,39.43333826466455,7563.224766923388,0.0113375811589598,0.000149600791168,0.4682208996347742,0.2507330674013336,-7.79527663812849,0.5464292774325521,0.0,2.5307948631547417,0.0037230403622873,0.3283804816995876,0.0,0.0,0.0605835790602212,0.9947861739562308,0.43618487200278,5.096395586786344,0.0,8.638898827604038,0.0219349068935066,0.0176047956290788,-7.616012582384662,-949905000.0,5368899000.0,-4106728000.0,8116295000.0,111386500.0,308834000.0,100972000.0,9.48626896791382,47.12512513844219,15.06071501029378,9.48739702663021,1.9098092521898204,5.975811901260086,0.0308836282725367,0.8057827612770693,2001-06-21,0.3,bmo,1011656250.0,2025-04-25,2001-05-31,0.0666666666666667,27.77539692063492,1624506.349206349
2001-02-28,CCL,USD,815097,2001-04-16,2001-04-16 00:00:00,2001,Q1,1007606000.0,600120000.0,407486000.0,0.4044100571,0,0.0,0.0,155891000.0,112654000.0,268545000.0,868665000.0,0.0,0.0,-91591000.0,-348525000.0,-0.3458941293,138941000.0,0.137892192,-16148000.0,122793000.0,0.1218660865,-5157000.0,127950000.0,0.1269841585,0.22,0.22,584608000,587133000,https://www.sec.gov/Archives/edgar/data/815097/000081509701000004/0000815097-01-000004-index.htm,https://www.sec.gov/Archives/edgar/data/815097/000081509701000004/0000815097-01-000004-0001.txt,1.7235583502107394,0.2188646067108216,0.2858565055558597,0.0791727106026602,0.227692744539931,10.165037084678964,8.956192867699382,10.165037084678964,4.037936531829875,19490830720.000004,21718329720.000004,38.0829048847206,19.343702518643205,116.631944181816,421.1046930971158,3.2798699820043957,3.2798699820043957,21.554387052081868,-62.31498377447817,129.96116255968985,469.2304141730583,0.0065646252762693,0.0023747063768044,0.3972377570482226,0.2295127488123597,-6.391217272792483,0.296266125275927,0.0,1.3060883157483392,0.0031487113546692,0.4796483001172333,0.0,0.0,0.0687096384348514,0.7230333784123413,0.1199169119675746,1.3192235044927996,0.0,7.075115121616857,0.0164219017739711,0.0133578866497449,-6.974258819585089,-1389987000.0,5235862000.0,-3757576000.0,7393047000.0,102195500.0,317748000.0,100883500.0,9.738627995466482,45.41121775644871,15.194361127774446,9.24154819774374,1.9818891552895952,5.923250029610328,0.0215311173867432,0.2066837949531994,2001-03-21,0.2,bmo,916000000.0,2025-04-25,2001-02-28,0.0999999999999999,30.46334680645161,1843046.7741935484
2000-11-30,CCL,USD,815097,2001-02-28,2001-02-28 00:00:00,2000,Q4,850326000.0,2053981000.0,-1203655000.0,-1.4155218116,0,0.0,0.0,126368000.0,-1538586000.0,-1412218000.0,641763000.0,0.0,0.0,76527000.0,247262000.0,0.290784946,208563000.0,0.2452741654,-17500000.0,191063000.0,0.2246938233,-2732000.0,193795000.0,0.2279067087,0.32,0.32,599378882,603125000,https://www.sec.gov/Archives/edgar/data/815097/000081509701000003/0000815097-01-000003-index.htm,https://www.sec.gov/Archives/edgar/data/815097/000081509701000003/0000815097-01-000003-0001.txt,1.418678611369561,0.3233263730502937,0.4635882383323608,0.176227430048161,0.3157969119105534,9.794500901351409,8.624314528318667,9.794500901351409,3.9162140517323065,13598408385.375,15756422385.375,17.542259069345185,15.99199411211112,48.93890337169129,128.73989023048085,2.316350800158655,2.316350800158655,18.52986076560637,63.7235903024929,56.70531511840282,149.17040515564202,0.0142513001895446,0.0077676002225084,0.3998380408737276,0.2387569522709056,8.727641125607654,0.320342751738186,0.0,1.433808921798808,0.0045129546238662,0.3166696767202456,0.0,0.0,0.0713418950863159,0.6198621632807298,0.2025552552785637,2.250682765559868,0.0,8.44117646872254,0.025291611089704,0.0212263285554606,-6.0890946604955625,-1165812000.0,5169232000.0,-3411221000.0,7536891000.0,102213500.0,280658500.0,96402000.0,10.093176028958306,14.577768733011649,4.40149641111578,8.916915720263,6.173784318322543,20.44759136295308,0.0330110105973528,0.2873608082841998,2000-12-21,0.36,bmo,826705833.0,2025-04-25,2000-11-30,0.0277777777777778,23.999007936507937,1348931.746031746
2000-08-31,CCL,USD,815097,2000-10-13,2000-10-13 00:00:00,2000,Q3,1228211000.0,614724000.0,613487000.0,0.499496422,0,0.0,0.0,119329000.0,73700000.0,193029000.0,807753000.0,0.0,0.0,-347032000.0,-120566000.0,-0.0981639148,420458000.0,0.342333687,-13151000.0,407307000.0,0.3316262434,11117000.0,396190000.0,0.322574867,0.67,0.67,591032000,592553000,https://www.sec.gov/Archives/edgar/data/815097/000081509700000004/0000815097-00-000004-index.htm,https://www.sec.gov/Archives/edgar/data/815097/000081509700000004/0000815097-00-000004-0001.txt,2.078078682710919,0.6703359547367994,0.6549442331379688,-0.1741530069437864,0.2463419916349707,9.761207514990728,8.99529467101612,9.761207514990728,2.5083701051719705,11792935375.0,13134321375.0,7.441464559302355,9.601717762664558,30.46538008953921,-114.5723829301467,2.044124660740701,2.044124660740701,10.693863981840254,-108.9388498830516,33.930661042695164,-127.60440469250948,0.0335955372773337,-0.0087281068476134,0.2569733407797911,0.1725439557178221,-11.125740258447657,0.3736721922795403,0.0,0.977038794517782,0.0053736409116886,0.1599510335949923,0.0,0.0,0.0526850609333846,1.265905092574653,0.3989729777701062,6.512106634063364,0.0,12.13358924952835,0.0556944425005878,0.0486750338565396,-4.31349233205647,-786384000.0,5316507000.0,-2353821000.0,6768520000.0,102892000.0,211623000.0,93522000.0,7.992063252975263,33.472045991371736,13.52114119507291,11.261172134304,2.688810837054889,6.656242894112807,0.0686734662394313,0.8290972400817553,2000-09-21,0.64,bmo,1173205970.0,2025-04-25,2000-08-31,0.046875,21.093005952380956,1891628.5714285716
2000-05-31,CCL,USD,815097,2000-07-17,2000-07-17 00:00:00,2000,Q2,875127000.0,497121000.0,378006000.0,0.4319441635,0,0.0,0.0,120827000.0,62760000.0,183587000.0,680708000.0,0.0,0.0,68288000.0,-239942000.0,-0.2741796334,194419000.0,0.2221608978,12076000.0,206495000.0,0.2359600378,2539000.0,203956000.0,0.2330587446,0.34,0.34,599870588,599870588,https://www.sec.gov/Archives/edgar/data/815097/000081509700000003/0000815097-00-000003-index.htm,https://www.sec.gov/Archives/edgar/data/815097/000081509700000003/0000815097-00-000003-0001.txt,1.4588596565764615,0.3400000001333621,0.7490232209884576,0.2499305733589325,0.5003595875582418,9.694749361507286,8.93572898426552,9.694749361507286,1.800241621447858,16271489699.5,17055834699.5,19.94485293335327,18.59328954483178,36.21383054614003,108.5301395321692,2.797906267458446,2.797906267458446,19.48955374419941,-71.08315634403314,37.95946892617017,113.76168709563385,0.0125345622168981,0.0092140303542463,0.1856924355977333,0.1294521068488861,-3.268894149419443,0.3979023151628592,0.0,2.203009472631352,0.0039835934629877,0.3178087430622291,0.0,0.0,0.0545797774057457,0.6663246661043317,0.3421114878183395,4.384240276476101,0.0,8.611900640661228,0.0274846964207034,0.0258602282784276,-3.511664085787783,-941859000.0,5360281000.0,-1904142000.0,6187570000.0,89503000.0,196072000.0,90725500.0,9.94669345135049,35.23502326395384,17.143089911711634,9.048233007299572,2.554276729882902,5.2499287155062255,0.0350705301865071,0.499092647629525,2000-06-20,0.31,bmo,847753125.0,2025-04-25,2000-05-31,0.032258064516129,24.27405753968254,2425628.571428572
2000-02-29,CCL,USD,815097,2000-04-14,2000-04-14 00:00:00,2000,Q1,824878000.0,11437000.0,813441000.0,0.9861349193,0,0.0,0.0,120879000.0,533044000.0,653923000.0,665360000.0,0.0,0.0,67604000.0,227122000.0,0.2753401109,159518000.0,0.1933837489,16751000.0,176269000.0,0.2136909943,4752000.0,171517000.0,0.2079301424,0.28,0.28,612560714,612560714,https://www.sec.gov/Archives/edgar/data/815097/000081509700000002/0000815097-00-000002-index.html,https://www.sec.gov/Archives/edgar/data/815097/000081509700000002/,1.3466061096435251,0.2800000001305993,0.2697855024375591,0.1178887224556813,0.9114476120321356,9.836776767241394,9.087714691412613,9.836776767241394,1.752451594536962,17649405572.125,18170124572.125,25.72544641657241,21.396382946478145,106.79780692318168,244.40420932402304,2.92905904868675,2.92905904868675,22.027650843064063,80.00160518190664,109.9487145838376,251.6149856277869,0.0097180043429275,0.0040915825581147,0.1781530308152368,0.1288281683440595,2.292684108100492,0.630322306255663,0.0,0.9635196511133008,0.0036700386160484,0.3776535270556271,0.0,0.0,0.0550658834206022,0.5630279559482029,0.1127997109875642,1.3763386781847229,0.0,7.872210214579257,0.0215924411078844,0.0217831811646356,-2.6832230053852264,-499795000.0,5566777000.0,-1454870000.0,6398522000.0,72594000.0,196710500.0,85389500.0,8.978200412667084,1554.331555477835,682.731485529422,10.024280575539567,0.0579027040162818,0.1318234209313047,0.028464608555829,0.1518967799818778,2000-03-17,0.28,bmo,824900000.0,2025-04-25,2000-02-29,0.0,35.48115079365079,3439938.095238095
1999-11-30,CCL,USD,815097,2000-02-28,2000-02-28 00:00:00,1999,Q4,783870000.0,434336000.0,349534000.0,0.4459081225,0,0.0,0.0,121035000.0,228499000.0,349534000.0,783870000.0,0.0,0.0,423558000.0,2016599000.0,2.5726191843,1593041000.0,2.0322770357,-1344823000.0,248218000.0,0.3166570988,-2822000.0,251040000.0,0.3202571855,0.41,0.41,611309524,618674699,https://www.sec.gov/Archives/edgar/data/815097/000081509700000001/0000815097-00-000001-index.html,https://www.sec.gov/Archives/edgar/data/815097/000081509700000001/,1.2822800385488513,0.4106593961719464,0.430590379612669,-0.2037592988654304,0.8908269520106479,9.702526735048872,8.946215927105365,9.702526735048872,2.86204930777424,26974032746.5,28201859746.5,26.8622856382449,34.411359978695444,102.47558257035833,-216.55453393143867,4.547784428215516,4.547784428215516,35.97772557503158,13.984862506874196,107.14015343015836,-226.41184767581888,0.0093067285251432,-0.0046177744785366,0.2949797909276076,0.211142052205101,0.6088602642369653,0.563476884333763,0.0,1.048534098151689,0.002049341324655,0.2201999681325685,0.0,0.0,0.0557953406533994,1.4732091298665777,0.4947044790590276,0.9155393122075371,0.0,9.46835570904685,0.2075284544677053,0.0320858280563112,-2.8158444002910707,-613277000.0,5468907000.0,-1563472000.0,6259590000.0,89250000.0,192750000.0,81609500.0,7.221860767729344,40.59299712664849,17.40981636336845,12.462162162162162,2.217131189382338,5.169497375593616,0.0423249950642756,0.6343496784780994,1999-12-17,0.39,bmo,763770769.0,2025-04-25,1999-11-30,0.0256410256410256,45.304931640625,1087929.6875
1999-08-31,CCL,USD,815097,1999-10-14,1999-10-14 00:00:00,1999,Q3,1169100000.0,579700000.0,589400000.0,0.5041484903,0,0.0,0.0,109900000.0,479500000.0,589400000.0,1169100000.0,0.0,0.0,-63100000.0,-100200000.0,-0.0857069541,-163300000.0,-0.1396800958,591700000.0,428400000.0,0.3664357198,13300000.0,415100000.0,0.3550594474,0.68,0.67,610441176,619552239,https://www.sec.gov/Archives/edgar/data/815097/000081509799000007/0000815097-99-000007-index.html,https://www.sec.gov/Archives/edgar/data/815097/000081509799000007/,1.915172249127572,0.6800000005242111,0.6767236815623984,0.0668369068209776,1.5398699120519357,9.406639371260235,8.747443996143536,9.164355584034194,1.995605879640072,27279090052.5,28013090052.5,16.429227928511203,23.333410360533744,66.03507637981119,668.6051483455882,4.87622938571403,4.87622938571403,23.96124373663502,-279.57175701097805,67.81188586903897,686.5953444240196,0.0152167832285138,0.0014956510617281,0.2177573601701732,0.1480626185035733,-7.325349301397206,0.9977152182782538,0.0,0.9951818838834016,0.0020198620956181,0.1327390990122862,0.0,0.0,0.0489085517040206,0.9012345679012346,0.3184500898126764,-5.9001584786053884,0.0,11.841226310809809,-0.0224893016797194,0.0530465674998722,-2.3247121193541505,-2800000.0,5339800000.0,-1262700000.0,6483000000.0,109400000.0,184850000.0,80100000.0,8.899153194765203,29.43591512851475,12.296015180265655,10.113321799307958,3.057489451476793,7.319444444444445,0.0742005255349194,0.6098867747414208,1999-09-16,0.64,bmo,1114298437.0,2025-04-25,1999-08-31,0.046875,45.66015625,1010746.875
1999-05-31,CCL,USD,815097,1999-07-14,1999-07-14 00:00:00,1999,Q2,796100000.0,432400000.0,363700000.0,0.4568521543,0,0.0,0.0,105500000.0,258200000.0,363700000.0,796100000.0,0.0,0.0,-58900000.0,-174200000.0,-0.2188167316,-233100000.0,-0.2928024118,433600000.0,200500000.0,0.2518527823,-2800000.0,203300000.0,0.2553699284,0.33,0.33,616060606,616060606,https://www.sec.gov/Archives/edgar/data/815097/000081509799000006/0000815097-99-000006-index.html,https://www.sec.gov/Archives/edgar/data/815097/000081509799000006/,1.2922429907813324,0.3300000000324643,0.721682243061651,0.6212051156538323,1.6189965569718638,8.734854895104265,8.07469257334724,8.509714708166229,2.06911460915584,25643522724.75,26535622724.75,31.534090905988688,32.2114341474061,57.677738922064776,67.0068532133525,4.891468330901287,4.891468330901287,33.33202201325211,-152.32848866102182,59.68426163911381,69.33792193558924,0.0079279279287078,0.0149238466223142,0.2431473533619456,0.1593514432512844,-5.121125143513203,0.9904195317932472,0.0,2.1869158878504678,0.0021525903672635,0.2715199212985735,0.0,0.0,0.0508419486705086,0.1392262708052181,0.0777540509986182,-1.0509337860780985,0.0,7.948876129010324,-0.0350743113427495,0.026776071437979,-2.4393703888282707,-12400000.0,4974500000.0,-1336200000.0,6165200000.0,88050000.0,168350000.0,79300000.0,11.666876020600428,37.48612395929696,16.85938945420907,7.714147286821706,2.400888395335925,5.338271604938272,0.0387792083929423,0.1004771274078187,1999-06-17,0.31,bmo,744738709.0,2025-04-25,1999-05-31,0.0645161290322581,45.55059523809524,1371863.492063492
1999-02-28,CCL,USD,815097,1999-04-13,1999-04-13 00:00:00,1999,Q1,748300000.0,416100000.0,332200000.0,0.4439395964,0,0.0,0.0,110800000.0,221400000.0,332200000.0,748300000.0,0.0,0.0,-57900000.0,-194700000.0,-0.2601897635,-252600000.0,-0.3375651477,405600000.0,153000000.0,0.2044634505,-4800000.0,157800000.0,0.2108779901,0.26,0.26,606923077,606923077,https://www.sec.gov/Archives/edgar/data/815097/000081509799000005/0000815097-99-000005-index.html,https://www.sec.gov/Archives/edgar/data/815097/,1.2329404307689555,0.2599999999670468,0.3440304182073472,0.2599999999670468,1.303789606932346,8.64640050587498,7.930988592150698,8.425944232138663,2.343460075748611,26856346157.25,27704346157.25,42.548076928469584,35.88981178304156,128.62234749640805,170.19230771387834,5.251636941913217,5.251636941913217,37.02304711646399,-142.29248154725218,132.68365017840037,175.56619871514576,0.0058757062139445,0.0058757062139445,0.2781243278124328,0.1816359108613754,-4.355418592706728,0.9108319423702012,0.0,1.32319391634981,0.0019958038850914,0.3396704689480355,0.0,0.0,0.0554498435604367,0.2442528735632184,0.0681544834959241,-0.8808290155440415,0.0,7.020810049542987,-0.0385454298602365,0.0213349918202344,-2.7977598222056077,-101500000.0,4813500000.0,-1546000000.0,6097200000.0,66868500.0,162573000.0,76524500.0,8.767873847387412,33.87166546503244,16.784426820475847,10.26474622770919,2.657088122605364,5.362113402061856,0.0308570758129803,0.0840304182403003,1999-03-18,0.24,bmo,685941666.0,2025-04-25,1999-02-28,0.0833333333333334,45.46823770491803,1191798.3606557378
1998-11-30,CCL,USD,815097,1999-02-25,1999-02-25 00:00:00,1998,Q4,728606000.0,409077000.0,319529000.0,0.4385484061,0,0.0,0.0,106869000.0,212660000.0,319529000.0,728606000.0,0.0,0.0,347368000.0,1716360000.0,2.3556764561,1368992000.0,1.8789194709,-1150492000.0,218500000.0,0.2998877308,-2085000.0,220585000.0,0.3027493597,0.37,0.37,596106935,597060714,https://www.sec.gov/Archives/edgar/data/815097/000081509799000003/0000815097-99-000003-index.html,https://www.sec.gov/Archives/edgar/data/815097/,1.222273986797352,0.3700426669251885,0.3588953381325785,0.2000094160957882,0.2402740038580494,7.41169032029463,6.67782199178743,7.189106095536365,3.8064026213685977,20565689257.5,22697439257.5,23.308123010970828,28.226077272901957,96.12830353136394,172.4918789997232,4.79892764712718,4.79892764712718,31.151869813726485,13.224171652508796,106.09254584229222,190.37163777919432,0.0107258744036286,0.005797374379588,0.5294681384284966,0.316049716665485,1.2420179915635414,0.3262045276549559,0.0,0.9698755581748532,0.0021714808310503,0.2024525693043498,0.0,0.0,0.060933879141529,0.4427082359540057,0.1299920670430932,0.2726589668593537,0.0,7.73667950926036,0.204742302292548,0.0327187204597426,-4.251891063807201,-764834000.0,3980696000.0,-2390884000.0,5440744000.0,67068500.0,164773000.0,74824500.0,7.514802238795728,37.08138076694608,16.599344377708842,11.976363068527377,2.427094087074152,5.421900886691673,0.0514726952151873,0.1588859220367902,1998-12-17,0.33,bmo,640290121.0,2025-04-25,1998-11-30,0.1212121212121211,33.6630859375,2011512.5
1998-08-31,CCL,USD,815097,1998-10-15,1998-10-15 00:00:00,1998,Q3,1061500000.0,540300000.0,521200000.0,0.4910032972,0,0.0,0.0,98800000.0,422400000.0,521200000.0,1061500000.0,0.0,0.0,-57400000.0,-117900000.0,-0.1110692416,-175300000.0,-0.1651436646,532800000.0,357500000.0,0.3367875648,12700000.0,344800000.0,0.3248233632,0.58,0.58,594482759,594482759,https://www.sec.gov/Archives/edgar/data/815097/000081509798000009/0000815097-98-000009-index.html,https://www.sec.gov/Archives/edgar/data/815097/,1.7855858457284546,0.5799999996299304,0.4794083523623265,0.2987470995773655,0.2464327144599327,7.1258584641308325,6.386223893837096,6.904153127845378,2.4345533627157723,17165689666.125,18487889666.125,12.446120697596433,16.17116313341969,60.230490056578944,96.6536580299831,4.18226529239962,4.18226529239962,17.416758988341968,-156.80992083227312,64.86978830219299,104.09847784980292,0.0200865800737638,0.0103462198987832,0.3526215768443621,0.2130795165113437,-11.214588634435962,0.339239833436697,0.0,0.8265661252900232,0.0025982061232304,0.1293503480278422,0.0,0.0,0.0647350676501332,0.3768421052631578,0.1011775788977861,-1.8710801393728225,0.0,9.492059748068082,-0.0294756902790375,0.0542769889494065,-3.898388918626318,-745800000.0,3796500000.0,-2173200000.0,5175500000.0,69900000.0,174450000.0,75200000.0,6.214790390956194,26.81843420322043,12.359800111049418,14.481582537517053,3.355900621118012,7.281671159029649,0.0840074066855082,0.1806612527849609,1998-09-16,0.56,bmo,1004633928.0,2025-04-25,1998-08-31,0.0535714285714284,34.4091796875,1222643.75
1998-05-31,CCL,USD,815097,1998-07-15,1998-07-15 00:00:00,1998,Q2,661400000.0,362400000.0,299000000.0,0.4520713638,0,0.0,0.0,85000000.0,214000000.0,299000000.0,661400000.0,0.0,0.0,-46300000.0,214000000.0,0.3235560931,167700000.0,0.2535530692,-9700000.0,158000000.0,0.238887209,-2600000.0,160600000.0,0.2428182643,0.14,0.14,594777972,594777972,https://www.sec.gov/Archives/edgar/data/815097/000081509798000007/0000815097-98-000007-index.html,https://www.sec.gov/Archives/edgar/data/815097/,1.1120115927897882,0.2700167248292107,0.6367081799054926,-0.3495421985802796,0.2185689553412041,6.582288155083188,5.904556263559808,6.375320167371632,2.71613959502858,19943648873.625,21438548873.625,31.04553062519458,30.153687441223163,52.6634509469897,-95.92904701118326,5.259539775211636,5.259539775211636,32.41389306565618,100.1801349234813,56.61090275580935,-103.11952320165943,0.0080526889045058,-0.0104243712530931,0.4260397162372425,0.2406954915223934,6.985514018691589,0.3088247388765524,0.0,2.358032378580324,0.0022363009037419,0.2777085927770859,0.0,0.0,0.0600584046008522,1.5489833641404809,0.8869065618385243,-12.669546436285096,0.0,6.223541524321528,0.0306891149814857,0.025456908713364,-4.335777586598315,-840400000.0,3511900000.0,-2421300000.0,5032500000.0,63900000.0,143700000.0,66100000.0,9.0489869972785,46.66390728476821,18.92384105960265,9.945864661654136,1.92868547099521,4.755905511811024,0.0423534375906537,0.986250378485772,1998-06-22,0.25,bmo,608488000.0,2025-04-25,1998-05-31,0.08,35.32440476190476,1229628.5714285714
1998-02-28,CCL,USD,815097,1998-04-14,1998-04-14 00:00:00,1998,Q1,557800000.0,307600000.0,250200000.0,0.4485478666,0,0.0,0.0,78800000.0,171400000.0,250200000.0,557800000.0,0.0,0.0,-43000000.0,-136200000.0,-0.2441735389,-179200000.0,-0.3212621011,284800000.0,105600000.0,0.1893151667,-4300000.0,109900000.0,0.1970240229,0.09,0.09,594777972,594777972,https://www.sec.gov/Archives/edgar/data/815097/000081509798000006/0000815097-98-000006-index.html,https://www.sec.gov/Archives/edgar/data/815097/,0.9378289483794132,0.184774832246141,0.3601343864160456,-0.2479916993294432,0.2081448974710852,6.182475096774431,5.827888999224739,6.182475096774431,2.085988483783324,17508776550.75,18635376550.75,39.82888205357143,31.388986286751525,81.74032003151261,-118.7035698355932,4.761442551601762,4.761442551601762,33.40870661661886,-136.82361637848751,86.99989052637721,-126.34153593728814,0.0062768520508243,-0.0084243464740362,0.3374034591537039,0.2169169711698166,-8.27165932452276,0.39388099253192,0.0,1.9490445859872607,0.002547293916895,0.4058234758871701,0.0,0.0,0.0368725632463241,1.688608776844071,0.6484403011832198,-8.411627906976744,0.0,5.069835349854067,-0.0377493663867236,0.019949898344467,-3.1015355087831,-503200000.0,3466300000.0,-1715500000.0,4355700000.0,59195000.0,103141500.0,55485000.0,9.890641807099318,29.112483745123537,16.38491547464239,9.099510603588907,3.091457286432161,5.492857142857143,0.0298868704449037,0.6081260857454889,1998-03-20,0.17,bmo,492176470.0,2025-04-25,1998-02-28,0.1176470588235293,29.34784836065574,842262.2950819673
1997-11-30,CCL,USD,815097,1998-02-27,1998-02-27 00:00:00,1997,Q4,524368000.0,299969000.0,224399000.0,0.4279418271,0,0.0,0.0,74833000.0,149566000.0,224399000.0,524368000.0,0.0,0.0,293187000.0,1424066000.0,2.7157759436,1130879000.0,2.1566514356,-977896000.0,152983000.0,0.2917473988,-2367000.0,155350000.0,0.2962614042,0.26,0.13,597354260,1201647059,https://www.sec.gov/Archives/edgar/data/815097/000081509798000005/0000815097-98-000005-index.html,https://www.sec.gov/Archives/edgar/data/815097/,0.8778174612833597,0.2600634337151961,0.2822110953054892,-0.2848845507521784,0.2506502590271977,6.035108881620766,5.6791944532211085,6.035108881620766,1.7994581640716851,15568545401.25,16503470401.25,25.05398358746379,29.690113434172183,92.3510819862973,-91.48442739765068,4.3184804965773465,4.3184804965773465,31.47306929723019,11.58897860158869,97.89696524647051,-96.97826616552176,0.0099784530921897,-0.0109308220912106,0.2981649874705209,0.1980760212096503,0.6565180265521401,0.4274355014742884,0.0,1.0851625362085613,0.0020975626918477,0.2102092050209205,0.0,0.0,0.039177411998839,2.009473247123028,0.6460291245842614,1.1554298110079917,0.0,5.942558423649355,0.244322232760283,0.0297938232906956,-2.681235587070226,-450117000.0,3392491000.0,-1485652000.0,4089903000.0,53445000.0,109391500.0,54685000.0,9.798652854483874,32.038210615096894,16.49270424610543,9.18493606586092,2.809145650524896,5.456958340913225,0.0430917550646334,0.5670956460576677,1997-12-19,0.25,bmo,503393280.0,2025-04-25,1997-11-30,0.04,25.060546875,624775.0
1997-08-31,CCL,USD,815097,1997-10-15,1997-10-15 00:00:00,1997,Q3,805400000.0,388100000.0,417300000.0,0.5181276384,0,0.0,0.0,65500000.0,351800000.0,417300000.0,805400000.0,0.0,0.0,-43200000.0,351800000.0,0.4368015893,308600000.0,0.3831636454,4200000.0,312800000.0,0.3883784455,14900000.0,297900000.0,0.3698783213,0.25,0.25,1191600000,1191600000,https://www.sec.gov/Archives/edgar/data/815097/000081509797000010/0000815097-97-000010-index.html,https://www.sec.gov/Archives/edgar/data/815097/,0.6758979523329977,0.25,0.2283484390735146,0.1655756965424639,0.1894091977173548,2.933199060087277,2.7532729103726084,2.933199060087277,0.829640819066801,25991775000.0,26764975000.0,21.8125,32.271883536131114,95.5228776185226,131.73732894069946,7.436419947356375,7.436419947356375,33.23190340203625,76.08008811824901,98.36447997059904,135.6562341611759,0.0114613180515759,0.0075908628787376,0.282845044632639,0.1885993361059178,2.197839681637294,0.5439161966156325,0.0,0.9133937562940584,0.0012580902997198,0.1097683786505538,0.0,0.0,0.0409019802357968,0.274898934215362,0.0928731065309163,-1.7314814814814814,0.0,4.061926231849975,0.0644616638384442,0.0592552810597923,-1.22218026183283,-339600000.0,3280800000.0,-1341600000.0,4006500000.0,49550000.0,110050000.0,54650000.0,5.564936677427366,25.97268745168771,12.615305333676888,16.17269076305221,3.465178571428571,7.134191176470588,0.0852311741817349,0.0627727425310506,1997-09-18,0.5,bmo,805400000.0,2025-04-25,1997-08-31,0.0,22.04345703125,779012.5
1997-05-31,CCL,USD,815097,1997-07-15,1997-07-15 00:00:00,1997,Q2,596600000.0,337700000.0,258900000.0,0.4339591016,0,0.0,0.0,76700000.0,182200000.0,258900000.0,596600000.0,0.0,0.0,-42000000.0,-155500000.0,-0.2606436473,-197500000.0,-0.3310425746,322600000.0,125100000.0,0.2096882333,-2300000.0,127400000.0,0.2135434127,0.11,0.11,1213333333,1213333333,https://www.sec.gov/Archives/edgar/data/815097/000081509797000008/0000815097-97-000008-index.html,https://www.sec.gov/Archives/edgar/data/815097/,0.49170329683838,0.1050000000288461,0.1996978022526642,0.1817307692806952,0.087362637386638,2.662335165566576,2.48423076991325,2.662335165566576,0.8235164837427243,23053333327.0,23958933327.0,45.23809522566719,38.64118894904458,95.14376115146511,104.55026452154196,7.136592058632325,7.136592058632325,40.15912391384512,-154.07674165273312,98.88127662814692,108.657294,0.0055263157909919,0.0095647773305629,0.3093211156858496,0.197069206950279,-5.823794212218649,0.3713723561239547,0.0,1.901883830455259,0.0014184499714712,0.2566718995290424,0.0,0.0,0.0426207522237342,0.0899711101939744,0.0365403955749245,-0.5190476190476191,0.0,2.507940754957938,-0.0465667473430035,0.0262453133369041,-1.37602335202638,-511200000.0,3014200000.0,-1538000000.0,3809000000.0,46100000.0,109050000.0,54300000.0,7.437143814951392,28.80959431448031,14.631329582469649,12.101419878296149,3.123959296947271,6.151183970856102,0.0394390613874872,0.0179670329719689,1997-06-19,0.21,bmo,569481818.0,2025-04-25,1997-05-31,0.0476190476190476,19.14697265625,799900.0
1997-02-28,CCL,USD,815097,1997-04-14,1997-04-14 00:00:00,1997,Q1,521100000.0,296900000.0,224200000.0,0.4302437152,0,0.0,0.0,79500000.0,144700000.0,224200000.0,521100000.0,0.0,0.0,-40700000.0,-152200000.0,-0.2920744579,-192900000.0,-0.3701784686,274300000.0,81400000.0,0.1562080215,-4000000.0,85400000.0,0.1638840913,0.07,0.07,594072188,594072188,https://www.sec.gov/Archives/edgar/data/815097/000081509797000004/0000815097-97-000004-index.html,https://www.sec.gov/Archives/edgar/data/815097/,0.8771661264842784,0.1437535735976921,0.3275696185258886,0.2227002082783919,0.1705179977218526,5.301207603409975,4.934585491822418,5.301207603409975,1.990667167876238,10470522313.5,11564222313.5,30.651411924765807,20.09311516695452,53.80535618448099,79.14226994331065,3.324714162988601,3.324714162988601,22.19194456630205,-75.98043569973719,59.425602844296,87.40908778155706,0.0081562311261101,0.0126354728101215,0.3755120185438034,0.2324749361116571,-7.185939553219448,0.3872911531087373,0.0,2.278688524590164,0.0030944015045195,0.3793911007025761,0.0,0.0,0.042815018675054,0.3201438848920863,0.1195547879485703,-1.5307125307125309,0.0,4.140835615054336,-0.0457540051273095,0.0175388154111558,-2.991850209288033,-447400000.0,2931500000.0,-1654900000.0,3892900000.0,40504500.0,97374000.0,53490500.0,7.409326424870466,33.34456045806669,16.278208150892556,12.146853146853148,2.699090909090909,5.528864059590316,0.027117137141587,0.1048694102474967,1997-03-20,0.14,bmo,521100000.0,2025-04-25,1997-02-28,0.0,17.46106557377049,862308.1967213114
1996-11-30,CCL,USD,815097,1997-02-28,1997-02-28 00:00:00,1996,Q4,474972000.0,278869000.0,196103000.0,0.4128727588,0,0.0,0.0,65655000.0,130448000.0,196103000.0,474972000.0,0.0,0.0,252587000.0,1308048000.0,2.7539476011,1055461000.0,2.222154148,-942614000.0,112847000.0,0.2375866367,-1955000.0,114802000.0,0.2417026688,0.2,0.1,580822564,1143037975,https://www.sec.gov/Archives/edgar/data/815097/000081509797000001/0000815097-97-000001-index.html,https://www.sec.gov/Archives/edgar/data/815097/,0.817757486432638,0.1976541668928688,0.1469002846797115,-0.5206099396648096,0.2136883235824151,5.218261458588926,4.840195912223548,5.218261458588926,2.3811075631696705,9184256793.25,10455628793.25,20.000210783022077,19.336417290387644,107.64104395356468,-30.37302747270009,3.0302237872680053,3.0302237872680053,22.013147708180693,7.993306662484863,122.54173895960058,-34.577550228684245,0.0124998682619996,-0.0329239487535057,0.4563028476180547,0.2710763152777952,0.9719612735924064,0.4389837976165687,0.0,0.7432187592550652,0.0028828679985798,0.2306318705249037,0.0,0.0,0.0430407331560394,4.543968214901023,0.8162691695510472,1.5349364773325629,0.0,4.817338500416763,0.2383181871836948,0.0235139224369503,-3.256875450864888,-371809000.0,2811295000.0,-1780071000.0,3946818000.0,39554500.0,110524000.0,52290500.0,7.221078295141608,27.35090669812708,17.1954932244172,12.463512556089112,3.290567329022514,5.233929543364426,0.0378773981452276,0.6675102243445211,1996-12-19,0.19,bmo,449973473.0,2025-04-25,1996-11-30,0.0526315789473684,15.4453125,962100.0
1996-08-31,CCL,USD,815097,1996-10-11,1996-10-11 00:00:00,1996,Q3,772000000.0,396200000.0,375800000.0,0.4867875648,0,0.0,0.0,69000000.0,306800000.0,375800000.0,772000000.0,0.0,0.0,-39700000.0,-89400000.0,-0.1158031088,-129100000.0,-0.1672279793,413200000.0,284100000.0,0.3680051813,16000000.0,268100000.0,0.3472797927,0.23,0.23,1165652174,1165652174,https://www.sec.gov/Archives/edgar/data/815097/000081509796000007/0000815097-96-000007-index.html,https://www.sec.gov/Archives/edgar/data/815097/,0.6622901901781209,0.2299999999828422,0.1947407683554837,0.1450690040921246,0.0898209623207891,2.5197911225274305,2.329940320602019,2.5197911225274305,0.9711301752352756,16464836957.75,17511036957.75,15.353260870710557,21.327509012629537,72.53232139977975,97.36745687610882,5.605623368429117,5.605623368429117,22.68269035977979,-195.87289661912752,77.14113197246697,103.55432854967476,0.0162831858394932,0.0102703719711238,0.3854010622361433,0.2406923093278901,-11.702460850111857,0.3823955916473318,0.0,0.8463832960477256,0.0015912699328411,0.0977247295785154,0.0,0.0,0.0470540707193127,0.2550660792951542,0.075,-1.4584382871536523,0.0,3.611082809644039,-0.0298162801423736,0.0598197152929626,-1.3767400222770056,-425900000.0,2715900000.0,-1502200000.0,3578900000.0,38200000.0,121000000.0,51700000.0,4.77979274611399,30.961635537607272,11.653205451792024,18.82926829268293,2.9068231841526044,7.723196881091618,0.0912774070543374,0.049671764263359,1996-09-19,0.43,bmo,,2025-04-25,1996-08-31,0.0,14.1943359375,785284.375
1996-05-31,CCL,USD,815097,1996-07-02,1996-07-02 00:00:00,1996,Q2,516800000.0,302500000.0,214300000.0,0.4146671827,0,0.0,0.0,69000000.0,145300000.0,214300000.0,516800000.0,0.0,0.0,-35100000.0,145300000.0,0.2811532508,110200000.0,0.2132352941,-5400000.0,104800000.0,0.2027863777,-1500000.0,106300000.0,0.2056888545,0.095,0.095,1118947368,1118947368,https://www.sec.gov/Archives/edgar/data/815097/000081509796000005/0000815097-96-000005-index.html,https://www.sec.gov/Archives/edgar/data/815097/,0.4618626530430339,0.0950000000357478,0.2335230480652955,0.0522812794176034,0.1030432737923022,2.345329257702852,2.145945438248709,2.345329257702852,1.2748588904138698,16714276309.5,18051576309.5,39.30921051152399,32.34186592395511,63.96584886911596,285.71412494871794,6.369041767137904,6.369041767137904,34.92952072271672,124.23658850309704,69.08372104668963,308.573954008547,0.0063598326383764,0.0035000019693793,0.543573524368403,0.2986433865092325,9.203716448726771,0.358075249552086,0.0,2.4604519774011298,0.0015316247934377,0.2408278457196613,0.0,0.0,0.0467068626219486,0.7761194029850746,0.3924148606811145,-5.777777777777778,0.0,2.239004531086586,0.0274778854141782,0.0233446799165477,-1.7734524936118354,-501600000.0,2401200000.0,-1872500000.0,3528200000.0,32850000.0,97850000.0,50800000.0,6.164860681114551,31.447933884297523,15.500826446280993,14.598870056497177,2.8618732261116366,5.8061420345489445,0.0405060397058263,0.1812417686476921,1996-06-20,0.18,bmo,,2025-04-25,1996-05-31,0.0555555555555556,14.30654761904762,936326.984126984
1996-02-29,CCL,USD,815097,1996-04-12,1996-04-12 00:00:00,1996,Q1,448800000.0,263700000.0,185100000.0,0.4124331551,0,0.0,0.0,71300000.0,113800000.0,185100000.0,448800000.0,0.0,0.0,-32800000.0,-149900000.0,-0.3340017825,-182700000.0,-0.4070855615,256300000.0,73600000.0,0.1639928699,-3500000.0,77100000.0,0.1717914439,0.07,0.07,569710310,569710310,https://www.sec.gov/Archives/edgar/data/815097/000081509796000003/0000815097-96-000003-index.html,https://www.sec.gov/Archives/edgar/data/815097/,0.7877687872631267,0.1353319373841066,0.2947111840050779,-0.1502518007792416,0.5587050021966428,4.206172782795523,3.811586277945365,4.206172782795523,2.7245425837562958,8011551234.375,9272051234.375,25.97779258876459,17.851049987466578,47.71620747096486,-93.5928882520444,3.3433006027521595,3.3433006027521595,20.65965070047905,-61.854911503502336,55.223652378648005,-108.31835554176402,0.0096236044362031,-0.0106845724998571,0.6477486124441848,0.3416685009905348,-8.408939292861907,0.7245039224734656,0.0,2.1776913099870296,0.0031953861681815,0.3320363164721141,0.0,0.0,0.0494827206691613,1.509827278141751,0.5648395721925134,-7.728658536585366,0.0,3.578779682032745,-0.0482608818992425,0.0178546616645824,-3.126018554938913,-179100000.0,2171500000.0,-1675700000.0,3682900000.0,31690000.0,90118500.0,49160000.0,6.07620320855615,30.71672354948805,16.89419795221843,14.811881188118813,2.93,5.327272727272727,0.0321746025122063,0.4449629847843196,1996-03-20,0.13,bmo,,2025-04-25,1996-02-29,0.0769230769230769,13.375992063492063,833901.5873015873
1995-11-30,CCL,USD,815097,1996-01-26,1996-01-26 00:00:00,1995,Q4,452950000.0,265813000.0,187137000.0,0.413151562,0,0.0,0.0,60666000.0,126471000.0,187137000.0,452950000.0,0.0,0.0,223233000.0,1181371000.0,2.6081708798,958138000.0,2.1153284027,-875673000.0,82465000.0,0.1820620378,-1726000.0,84191000.0,0.1858726129,0.15,0.0746,567410063,1128923077,https://www.sec.gov/Archives/edgar/data/815097/000081509796000001/0000815097-96-000001-index.html,https://www.sec.gov/Archives/edgar/data/815097/,0.7982762899994602,0.1483776998153097,0.113861216451496,-0.0650235207407662,0.1828659848776774,4.132589731669951,3.733282396861545,4.132589731669951,2.1550252273195936,7376330819.0,8545748819.0,21.90356100711477,16.28508846230268,114.17408319660711,-199.9276546686543,3.1457272180625564,3.1457272180625564,18.86687011590683,7.233755373206216,132.27484783147077,-231.62349421330805,0.0114136692165622,-0.0050018092877512,0.5214708856300533,0.2978411574558633,0.9898820946171863,0.4310975097106153,0.0,0.7673741848891211,0.002900900261263,0.2541601833925241,0.0,0.0,0.0551873626685457,1.5710769897532737,0.2240887515178275,0.4546863590956534,0.0,3.714383336433519,0.272968885157999,0.0217047752516424,-2.833284259183116,-338332000.0,2118302000.0,-1504236000.0,3303062000.0,32840000.0,97868500.0,49310000.0,6.572910917319792,30.55279463382152,16.529665591976315,13.692563482466747,2.945720713232931,5.444756247439574,0.0359042899125027,0.1788847371922623,1995-12-20,0.15,bmo,,2025-04-25,1995-11-30,0.0,12.27777777777778,1057885.7142857143
1995-08-31,CCL,USD,815097,1995-10-13,1995-10-13 00:00:00,1995,Q3,672600000.0,352100000.0,320500000.0,0.4765090693,0,0.0,0.0,63600000.0,256900000.0,320500000.0,672600000.0,0.0,0.0,-32800000.0,-95200000.0,-0.1415402914,-127900000.0,-0.1901575974,353900000.0,226000000.0,0.3360095153,16500000.0,209500000.0,0.3114778472,0.19,0.19,1132432432,1132432432,https://www.sec.gov/Archives/edgar/data/815097/000081509795000004/0000815097-95-000004-index.html,https://www.sec.gov/Archives/edgar/data/815097/,0.593942720990527,0.1850000000706444,0.1866778043672278,-0.0839785203184643,0.1309570406227998,2.0168090699825525,1.8152076379246616,2.0168090699825525,1.0107446304575636,12315202698.0,13371702698.0,14.695945940334129,18.309846413916148,58.25545268684957,-129.49739955835963,5.3921812242217255,5.3921812242217255,19.880616559619387,-140.45906195378151,63.25308750236518,-140.606758128286,0.0170114942593696,-0.0077221627879047,0.501160295984938,0.2836749361818136,-11.097689075630251,0.4352284723269491,0.0,1.008587786259542,0.0017295695834108,0.1016706443914081,0.0,0.0,0.0565813279139507,1.4498580889309367,0.4556943205471305,-9.34451219512195,0.0,2.897407074783951,-0.0344257166497075,0.0550359901224189,-1.3716933179462314,-374500000.0,2055600000.0,-1462400000.0,3248300000.0,32350000.0,96750000.0,49350000.0,4.362176628010705,26.966770803748936,12.729338256177224,20.6319018404908,3.337440758293839,7.070281124497992,0.0917290599413284,0.2706563246856922,1995-09-19,0.35,bmo,,2025-04-25,1995-08-31,0.0571428571428572,11.200396825396826,1147539.6825396826
1995-05-31,CCL,USD,815097,1995-07-14,1995-07-14 00:00:00,1995,Q2,452800000.0,265900000.0,186900000.0,0.4127650177,0,0.0,0.0,60100000.0,126800000.0,186900000.0,452800000.0,0.0,0.0,-30500000.0,-139100000.0,-0.3071996466,-169600000.0,-0.3745583039,258900000.0,89300000.0,0.1972173145,-500000.0,89800000.0,0.1983215548,0.08,0.08,1122500000,1122500000,https://www.sec.gov/Archives/edgar/data/815097/000081509795000003/0000815097-95-000003-index.html,https://www.sec.gov/Archives/edgar/data/815097/,0.4033853006681514,0.08,0.1905567928730512,0.1710467706013363,0.1833407572383073,1.8656570155902004,1.6606681514476616,1.8656570155902004,0.958129175946548,13049062500.0,13983062500.0,36.328125,28.81860092756184,61.005434782608695,67.9638671875,6.231048849202559,6.231048849202559,30.88132177561837,-100.52525161754134,65.37196119682095,72.82845052083333,0.0068817204301075,0.0147137006968891,0.5135612644446567,0.2831306270731322,-6.714593817397556,0.5299466012411603,0.0,2.3846153846153846,0.0016246377852815,0.2360801781737193,0.0,0.0,0.0605749486652977,0.1023842917251051,0.0483657243816254,-0.7180327868852459,0.0,1.8325344820936824,-0.0535595289585497,0.0251646350007005,-1.291826280623608,-325700000.0,1864100000.0,-1337200000.0,2993400000.0,30250000.0,86600000.0,47350000.0,6.3803003533568905,29.785633696878524,16.55133508837909,14.105919003115265,3.021590909090909,5.437627811860941,0.0428803361665552,0.0195100222717149,1995-06-21,0.16,bmo,,2025-04-25,1995-05-31,0.0,11.932539682539682,1432698.4126984128
1995-02-28,CCL,USD,815097,1995-03-24,1995-03-24 00:00:00,1995,Q1,419800000.0,247200000.0,172600000.0,0.4111481658,0,0.0,0.0,64200000.0,108400000.0,172600000.0,419800000.0,0.0,0.0,-31500000.0,-138800000.0,-0.3306336351,-170300000.0,-0.4056693664,233100000.0,62800000.0,0.1495950453,-4800000.0,67600000.0,0.1610290615,0.06,0.06,565229398,565229398,https://www.sec.gov/Archives/edgar/data/815097/000095014495000740/0000950144-95-000740-index.html,https://www.sec.gov/Archives/edgar/data/815097/,0.7427072998775622,0.1195974594371682,0.1721424970892968,0.0766060649945175,0.2009803460364246,3.49911028513064,3.089011304397865,3.49911028513064,2.1506312380446992,6712099101.25,7877999101.25,24.82285170580621,15.988802051572176,68.98354677543679,155.013836056582,3.39371984085853,3.39371984085853,18.76607694437828,-56.757918596902016,80.9660750385406,181.93993305427253,0.0100713650052352,0.0064510370521698,0.6146223076145212,0.3281857451403888,-8.39985590778098,0.4278129816749443,0.0,1.4393491124260356,0.0031584754158429,0.3136094674556213,0.0,0.0,0.0625809935205183,0.5549845837615622,0.1286326822296331,-1.7142857142857142,0.0,3.068534790225136,-0.0571560379476675,0.0194689246011174,-2.7748025943972574,-334100000.0,1746000000.0,-1476400000.0,2993400000.0,24594500.0,85975000.0,45461000.0,6.08861362553597,31.01941747572816,16.6747572815534,14.78169014084507,2.901408450704225,5.397379912663755,0.034179391242795,0.0955364320947793,1995-03-21,0.12,bmo,,2025-04-25,1995-02-28,0.0,11.092261904761903,716714.2857142857
1994-11-30,CCL,USD,815097,1995-02-24,1995-02-24 00:00:00,1994,Q4,410516000.0,237775000.0,172741000.0,0.4207899327,0,0.0,0.0,61772000.0,110969000.0,172741000.0,410516000.0,0.0,0.0,191095000.0,271969000.0,0.6625052373,80874000.0,0.1970057196,-11956000.0,68918000.0,0.167881398,-1147000.0,70065000.0,0.1706754426,0.12,0.12,565064000,565064000,https://www.sec.gov/Archives/edgar/data/815097/000095014495000480/0000950144-95-000480-index.html,https://www.sec.gov/Archives/edgar/data/815097/,0.7264946979457194,0.1239948041283819,0.1237665114040179,-0.2110433508416745,0.219833505585208,3.4136557982812565,3.000334475386859,3.4136557982812565,2.206029759460875,6109754500.0,7302197500.0,21.80030864197531,14.883109306336417,87.36208104552733,-51.23354968009191,3.1674253758811863,3.1674253758811863,17.78785114343899,26.849374377226816,104.41257006405856,-61.23282013869672,0.0114677275494457,-0.0195184601934496,0.6462367297170354,0.3396752377430737,4.384481319562156,0.4256058425685494,0.0,0.9981588524941126,0.0032361365747183,0.2821951045457789,0.0,0.0,0.0636414889764438,2.705173301304049,0.4608565804986894,0.9900259033465032,0.0,3.0860493509608675,0.0257782491083279,0.0203898413104907,-2.7935176369402406,-324508000.0,1695381000.0,-1500440000.0,2980476000.0,24094500.0,93375000.0,43911000.0,4.557702988434068,32.83566396803701,17.079087372516035,19.74678916734812,2.740922190201729,5.269602411240636,0.0363231712438061,0.3348098622456925,1994-12-22,0.12,bmo,,2025-04-25,1994-11-30,0.0833333333333334,10.73313492063492,747885.7142857143
1994-08-31,CCL,USD,815097,1994-08-31,1994-08-30 20:00:00,1994,Q3,600800000.0,314500000.0,286300000.0,0.4765312916,0,0.0,0.0,53500000.0,232800000.0,286300000.0,600800000.0,0.0,0.0,-27800000.0,232800000.0,0.3874833555,205000000.0,0.3412117177,-18700000.0,186300000.0,0.3100865513,17500000.0,168800000.0,0.2809587217,0.075,0.075,564948000,564948000,,,1.0634607078881595,0.2987885610711074,0.3141882084722842,-0.2355969044938649,0.1688650990887656,3.332696106544319,2.9218618350715464,3.332696106544319,2.0272662262721526,6267391875.0,7317291875.0,9.282274696386256,10.431744132822905,35.30925,-47.08784278737791,3.3287613527724664,3.3287613527724664,12.17924746171771,31.431666129725087,41.22417957746479,-54.97589688204358,0.0269330533923251,-0.0212369040670526,0.6082961546632675,0.3223110260595486,4.509879725085911,0.475,0.0,1.0515402843601895,0.0031592088694789,0.1172985781990521,0.0,0.0,0.0653177238700962,1.7498591549295774,0.5169773635153129,-11.172661870503598,0.0,4.733377036391389,0.0610115045933531,0.050823472736579,-2.7140550988763565,-315000000.0,1650700000.0,-1385600000.0,2833100000.0,29750000.0,98600000.0,41600000.0,4.104527296937417,28.61685214626391,12.21939586645469,21.927007299270077,3.145,7.365339578454333,0.0896537072445294,0.5497851129661491,1994-09-22,0.3,bmo,,2025-04-25,1994-08-31,0.0666666666666667,11.37548828125,757162.5
1994-05-31,CCL,USD,815097,1994-05-31,1994-05-30 20:00:00,1994,Q2,409400000.0,245800000.0,163600000.0,0.3996091842,0,0.0,0.0,51600000.0,112000000.0,163600000.0,409400000.0,0.0,0.0,-26200000.0,112000000.0,0.2735710796,85800000.0,0.2095749878,-9800000.0,76000000.0,0.1856375183,-1900000.0,77900000.0,0.1902784563,0.035,0.035,564816000,564816000,,,0.7248378232911249,0.1379210220673635,0.3091272201920625,0.2838092405314297,0.165717685051415,3.0670165151128863,2.65307640010198,3.0670165151128863,1.7480028894365598,6601287000.0,7494987000.0,21.185131578947367,16.124296531509525,37.808058419243984,41.18082969432314,3.8107065750736018,3.8107065750736018,18.30724719101124,66.91952678571428,42.92661512027492,46.75600124766064,0.0118007291608439,0.0242831435748816,0.5699359233389136,0.2974601548612576,7.979464285714286,0.4556624722427831,0.0,2.2442159383033418,0.0029842665528706,0.2528883183568677,0.0,0.0,0.0704407821397366,0.0819014891179839,0.0349291646311675,-0.5458015267175572,0.0,3.085066641158938,0.0321589205397301,0.0252487602502187,-2.565215928727232,-367700000.0,1498500000.0,-1279000000.0,2504400000.0,28250000.0,93250000.0,39600000.0,7.05666829506595,35.58991049633849,14.82912937347437,12.753894080996885,2.52880658436214,6.069135802469136,0.0449691162038907,0.0253179796606328,1994-06-30,0.14,bmo,,2025-04-25,1994-05-31,0.0,11.34828629032258,639774.1935483871
1994-02-28,CCL,USD,815097,1994-02-28,1994-02-27 19:00:00,1994,Q1,385300000.0,230300000.0,155000000.0,0.4022839346,0,0.0,0.0,56500000.0,98500000.0,155000000.0,385300000.0,0.0,0.0,-26500000.0,98500000.0,0.255644952,72000000.0,0.1868673761,-11200000.0,60800000.0,0.1577991176,-4300000.0,65100000.0,0.1689592525,0.03,0.03,564772000,564772000,,,0.6822222064833242,0.1152677540671279,0.2037990551939544,0.0609095351752565,0.0715332913104757,2.9636738365216404,2.5465143456120347,2.9636738365216404,1.9174109198048064,6830211375.0,7872711375.0,26.229690380184337,17.726995522969116,59.34154105125977,198.55265625,4.0806615933803325,4.0806615933803325,20.43267940565793,79.9260038071066,68.39888249348392,228.8578888081395,0.0095311837988322,0.0050364473529927,0.6469709642729119,0.3319640722234143,10.583756345177664,0.4214273311338774,0.0,1.7680491551459294,0.0028988853950365,0.304147465437788,0.0,0.0,0.0722234143649796,0.7011294526498697,0.2094471840124578,-3.0452830188679245,0.0,2.772428647553541,0.0277539350049169,0.0215099950437799,-2.6740879505357915,-333200000.0,1438200000.0,-1345600000.0,2551000000.0,21850000.0,85350000.0,37950000.0,5.699454970153128,34.89795918367347,15.1237516283109,15.790983606557376,2.5789473684210527,5.9509043927648575,0.0388935356673437,0.1428895200186978,1994-03-25,0.11,bmo,,2025-04-25,1994-02-28,0.0909090909090908,12.175595238095235,764603.1746031746
1993-11-30,CCL,USD,815097,1993-11-30,1993-11-29 19:00:00,1993,Q4,325700000.0,195100000.0,130600000.0,0.4009824992,0,0.0,0.0,52700000.0,77900000.0,130600000.0,325700000.0,0.0,0.0,-24100000.0,77900000.0,0.2391771569,53800000.0,0.1651826835,-5200000.0,48600000.0,0.1492170709,-1600000.0,50200000.0,0.1541295671,0.0889,0.0889,564668000,564668000,,,0.5767991102736475,0.0889017971622262,0.1567292639214547,-0.661096431885639,0.1066113185092833,2.88169331359312,2.461446372027457,2.88169331359312,1.9884250568475632,6793661875.0,7856261875.0,33.83297746513944,20.858648679766656,76.76454096045198,-18.198933498526653,4.175062607546706,4.175062607546706,24.12116019342953,100.850601732991,88.77132062146893,-21.0454376506831,0.0073892402836136,-0.0549482748580271,0.6900196656833825,0.3488148125135916,13.6405648267009,0.4614545454545454,0.0,1.7629482071713147,0.0028997616252427,0.3924302788844621,0.0,0.0,0.0737208363105408,5.218079096045198,1.4178692047896837,-19.16182572614108,0.0,2.4008797502369803,0.0201308434760506,0.016836597799839,-2.6536389524463933,-296200000.0,1389900000.0,-1337900000.0,2529100000.0,22200000.0,83400000.0,35750000.0,5.333128645993245,37.54997437211686,17.160430548436697,16.875647668393782,2.3968058968058967,5.244623655913978,0.030850540806293,0.8178256958070937,1994-01-07,0.09,bmo,,2025-04-25,1993-11-30,0.0,11.61083984375,790043.75
1993-08-31,CCL,USD,815097,1993-08-31,1993-08-30 20:00:00,1993,Q3,529300000.0,281100000.0,248200000.0,0.4689212167,0,0.0,0.0,52700000.0,195500000.0,248200000.0,529300000.0,0.0,0.0,-23600000.0,195500000.0,0.3693557529,171900000.0,0.3247685623,-5200000.0,166700000.0,0.314944266,14500000.0,152200000.0,0.2875495938,0.0675,0.0675,454736000,454736000,,,1.1639720629112276,0.334699693888322,0.2889588684423489,0.2177087364976601,0.1051159353998803,3.5106083529784318,2.983709229091165,3.5106083529784318,1.6537067661236409,4760517500.0,5464717500.0,7.819509691195796,8.993987341772153,36.22920471841704,48.08603535353535,2.982033011776497,2.982033011776497,10.32442376723975,27.95251918158568,41.58841324200913,55.19916666666666,0.0319713140430635,0.0207960584117167,0.4710598847406665,0.2683605738348441,3.6020460358056265,0.5381165919282511,0.0,0.8633377135348226,0.0041592116823433,0.1300919842312746,0.0,0.0,0.0855042466633359,0.2465753424657534,0.0612129227281314,-1.3728813559322033,0.0,5.14173994624704,0.0665455545736305,0.0593928041832513,-2.4674206572604764,-247200000.0,1356800000.0,-917800000.0,2141000000.0,25750000.0,86300000.0,34300000.0,4.267901001322501,27.34258271077908,10.981856990394876,21.08764940239044,3.291569086651054,8.19533527696793,0.0953395139062891,0.0712501319446887,1993-09-24,0.26,bmo,,2025-04-25,1993-08-31,0.0384615384615384,10.22265625,764850.0
1993-05-31,CCL,USD,815097,1993-05-31,1993-05-30 20:00:00,1993,Q2,378200000.0,232500000.0,145700000.0,0.3852459016,0,0.0,0.0,52200000.0,93500000.0,145700000.0,378200000.0,0.0,0.0,-23300000.0,93500000.0,0.2472236912,70200000.0,0.1856160762,-7800000.0,62400000.0,0.1649920677,-2700000.0,65100000.0,0.1721311475,0.03,0.03,564576000,564576000,,,0.6698832398118234,0.115307770787281,0.2678115966672335,0.2369920081618772,0.0456980105424247,2.5909709233123617,2.1635705378903816,2.5909709233123617,1.5960650116193391,4781253000.0,5656553000.0,18.3611866359447,12.642128503437334,31.62204365079365,35.73432735426009,3.268562346185398,3.268562346185398,14.95651242728715,60.49789304812834,37.411064814814814,42.27618086696562,0.0136156777313394,0.0279842961667161,0.6160103910308996,0.3126973661380435,9.361497326203208,0.5987240829346092,0.0,2.3225806451612905,0.004120258852648,0.3026113671274961,0.0,0.0,0.0837352951382864,0.115079365079365,0.0460074034902168,-0.7467811158798283,0.0,2.5926973078612097,0.0308654332434254,0.0246553552492046,-2.4020681006631524,-251600000.0,1221500000.0,-1043500000.0,2127600000.0,23500000.0,82950000.0,34000000.0,6.282390269698572,33.754838709677415,13.27741935483871,14.325757575757576,2.666284403669725,6.778425655976676,0.0445036915504511,0.0308195885053562,1993-06-25,0.11,bmo,,2025-04-25,1993-05-31,0.0909090909090908,8.557539682539682,821873.0158730159
1993-02-28,CCL,USD,815097,1993-02-28,1993-02-27 19:00:00,1993,Q1,323600000.0,199200000.0,124400000.0,0.3844252163,0,0.0,0.0,50400000.0,74000000.0,124400000.0,323600000.0,0.0,0.0,-22300000.0,74000000.0,0.2286773795,51700000.0,0.1597651422,-5700000.0,46000000.0,0.1421508035,-4700000.0,50700000.0,0.1566749073,0.0225,0.0225,564364000,564364000,,,0.5733888058061818,0.0898356379925013,0.1926061903310629,-0.1639013119192577,0.11446513243226,2.5106137173880687,2.0800405412109915,2.5106137173880687,1.687386155034694,5326185250.0,6213885250.0,26.26324087771203,16.45916331891224,48.99894434222631,-57.58038108108108,3.7590410402992447,3.7590410402992447,19.20236480222497,83.9714222972973,57.16545768169273,-67.17713783783783,0.0095190079992054,-0.0173670264285306,0.6721010657068247,0.3397310120937533,11.995945945945946,0.5314953441665146,0.0,2.143984220907298,0.0037174824138908,0.3905325443786982,0.0,0.0,0.086689736363312,1.8509659613615457,0.6217552533992583,-9.022421524663676,0.0,2.252711291693047,0.0239643331248834,0.0198039139096129,-2.284518502243233,-256600000.0,1173900000.0,-1095100000.0,2128500000.0,21100000.0,75100000.0,32650000.0,5.729295426452411,35.55722891566265,15.225903614457833,15.70873786407767,2.531130876747141,5.910979228486647,0.03578234173195,0.3565075022503207,1993-03-24,0.09,bmo,,2025-04-25,1993-02-28,0.0,9.05695564516129,935754.8387096776
1992-11-30,CCL,USD,815097,1992-11-30,1992-11-29 19:00:00,1992,Q4,310900000.0,0.0,0.0,0.0,0,0.0,0.0,0.0,310900000.0,310900000.0,310900000.0,0.0,0.0,0.0,-837800000.0,-2.6947571566,-837800000.0,-2.6947571566,837800000.0,0.0,0.0,0.0,38000000.0,0.1222257961,0.0673,0.0673,564276000,564276000,,,0.550971510395622,0.0673429314732506,,,0.2038009768269428,2.45411819747783,2.0202879441975203,2.45411819747783,1.549773515088361,4549475250.0,5308975250.0,29.930758223684208,14.63324300418141,0.0,0.0,3.285294085788561,3.285294085788561,17.07615069154069,-6.336805025065648,0.0,0.0,0.0083526116555969,,0.6314991334488734,0.3305488358028424,-0.906540940558606,0.6558550968828981,0.0,0.0,0.0043410852713178,0.5197278947368422,0.0,0.0,0.0925309948593891,0.0,,0.0,,1.92834619713374,,0.0158280573142285,-1.9738567651291208,-163400000.0,1140000000.0,-949400000.0,2042800000.0,,,,6.252814409778064,0.0,0.0,14.39351851851852,0.0,0.0,0.0274407856730213,,1992-11-29,,bmo,,2025-04-25,1992-11-30,,7.59033203125,581731.25
1992-08-31,CCL,USD,815097,1992-08-31,1992-08-30 20:00:00,1992,Q3,487800000.0,0.0,0.0,0.0,0,0.0,0.0,0.0,487800000.0,487800000.0,487800000.0,0.0,0.0,0.0,487800000.0,1.0,487800000.0,1.0,-487800000.0,0.0,0.0,0.0,134800000.0,0.2763427634,0.0575,0.0575,562480000,562480000,,,0.8672308348741289,0.2396529654387711,,,,,,,,3691275000.0,,6.845836424332345,7.567189421894219,0.0,0.0,0.0,0.0,,,0.0,0.0,0.0365185471144794,,0.0,0.0,,0.0,0.0,0.0,0.0053333333333333,0.1460445103857567,0.0,0.0,0.0,0.0,,0.0,,,0.0,0.0,,,,,,,,,,0.0,0.0,0.0,0.0,0.0,0.0,,1993-01-08,0.07,bmo,,2025-04-25,1992-08-31,0.1428571428571427,6.7529296875,711100.0
1992-05-31,CCL,USD,815097,1992-05-31,1992-05-30 20:00:00,1992,Q2,346000000.0,0.0,0.0,0.0,0,0.0,0.0,0.0,346000000.0,346000000.0,346000000.0,0.0,0.0,0.0,346000000.0,1.0,346000000.0,1.0,-346000000.0,0.0,0.0,0.0,57100000.0,0.1650289017,0.0275,0.0275,562416000,562416000,,,0.6152029814230036,0.1015262723677847,,,,,,,,4024789500.0,,17.621670315236425,11.632339595375722,0.0,0.0,0.0,0.0,,,0.0,0.0,0.0141870773614371,,0.0,0.0,,0.0,0.0,0.0,0.0048908296943231,0.3447383537653241,0.0,0.0,0.0,0.0,,0.0,,,0.0,0.0,,,,,,,,,,0.0,0.0,0.0,0.0,0.0,0.0,,1992-05-30,,bmo,,2025-04-25,1992-05-31,,7.360615079365079,757777.7777777778
1992-02-29,CCL,USD,815097,1992-02-29,1992-02-28 19:00:00,1992,Q1,328800000.0,0.0,0.0,0.0,0,0.0,0.0,0.0,328800000.0,328800000.0,328800000.0,0.0,0.0,0.0,328800000.0,1.0,328800000.0,1.0,-328800000.0,0.0,0.0,0.0,46800000.0,0.1423357664,0.0225,0.0225,562332000,562332000,,,0.5847079661125456,0.0832248564904718,,,,,,,,4604093250.0,,24.59451522435897,14.002716697080292,0.0,0.0,0.0,0.0,,,0.0,0.0,0.0101648679683019,,0.0,0.0,,0.0,0.0,0.0,0.0042748091603053,0.420547435897436,0.0,0.0,0.0,0.0,,0.0,,,0.0,0.0,,,,,,,,,,0.0,0.0,0.0,0.0,0.0,0.0,,1992-02-28,,bmo,,2025-04-25,1992-02-29,,7.541170634920635,979434.9206349206
1991-11-30,CCL,USD,815097,1991-11-30,1991-11-29 19:00:00,1991,Q4,305600000.0,0.0,0.0,0.0,0,0.0,0.0,0.0,305600000.0,305600000.0,305600000.0,0.0,0.0,0.0,-783200000.0,-2.5628272251,-783200000.0,-2.5628272251,783200000.0,0.0,0.0,0.0,-112000000.0,-0.3664921466,-0.2,-0.2,562376000,562376000,,,0.5434086803135268,-0.1991550137274705,,,0.3942202369944663,2.0824146122878644,1.6305816748936657,2.0824146122878644,1.9556311080131443,3251236250.0,4129336250.0,-7.257223772321429,10.63886207460733,0.0,0.0,2.776224276321407,2.776224276321407,13.51222594895288,-5.272390513278856,0.0,0.0,-0.0344484348069138,,0.939117069421911,0.4149718899747198,-1.1211695607763024,0.659894794122982,0.0,0.0,0.0056216216216216,-0.1631894642857143,0.0,0.0,0.0958759385729917,0.0,,0.0,,,,-0.0467406727318253,-2.1890603439691594,-187500000.0,917000000.0,-1115400000.0,1986700000.0,,,,3.681282722513089,0.0,0.0,24.448,0.0,0.0,-0.0956365809922295,,1991-11-29,,bmo,,2025-04-25,1991-11-30,,6.259765625,874756.25
1991-08-31,CCL,USD,815097,1991-08-31,1991-08-30 20:00:00,1991,Q3,499200000.0,0.0,0.0,0.0,0,0.0,0.0,0.0,499200000.0,499200000.0,499200000.0,0.0,0.0,0.0,499200000.0,1.0,499200000.0,1.0,-499200000.0,0.0,0.0,0.0,123100000.0,0.2465945513,0.055,0.055,452420000,452420000,,,1.1033994960434994,0.2720923036116882,,,,,,,,2530724375.0,,5.139570217303006,5.069560046073718,0.0,0.0,0.0,0.0,,,0.0,0.0,0.0486421995283465,,0.0,0.0,,0.0,0.0,0.0,0.0053631284916201,0.1102567018683996,0.0,0.0,0.0,0.0,,0.0,,,0.0,0.0,,,,,,,,,,0.0,0.0,0.0,0.0,0.0,0.0,,1991-08-30,,bmo,,2025-04-25,1991-08-31,,5.52587890625,817443.75
1991-05-31,CCL,USD,815097,1991-05-31,1991-05-30 20:00:00,1991,Q2,307000000.0,0.0,0.0,0.0,0,0.0,0.0,0.0,307000000.0,307000000.0,307000000.0,0.0,0.0,0.0,307000000.0,1.0,307000000.0,1.0,-307000000.0,0.0,0.0,0.0,43400000.0,0.1413680782,0.02,0.02,538792000,538792000,,,0.5697931669364059,0.080550564967557,,,,,,,,3199077500.0,,18.427865783410137,10.420447882736156,0.0,0.0,0.0,0.0,,,0.0,0.0,0.0135664109419043,,0.0,0.0,,0.0,0.0,0.0,0.0050526315789473,0.372436866359447,0.0,0.0,0.0,0.0,,0.0,,,0.0,0.0,,,,,,,,,,0.0,0.0,0.0,0.0,0.0,0.0,,1991-05-30,,bmo,,2025-04-25,1991-05-31,,5.74560546875,597950.0
1991-02-28,CCL,USD,815097,1991-02-28,1991-02-27 19:00:00,1991,Q1,292900000.0,0.0,0.0,0.0,0,0.0,0.0,0.0,292900000.0,292900000.0,292900000.0,0.0,0.0,0.0,292900000.0,1.0,292900000.0,1.0,-292900000.0,0.0,0.0,0.0,30500000.0,0.1041311028,0.0125,0.0125,544988000,544988000,,,0.5374430262684683,0.0559645349989357,,,,,,,,2384322500.0,,19.543627049180326,8.14039774667122,0.0,0.0,0.0,0.0,,,0.0,0.0,0.0127918937140424,,0.0,0.0,,0.0,0.0,0.0,0.0068571428571428,0.5360537704918032,0.0,0.0,0.0,0.0,,0.0,,,0.0,0.0,,,,,,,,,,0.0,0.0,0.0,0.0,0.0,0.0,,1991-02-27,,bmo,,2025-04-25,1991-02-28,,4.283299180327869,925685.2459016392
1990-11-30,CCL,USD,815097,1990-11-30,1990-11-29 19:00:00,1990,Q4,296500000.0,0.0,0.0,0.0,0,0.0,0.0,0.0,296500000.0,296500000.0,296500000.0,0.0,0.0,0.0,-825300000.0,-2.7834738617,-825300000.0,-2.7834738617,825300000.0,0.0,0.0,0.0,19200000.0,0.0647554806,0.0352,0.0352,545028000,545028000,,,0.5440087481744057,0.035227547942491,,,0.2392537631094182,1.901003251209112,1.4175418510608628,1.901003251209112,2.362263957081104,1805405250.0,2962505250.0,23.507880859375,6.089056492411467,0.0,0.0,1.7425009651578034,1.7425009651578034,9.991586003372682,-3.5896101417666304,0.0,0.0,0.0106347314543369,,1.242640671749831,0.4797838643562511,-1.4020356234096691,0.3853386731673341,0.0,0.0,0.0090566037735849,0.85160625,0.0,0.0,0.0981926588410657,0.0,,0.0,,1.2275067703858122,,0.0079338842975206,-2.723529800303837,-353000000.0,772600000.0,-1426100000.0,2063900000.0,,,,5.8887015177065765,0.0,0.0,15.283505154639176,0.0,0.0,0.0185310298233761,,1990-11-29,,bmo,,2025-04-25,1990-11-30,,3.40478515625,519418.75
1990-08-31,CCL,USD,815097,1990-08-31,1990-08-30 20:00:00,1990,Q3,482900000.0,0.0,0.0,0.0,0,0.0,0.0,0.0,482900000.0,482900000.0,482900000.0,0.0,0.0,0.0,482900000.0,1.0,482900000.0,1.0,-482900000.0,0.0,0.0,-107200000.0,107200000.0,0.2219921309,0.05,0.05,538988000,538988000,,,0.8959383140255441,0.1988912554639435,,,,,,,,2374915875.0,,5.538516499533582,4.918028318492442,0.0,0.0,0.0,0.0,,,0.0,0.0,0.0451384409563559,,0.0,0.0,,0.0,0.0,0.0,0.0068085106382978,0.1508361940298507,0.0,0.0,0.0,0.0,,0.0,,,0.0,0.0,,,,,,,,,,0.0,0.0,0.0,0.0,0.0,0.0,,1990-08-30,,bmo,,2025-04-25,1990-08-31,,4.689980158730159,401301.5873015873
1990-05-31,CCL,USD,815097,1990-05-31,1990-05-30 20:00:00,1990,Q2,352500000.0,0.0,0.0,0.0,0,0.0,0.0,0.0,352500000.0,352500000.0,352500000.0,0.0,0.0,0.0,352500000.0,1.0,352500000.0,1.0,-352500000.0,0.0,0.0,0.0,54600000.0,0.154893617,0.0275,0.0275,538712000,538712000,,,0.6543384962651658,0.1013528564427746,,,,,,,,3114428750.0,,14.2602048992674,8.835258865248226,0.0,0.0,0.0,0.0,,,0.0,0.0,0.0175313048982096,,0.0,0.0,,0.0,0.0,0.0,0.0051891891891891,0.2959956043956044,0.0,0.0,0.0,0.0,,0.0,,,0.0,0.0,,,,,,,,,,0.0,0.0,0.0,0.0,0.0,0.0,,1990-05-30,,bmo,,2025-04-25,1990-05-31,,5.48859126984127,406368.253968254
1990-02-28,CCL,USD,815097,1990-02-28,1990-02-27 19:00:00,1990,Q1,259400000.0,0.0,0.0,0.0,0,0.0,0.0,0.0,259400000.0,259400000.0,259400000.0,0.0,0.0,0.0,259400000.0,1.0,259400000.0,1.0,-259400000.0,0.0,0.0,0.0,25200000.0,0.0971472629,0.0125,0.0125,538712000,538712000,,,0.4815188820742809,0.0467782414351267,,,,,,,,2373699750.0,,23.548608630952383,9.150731495759445,0.0,0.0,0.0,0.0,,,0.0,0.0,0.0106163384817308,,0.0,0.0,,0.0,0.0,0.0,0.0068085106382978,0.6413238095238095,0.0,0.0,0.0,0.0,,0.0,,,0.0,0.0,,,,,,,,,,0.0,0.0,0.0,0.0,0.0,0.0,,1990-02-27,,bmo,,2025-04-25,1990-02-28,,4.784226190476191,305796.8253968254
1989-11-30,CCL,USD,815097,1989-11-30,1989-11-29 19:00:00,1989,Q4,226100000.0,0.0,0.0,0.0,0,0.0,0.0,0.0,226100000.0,226100000.0,226100000.0,0.0,0.0,0.0,-680800000.0,-3.0110570544,-680800000.0,-3.0110570544,680800000.0,0.0,0.0,0.0,21300000.0,0.0942061035,0.0391,0.0391,544988000,544988000,,,0.4148715201068647,0.0390834293599125,,,0.2067935440780347,1.638935169214735,1.1405755723061792,1.638935169214735,1.8404074952109035,2673847375.0,3564147375.0,31.38318515258216,11.82595035382574,0.0,0.0,2.993559533139275,2.993559533139275,15.76358856700575,-5.235234099588719,0.0,0.0,0.0079660492962879,,1.1229287953425884,0.451761102603369,-1.3077262044653348,0.4192460317460317,0.0,0.0,0.0050955414012738,0.6396572769953052,0.0,0.0,0.1223313215025673,0.0,,0.0,,1.2005174532293597,,0.010930924766499,-2.1542676169016564,-292700000.0,621600000.0,-1115700000.0,1682100000.0,,,,14.250331711632022,0.0,0.0,6.315642458100559,0.0,0.0,0.02384684281236,,1989-11-29,,bmo,,2025-04-25,1989-11-30,,,
1989-08-31,CCL,USD,815097,1989-08-31,1989-08-30 20:00:00,1989,Q3,405200000.0,0.0,0.0,0.0,0,0.0,0.0,0.0,405200000.0,405200000.0,405200000.0,0.0,0.0,0.0,405200000.0,1.0,405200000.0,1.0,-405200000.0,0.0,0.0,0.0,84400000.0,0.2082922014,0.04,0.04,538460000,538460000,,,0.752516435761245,0.1567433049808713,,,,,,,,3298067500.0,,9.769157286729858,8.139357107601185,0.0,0.0,0.0,0.0,,,0.0,0.0,0.0255907436703463,,0.0,0.0,,0.0,0.0,0.0,0.0040816326530612,0.1594964454976303,0.0,0.0,0.0,0.0,,0.0,,,0.0,0.0,,,,,,,,,,0.0,0.0,0.0,0.0,0.0,0.0,,1989-08-30,,bmo,,2025-04-25,1989-08-31,,,
1989-05-31,CCL,USD,815097,1989-05-31,1989-05-30 20:00:00,1989,Q2,284700000.0,0.0,0.0,0.0,0,0.0,0.0,0.0,284700000.0,284700000.0,284700000.0,0.0,0.0,0.0,284700000.0,1.0,284700000.0,1.0,-284700000.0,0.0,0.0,0.0,41600000.0,0.1461187215,0.02,0.02,538444000,538444000,,,0.5287457934344147,0.0772596593146176,,,,,,,,2422998000.0,,14.561286057692309,8.510706006322446,0.0,0.0,0.0,0.0,,,0.0,0.0,0.0171688131810261,,0.0,0.0,,0.0,0.0,0.0,0.0055555555555555,0.3235841346153846,0.0,0.0,0.0,0.0,,0.0,,,0.0,0.0,,,,,,,,,,0.0,0.0,0.0,0.0,0.0,0.0,,1989-05-30,,bmo,,2025-04-25,1989-05-31,,,
1989-02-28,CCL,USD,815097,1989-02-28,1989-02-27 19:00:00,1989,Q1,231800000.0,0.0,0.0,0.0,0,0.0,0.0,0.0,231800000.0,231800000.0,231800000.0,0.0,0.0,0.0,231800000.0,1.0,231800000.0,1.0,-231800000.0,0.0,0.0,0.0,46300000.0,0.1997411562,0.0225,0.0225,538444000,538444000,,,0.4304997362771244,0.0859885150544903,,,,,,,,2221081500.0,,11.992880669546436,9.581887402933564,0.0,0.0,0.0,0.0,,,0.0,0.0,0.0208457006192703,,0.0,0.0,,0.0,0.0,0.0,0.0193939393939393,0.9303568034557236,0.0,0.0,0.0,0.0,,0.0,,,0.0,0.0,,,,,,,,,,0.0,0.0,0.0,0.0,0.0,0.0,,1989-02-27,,bmo,,2025-04-25,1989-02-28,,,
1988-11-30,CCL,USD,815097,1988-11-30,1988-11-29 19:00:00,1988,Q4,130400000.0,0.0,0.0,0.0,0,0.0,0.0,0.0,130400000.0,130400000.0,130400000.0,0.0,0.0,0.0,-311300000.0,-2.3872699387,-311300000.0,-2.3872699387,311300000.0,0.0,0.0,0.0,42100000.0,0.3228527607,0.0782,0.0782,538444000,538444000,,,0.2421793166977438,0.0781882609890722,,,0.6624644345558683,1.3971740793843,1.3971740793843,1.3971740793843,0.167334021736708,1900707320.0,1634107320.0,11.28686057007126,14.5759763803681,0.0,0.0,2.5265284062209226,2.5265284062209226,12.531497852760737,-5.249300738837134,0.0,0.0,0.0221496490054028,,0.1197660507776153,0.0858504049547403,0.8564086090587857,1.7889492753623188,0.0,0.0,0.0070821529745042,0.3197410926365795,0.0,0.0,0.0,0.0,,0.0,,1.5677878556222116,,0.0401143401619819,0.1330221898656127,174200000.0,752300000.0,97800000.0,742900000.0,,,,6.142638036809816,0.0,0.0,14.651685393258427,0.0,0.0,0.0559617173999734,,1988-11-29,,bmo,,2025-04-25,1988-11-30,,,
1988-08-31,CCL,USD,815097,1988-08-31,1988-08-30 20:00:00,1988,Q3,157600000.0,0.0,0.0,0.0,0,0.0,0.0,0.0,157600000.0,157600000.0,157600000.0,0.0,0.0,0.0,157600000.0,1.0,157600000.0,1.0,-157600000.0,0.0,0.0,0.0,56300000.0,0.3572335025,0.0275,0.0275,538476000,538476000,,,0.2926778537947838,0.104554334826436,,,,,,,,1970822160.0,,8.75143055062167,12.505216751269035,0.0,0.0,0.0,0.0,,,0.0,0.0,0.0285667581492994,,0.0,0.0,,0.0,0.0,0.0,0.0068306010928961,0.2391101243339254,0.0,0.0,0.0,0.0,,0.0,,,0.0,0.0,,,,,,,,,,0.0,0.0,0.0,0.0,0.0,0.0,,1988-08-30,,bmo,,2025-04-25,1988-08-31,,,
1988-05-31,CCL,USD,815097,1988-05-31,1988-05-30 20:00:00,1988,Q2,158700000.0,0.0,0.0,0.0,0,0.0,0.0,0.0,158700000.0,158700000.0,158700000.0,0.0,0.0,0.0,158700000.0,1.0,158700000.0,1.0,-158700000.0,0.0,0.0,0.0,52000000.0,0.3276622558,0.025,0.025,538892000,538892000,,,0.2944931451942133,0.0964942882803975,,,,,,,,1649009520.0,,7.927930384615386,10.390734215500943,0.0,0.0,0.0,0.0,,,0.0,0.0,0.0315340811373848,,0.0,0.0,,0.0,0.0,0.0,0.0081699346405228,0.2590826923076923,0.0,0.0,0.0,0.0,,0.0,,,0.0,0.0,,,,,,,,,,0.0,0.0,0.0,0.0,0.0,0.0,,1988-05-30,,bmo,,2025-04-25,1988-05-31,,,
1988-02-29,CCL,USD,815097,1988-02-29,1988-02-28 19:00:00,1988,Q1,152900000.0,0.0,0.0,0.0,0,0.0,0.0,0.0,152900000.0,152900000.0,152900000.0,0.0,0.0,0.0,152900000.0,1.0,152900000.0,1.0,-152900000.0,0.0,0.0,0.0,46000000.0,0.3008502289,0.0225,0.0225,544988000,544988000,,,0.2805566361094189,0.0844055281951162,,,,,,,,1754861360.0,,9.53729,11.477183518639634,0.0,0.0,0.0,0.0,,,0.0,0.0,0.026212896955005,,0.0,0.0,,0.0,0.0,0.0,0.0077639751552795,0.2961891304347826,0.0,0.0,0.0,0.0,,0.0,,,0.0,0.0,,,,,,,,,,0.0,0.0,0.0,0.0,0.0,0.0,,1988-02-28,,bmo,,2025-04-25,1988-02-29,,,
1987-11-30,CCL,USD,815097,1987-11-30,1987-11-29 19:00:00,1987,Q4,125900000.0,0.0,0.0,0.0,0,0.0,0.0,0.0,125900000.0,125900000.0,125900000.0,0.0,0.0,0.0,-286100000.0,-2.2724384432,-286100000.0,-2.2724384432,286100000.0,0.0,0.0,0.0,34400000.0,0.2732327244,0.0638,0.0638,538892000,538892000,,,0.2336275172019625,0.063834683016263,,,0.6479962589906697,1.1792715423498583,1.1792715423498583,1.1792715423498583,0.1929885765607951,1212507000.0,967307000.0,8.811824127906977,9.630714853057984,0.0,0.0,1.9079575137686864,1.9079575137686864,7.683137410643368,-3.381010136315973,0.0,0.0,0.0283709702294502,,0.1636506687647521,0.1105207226354941,0.8570429919608529,1.7436135624709708,0.0,0.0,,,0.0,0.0,0.0,0.0,,0.0,,1.3014471040576572,,0.0365568544102019,0.1024787898131722,160100000.0,635500000.0,69900000.0,634300000.0,,,,5.933280381254964,0.0,0.0,15.16867469879518,0.0,0.0,0.0541306058221872,,1987-11-29,,bmo,,2025-04-25,1987-11-30,,,
1987-08-31,CCL,USD,815097,1987-08-31,1987-08-30 20:00:00,1987,Q3,160100000.0,0.0,0.0,0.0,0,0.0,0.0,0.0,160100000.0,160100000.0,160100000.0,0.0,0.0,0.0,160100000.0,1.0,160100000.0,1.0,-160100000.0,0.0,0.0,0.0,50100000.0,0.3129294191,0.0275,0.0275,538892000,538892000,,,0.297091068340224,0.092968535439383,,,,,,,,2274124240.0,,11.347925349301397,14.20439875078076,0.0,0.0,0.0,0.0,,,0.0,0.0,0.0220304586349248,,0.0,0.0,,0.0,0.0,0.0,,,0.0,0.0,0.0,0.0,,0.0,,,0.0,0.0,,,,,,,,,,0.0,0.0,0.0,0.0,0.0,0.0,,1987-08-30,,bmo,,2025-04-25,1987-08-31,,,
1987-05-31,CCL,USD,815097,1987-05-31,1987-05-30 20:00:00,1987,Q2,156700000.0,0.0,0.0,0.0,0,0.0,0.0,0.0,156700000.0,156700000.0,156700000.0,0.0,0.0,0.0,156700000.0,1.0,156700000.0,1.0,-156700000.0,0.0,0.0,0.0,42200000.0,0.2693044033,0.025,0.025,538892000,538892000,,,0.290781826414198,0.0783088262583226,,,,,,,,2123234480.0,,12.578403317535544,13.54967760051053,0.0,0.0,0.0,0.0,,,0.0,0.0,0.0198753366137874,,0.0,0.0,,0.0,0.0,0.0,,,0.0,0.0,0.0,0.0,,0.0,,,0.0,0.0,,,,,,,,,,0.0,0.0,0.0,0.0,0.0,0.0,,1987-05-30,,bmo,,2025-04-25,1987-05-31,,,
1987-02-28,CCL,USD,815097,1987-02-28,1987-02-27 19:00:00,1987,Q1,121400000.0,0.0,0.0,0.0,0,0.0,0.0,0.0,121400000.0,121400000.0,121400000.0,0.0,0.0,0.0,121400000.0,1.0,121400000.0,1.0,-121400000.0,0.0,0.0,0.0,26100000.0,0.2149917628,0.015,0.015,538892000,538892000,,,0.2252770499469281,0.0484327100791995,,,,,,,,2123234480.0,,20.33749501915709,17.489575617792422,0.0,0.0,0.0,0.0,,,0.0,0.0,0.0122925660099491,,0.0,0.0,,0.0,0.0,0.0,,,0.0,0.0,0.0,0.0,,0.0,,,0.0,0.0,,,,,,,,,,0.0,0.0,0.0,0.0,0.0,0.0,,1987-02-27,,bmo,,2025-04-25,1987-02-28,,,
1986-11-30,CCL,USD,815097,1986-11-30,1986-11-29 19:00:00,1986,Q4,105200000.0,0.0,0.0,0.0,0,0.0,0.0,0.0,105200000.0,105200000.0,105200000.0,0.0,0.0,0.0,-214400000.0,-2.0380228137,-214400000.0,-2.0380228137,214400000.0,0.0,0.0,0.0,28200000.0,0.2680608365,0.0649,0.0649,434296000,434296000,,,0.242231105052775,0.0649326726472267,,,0.1374638495404056,0.4784755097905576,0.4784755097905576,0.4784755097905576,0.5040341149814873,1711126240.0,1870326240.0,15.169558865248224,16.26545855513308,0.0,0.0,8.234486236766122,8.234486236766122,17.778766539923954,-8.72353656716418,0.0,0.0,0.0164803737683316,,1.0534167468719924,0.4145048286309411,-0.7425373134328358,0.6106587712805329,0.0,0.0,,,0.0,0.0,0.0,0.0,,0.0,,0.8360894731165246,,0.0533989774663889,-0.5788678689188941,-52600000.0,207800000.0,-237800000.0,388200000.0,,,,5.475285171102661,0.0,0.0,16.4375,0.0,0.0,0.1357074109720885,,1986-11-29,,bmo,,2025-04-25,1986-11-30,,,
1986-08-31,CCL,USD,815097,1986-08-31,1986-08-30 20:00:00,1986,Q3,105200000.0,0.0,0.0,0.0,0,0.0,0.0,0.0,105200000.0,105200000.0,105200000.0,0.0,0.0,0.0,105200000.0,1.0,105200000.0,1.0,-105200000.0,0.0,0.0,0.0,23200000.0,0.2205323194,0.015,0.015,434296000,434296000,,,0.242231105052775,0.0534197874260872,,,,,,,,1711126240.0,,18.438860344827585,16.26545855513308,0.0,0.0,0.0,0.0,,,0.0,0.0,0.013558321681748,,0.0,0.0,,0.0,0.0,0.0,,,0.0,0.0,0.0,0.0,,0.0,,,0.0,0.0,,,,,,,,,,0.0,0.0,0.0,0.0,0.0,0.0,,1986-08-30,,bmo,,2025-04-25,1986-08-31,,,
1986-05-31,CCL,USD,815097,1986-05-31,1986-05-30 20:00:00,1986,Q2,105200000.0,0.0,0.0,0.0,0,0.0,0.0,0.0,105200000.0,105200000.0,105200000.0,0.0,0.0,0.0,105200000.0,1.0,105200000.0,1.0,-105200000.0,0.0,0.0,0.0,23200000.0,0.2205323194,0.015,0.015,434296000,434296000,,,0.242231105052775,0.0534197874260872,,,,,,,,1711126240.0,,18.438860344827585,16.26545855513308,0.0,0.0,0.0,0.0,,,0.0,0.0,0.013558321681748,,0.0,0.0,,0.0,0.0,0.0,,,0.0,0.0,0.0,0.0,,0.0,,,0.0,0.0,,,,,,,,,,0.0,0.0,0.0,0.0,0.0,0.0,,1986-05-30,,bmo,,2025-04-25,1986-05-31,,,
1986-02-28,CCL,USD,815097,1986-02-28,1986-02-27 19:00:00,1986,Q1,105200000.0,0.0,0.0,0.0,0,0.0,0.0,0.0,105200000.0,105200000.0,105200000.0,0.0,0.0,0.0,105200000.0,1.0,105200000.0,1.0,-105200000.0,0.0,0.0,0.0,23100000.0,0.219581749,0.015,0.015,434296000,434296000,,,0.242231105052775,0.0531895297216644,,,,,,,,1711126240.0,,18.51868225108225,16.26545855513308,0.0,0.0,0.0,0.0,,,0.0,0.0,0.0134998806400163,,0.0,0.0,,0.0,0.0,0.0,,,0.0,0.0,0.0,0.0,,0.0,,,0.0,0.0,,,,,,,,,,0.0,0.0,0.0,0.0,0.0,0.0,,1986-02-27,,bmo,,2025-04-25,1986-02-28,,,
