date,symbol,reportedCurrency,cik,fillingDate,acceptedDate,calendarYear,period,revenue,costOfRevenue,grossProfit,grossProfitRatio,researchAndDevelopmentExpenses,generalAndAdministrativeExpenses,sellingAndMarketingExpenses,sellingGeneralAndAdministrativeExpenses,otherExpenses,operatingExpenses,costAndExpenses,interestIncome,interestExpense,depreciationAndAmortization,ebitda,ebitdaratio,operatingIncome,operatingIncomeRatio,totalOtherIncomeExpensesNet,incomeBeforeTax,incomeBeforeTaxRatio,incomeTaxExpense,netIncome,netIncomeRatio,eps,epsdiluted,weightedAverageShsOut,weightedAverageShsOutDil,link,finalLink,revenuePerShare,netIncomePerShare,operatingCashFlowPerShare,freeCashFlowPerShare,cashPerShare,bookValuePerShare,tangibleBookValuePerShare,shareholdersEquityPerShare,interestDebtPerShare,marketCap,enterpriseValue,peRatio,priceToSalesRatio,pocfratio,pfcfRatio,pbRatio,ptbRatio,evToSales,enterpriseValueOverEBITDA,evToOperatingCashFlow,evToFreeCashFlow,earningsYield,freeCashFlowYield,debtToEquity,debtToAssets,netDebtToEBITDA,currentRatio,interestCoverage,incomeQuality,dividendYield,payoutRatio,salesGeneralAndAdministrativeToRevenue,researchAndDdevelopementToRevenue,intangiblesToTotalAssets,capexToOperatingCashFlow,capexToRevenue,capexToDepreciation,stockBasedCompensationToRevenue,grahamNumber,roic,returnOnTangibleAssets,grahamNetNet,workingCapital,tangibleAssetValue,netCurrentAssetValue,investedCapital,averageReceivables,averagePayables,averageInventory,daysSalesOutstanding,daysPayablesOutstanding,daysOfInventoryOnHand,receivablesTurnover,payablesTurnover,inventoryTurnover,roe,capexPerShare,report_date,epsEstimated,time,revenueEstimated,updatedFromDate,fiscalDateEnding,surprise(%),QuarterAvgPrice,QuarterAvgVolume
2024-12-31,CDW,USD,1402057,2025-02-21,2025-02-21 16:20:10,2024,Q4,5186000000.0,4030700000.0,1155300000.0,0.22277285,0,0.0,0.0,746700000.0,0.0,746700000.0,4777400000.0,0.0,56500000.0,600000.0,408600000.0,0.0787890474,408600000.0,0.0787890474,-57100000.0,351500000.0,0.0677786348,87300000.0,264200000.0,0.0509448515,1.98,1.97,133100000,134400000,https://www.sec.gov/Archives/edgar/data/1402057/000140205725000018/0001402057-25-000018-index.htm,https://www.sec.gov/Archives/edgar/data/1402057/000140205725000018/cdw-20241231.htm,38.96318557475583,1.9849737039819684,2.594290007513148,2.379413974455297,5.392186326070624,17.67618332081142,-27.229902329075884,17.67618332081142,45.44252441773103,23164724000.0,28653124000.0,21.919685844057533,4.466780563054377,67.08579206487113,73.14406062519734,9.846016916733966,9.846016916733966,5.52509139992287,70.1251199216838,82.98037648421662,90.47402589201135,0.0114052729486438,0.0136716500485824,2.5468185489012622,0.4082120667102681,13.43220753793441,1.346832529592284,7.231858407079646,1.3069644208932627,0.0035873511810458,0.3145344436033308,0.0,0.0,0.4071969696969697,0.0828265276571097,0.0055148476667952,0.4115107913669065,0.002680293096799,28.097189882049506,0.0325344188253861,0.0303629301032017,-53.12603305785124,1898700000.0,-3624300000.0,-4952600000.0,8187900000.0,5529900000.0,3280600000.0,643900000.0,97.97782491322792,75.4997891185154,13.515518396308334,0.9185751988238836,1.1920563097033685,6.65901206013547,0.1122965103923152,0.2148760330578512,2025-02-05,2.33,bmo,4959165575.0,2025-05-05,2024-12-31,0.0643776824034334,194.26109375,1256595.03125
2024-09-30,CDW,USD,1402057,2024-10-30,2024-10-30 16:04:17,2024,Q3,5516600000.0,4315900000.0,1200700000.0,0.2176521771,0,0.0,0.0,719100000.0,0.0,719100000.0,5035000000.0,0.0,54400000.0,69100000.0,551100000.0,0.0998984882,481600000.0,0.0873001486,-54000000.0,427600000.0,0.0775115107,111200000.0,316400000.0,0.0573541674,2.37,2.35,133500000,134900000,https://www.sec.gov/Archives/edgar/data/1402057/000140205724000182/0001402057-24-000182-index.htm,https://www.sec.gov/Archives/edgar/data/1402057/000140205724000182/cdw-20240930.htm,41.32284644194757,2.3700374531835204,2.5625468164794007,2.310861423220974,8.677153558052435,17.597752808988766,-24.98052434456929,17.597752808988766,46.77003745318352,30211050000.0,35453750000.0,23.87093078381795,5.476389442772723,88.31058170125695,97.9288492706645,12.859596475545906,12.859596475545906,6.426739295943153,64.33269823988387,103.6356328558901,114.92301458670988,0.0104729891877309,0.0102114954627528,2.6345720001702637,0.4305160433200943,9.513155507167482,1.4035833363866193,8.852941176470589,1.0812262958280658,0.0027374089943911,0.261378002528445,0.0,0.0,0.3953758512036837,0.0982168956445483,0.0060907080448102,0.4862518089725036,0.0004894318964579,30.63355999726933,0.0381485413304388,0.0363991947080816,-48.443258426966295,2203000000.0,-3334900000.0,-4365800000.0,8209500000.0,5113750000.0,3149250000.0,703650000.0,88.32777435376863,66.31085057577793,14.232257466577074,1.018932047801112,1.3572439384886317,6.323663003663004,0.1346784148469757,0.251685393258427,2024-10-30,2.86,bmo,5719160174.0,2025-04-25,2024-09-30,-0.0804195804195804,221.985625,901951.328125
2024-06-30,CDW,USD,1402057,2024-07-31,2024-07-31 16:17:11,2024,Q2,5423400000.0,4240300000.0,1183100000.0,0.2181472877,0,0.0,0.0,749100000.0,-1100000.0,749100000.0,4989400000.0,0.0,52300000.0,69400000.0,502500000.0,0.0926540547,434000000.0,0.0800236014,-53400000.0,379700000.0,0.0700114319,98600000.0,281100000.0,0.0518309548,2.1,2.07,134100000,135600000,https://www.sec.gov/Archives/edgar/data/1402057/000140205724000138/0001402057-24-000138-index.htm,https://www.sec.gov/Archives/edgar/data/1402057/000140205724000138/cdw-20240630.htm,40.44295302013423,2.0961968680089487,1.1178225205070842,0.8873974645786726,4.961222967934377,16.218493661446683,-26.31916480238628,16.218493661446683,46.58090976882923,29393379000.0,34922279000.0,26.141390074706507,5.419732824427481,196.08658438959307,247.0031848739496,13.514818612349991,13.514818612349991,6.439185566249954,69.49707263681591,232.97050700466977,293.4645294117647,0.0095633782016011,0.0040485307932783,2.8480389902984045,0.4541635199835761,11.00278606965174,1.134582239332485,8.298279158699808,0.5332621842760583,0.0028237651751436,0.2952685876912131,0.0,0.0,0.4182436742504784,0.2061374249499666,0.0056975329129328,0.4452449567723343,0.0052918833204263,27.65747641020994,0.0355486592535972,0.0354280096793708,-50.90268456375839,835500000.0,-3529400000.0,-4420200000.0,6857600000.0,4609650000.0,2929850000.0,697800000.0,79.87719880517757,66.1920147159399,15.383817182746505,1.126729546682179,1.359680625921888,5.85030353200883,0.1292473217159409,0.2304250559284116,2024-07-31,2.53,bmo,5425110511.0,2025-04-25,2024-06-30,-0.0118577075098813,231.9236507936508,840056.4285714285
2024-03-31,CDW,USD,1402057,2024-05-01,2024-05-01 16:37:02,2024,Q1,4872700000.0,3809400000.0,1063300000.0,0.2182157736,0,0.0,0.0,734600000.0,-100000.0,734600000.0,4544000000.0,0.0,51300000.0,67300000.0,402600000.0,0.0826235968,328700000.0,0.0674574671,-51400000.0,276600000.0,0.0567652431,60500000.0,216100000.0,0.0443491288,1.61,1.59,134400000,136000000,https://www.sec.gov/Archives/edgar/data/1402057/000140205724000088/0001402057-24-000088-index.htm,https://www.sec.gov/Archives/edgar/data/1402057/000140205724000088/cdw-20240331.htm,36.255208333333336,1.6078869047619049,3.273809523809524,3.0543154761904763,5.980654761904762,15.912946428571429,-26.80282738095238,15.912946421130952,46.39806547619048,34011264000.0,39392064000.0,39.3466728366497,6.979962649044677,77.29832727272728,82.85326187576126,15.90277459012614,15.90277459012614,8.084237486403842,97.84417287630404,89.52741818181818,95.9611790499391,0.006353777383869,0.0120695308471922,2.89175667596753,0.4687860044872961,13.365126676602086,1.2609389849838433,6.407407407407407,2.036094400740398,0.0024491885982244,0.3854696899583526,0.0,0.0,0.435161603298769,0.0670454545454545,0.0060541383627147,0.438335809806835,0.0039813655673445,23.993538895941786,0.0287855247856578,0.0289997047693174,-49.185081845238095,1372800000.0,-3602300000.0,-4420300000.0,7439100000.0,4542600000.0,2811050000.0,669450000.0,81.37808607137727,64.76059221924713,15.848165065364626,1.1059488413264031,1.38973404837474,5.678890876565295,0.101042689531511,0.2194940476190476,2024-05-01,2.15,bmo,5001457000.0,2025-04-25,2024-03-31,-0.1069767441860465,237.51081967213116,719352.8360655737
2023-12-31,CDW,USD,1402057,2024-02-26,2024-02-26 16:05:30,2023,Q4,5018500000.0,3826500000.0,1192000000.0,0.2375211717,0,503800000.0,215000000.0,718800000.0,-38200000.0,757000000.0,4583500000.0,0.0,53300000.0,38200000.0,472200000.0,0.0940918601,435000000.0,0.0866792866,-54300000.0,380700000.0,0.0758593205,84600000.0,296100000.0,0.0590016937,2.21,2.18,134100000,135900000,https://www.sec.gov/Archives/edgar/data/1402057/000140205724000015/0001402057-24-000015-index.htm,https://www.sec.gov/Archives/edgar/data/1402057/000140205724000015/cdw-20231231.htm,37.42356450410141,2.208053691275168,4.000745712155108,3.750932140193885,4.390007457121551,15.23117076808352,-27.894108873974645,15.23117076808352,43.7151379567487,30483612000.0,35703812000.0,25.737598784194528,6.074247683570788,56.8194072693383,60.60360238568588,14.924657037943696,14.924657037943696,7.114438975789579,75.61163066497247,66.54950978564771,70.98173359840955,0.0097134158511137,0.0165006692776433,2.844014687882497,0.4372657061560002,11.055061414654809,1.2320837927232635,8.161350844277674,1.8118878757176629,0.0027260549045172,0.2806484295845998,0.1003885623194181,0.0,0.4353236077864595,0.0624417520969245,0.0066753013848759,0.4919236417033774,0.004403706286739,27.508234473162,0.0398522130738816,0.0394721055788842,-50.78206562266965,1263000000.0,-3740600000.0,-4537100000.0,7370400000.0,4548900000.0,2748850000.0,687250000.0,83.91690744246289,67.76166209329675,15.713837710701686,1.0724894749214626,1.328184658104825,5.727436012572968,0.144969400244798,0.2498135719612229,2024-02-07,2.56,bmo,5323770000.0,2025-04-25,2023-12-31,0.0039062499999999,211.92285714285717,858349.0952380953
2023-09-30,CDW,USD,1402057,2023-11-01,2023-11-01 16:07:51,2023,Q3,5628300000.0,4400600000.0,1227700000.0,0.2181298083,0,0.0,0.0,749300000.0,-1200000.0,749300000.0,5149900000.0,57400000.0,57400000.0,66000000.0,544400000.0,0.0967254766,478400000.0,0.0849990228,-58600000.0,419800000.0,0.0745873532,104300000.0,315500000.0,0.0560560027,2.35,2.32,134100000,135900000,https://www.sec.gov/Archives/edgar/data/1402057/000140205723000169/0001402057-23-000169-index.htm,https://www.sec.gov/Archives/edgar/data/1402057/000140205723000169/cdw-20230930.htm,41.97091722595079,2.352721849366145,3.494407158836689,3.1707680835197616,3.286353467561521,13.497390007457122,-29.77106636838181,13.497390007457122,44.20357941834452,27056016000.0,32485616000.0,21.438998415213945,4.807138212248814,57.73797695262484,63.63126999059266,14.948075138121546,14.948075138121546,5.771834479327684,59.672329169728144,69.32483141271874,76.40079021636876,0.0116609925127188,0.0157155436336229,3.2432596685082875,0.4559350073396348,9.97354886113152,1.3505363752326385,8.334494773519165,1.4852614896988907,0.0029235642084185,0.2507131537242472,0.0,0.0,0.4506535770040309,0.0926163038839095,0.007711031750262,0.6575757575757576,0.0046195121084519,26.730153358129364,0.0442065526093918,0.0446062491163579,-51.8831096196868,1676300000.0,-3992300000.0,-4606900000.0,7806600000.0,4551350000.0,2741750000.0,748100000.0,70.65454933105912,53.51611143934918,14.447120847157208,1.2738033269209008,1.681736538388046,6.229614949037373,0.1743093922651933,0.3236390753169276,2023-11-01,2.6,bmo,5866880000.0,2025-04-25,2023-09-30,0.0461538461538461,199.3420634920635,593352.0793650794
2023-06-30,CDW,USD,1402057,2023-08-02,2023-08-02 16:14:54,2023,Q2,5626100000.0,4444600000.0,1181500000.0,0.2100033771,0,0.0,0.0,769300000.0,-600000.0,769300000.0,5213900000.0,58200000.0,58200000.0,65900000.0,477500000.0,0.0848722916,412200000.0,0.0732656725,-58800000.0,353400000.0,0.062814383,90800000.0,262600000.0,0.0466753168,1.95,1.93,134600000,136100000,https://www.sec.gov/Archives/edgar/data/1402057/000140205723000132/0001402057-23-000132-index.htm,https://www.sec.gov/Archives/edgar/data/1402057/000140205723000132/cdw-20230630.htm,41.798662704309066,1.950965824665676,1.6953937592867756,1.401188707280832,1.5148588410104011,11.9851411589896,-31.49777117384844,11.9851411589896,44.539375928677565,24699100000.0,30432000000.0,23.51399466869764,4.390092604112973,108.2344434706398,130.96023329798516,15.310624845028515,15.310624845028515,5.409075558557437,63.73193717277487,133.3567046450482,161.35737009544007,0.0106319663469519,0.0076359057617484,3.680138854450781,0.4571727797072209,12.00607329842932,1.2983010825845958,7.082474226804123,0.869002284843869,0.0032146920333129,0.3023610053313023,0.0,0.0,0.4507042253521127,0.1735319894829097,0.0070386235580597,0.6009104704097117,0.0044080268747444,22.937055567620497,0.0330662161213525,0.0368142883178421,-53.943164933135215,1490700000.0,-4239600000.0,-4884700000.0,7675100000.0,4572300000.0,2755400000.0,785450000.0,74.93254652423526,58.05066822661207,15.99289024884129,1.201080227146578,1.550369750244175,5.627500633071664,0.162782048103149,0.2942050520059435,2023-08-02,2.34,bmo,5382280000.0,2025-04-25,2023-06-30,0.0940170940170941,174.68790322580645,984708.1129032258
2023-03-31,CDW,USD,1402057,2023-05-03,2023-05-03 16:34:06,2023,Q1,5103100000.0,4013700000.0,1089400000.0,0.213478082,0,0.0,0.0,734100000.0,-1300000.0,734100000.0,4747800000.0,57700000.0,57700000.0,70700000.0,426900000.0,0.0836550332,283300000.0,0.055515275,-59000000.0,296300000.0,0.0580627462,66200000.0,230100000.0,0.0450902393,1.7,1.68,135600000,137300000,https://www.sec.gov/Archives/edgar/data/1402057/000140205723000091/0001402057-23-000091-index.htm,https://www.sec.gov/Archives/edgar/data/1402057/000140205723000091/cdw-20230331.htm,37.6334808259587,1.6969026548672566,2.694690265486725,2.4609144542772863,2.06047197640118,11.570058997050149,-31.353982300884955,11.570058997050149,44.42699115044248,26427084000.0,32114284000.0,28.712607561929595,5.178633379710372,72.32371100164204,79.19413844770752,16.844339346038627,16.844339346038627,6.293093217847975,75.22671351604592,87.8880240831965,96.23699130955949,0.0087069765245382,0.0126271971587936,3.80304672063229,0.4673052372710113,13.32208948231436,1.31436405115218,4.909878682842288,1.5880052151238593,0.0030234134042181,0.3472403302911777,0.0,0.0,0.4558626577172798,0.0867542419266557,0.0062119104073994,0.4483734087694483,0.0040759538319844,21.01781235414301,0.0241973239068962,0.0331193505671023,-52.97898230088496,1502000000.0,-4251600000.0,-4919300000.0,7655600000.0,4581900000.0,2732650000.0,790650000.0,78.66512512002508,59.286942222886616,17.514761940354287,1.1440902161241144,1.5180408472012104,5.138522596338497,0.146663267257314,0.2337758112094395,2023-05-03,2.01,bmo,5099200000.0,2025-04-25,2023-03-31,0.0099502487562189,196.40064516129036,827245.4354838709
2022-12-31,CDW,USD,1402057,2023-02-24,2023-02-24 16:30:45,2022,Q4,5438300000.0,4257200000.0,1181100000.0,0.2171818399,0,523500000.0,211000000.0,734500000.0,-6000000.0,734500000.0,4991700000.0,59400000.0,59400000.0,41500000.0,483100000.0,0.0888329073,446600000.0,0.0821212511,-65400000.0,381200000.0,0.0700954342,94000000.0,287200000.0,0.052810621,2.12,2.09,135500000,137400000,https://www.sec.gov/Archives/edgar/data/1402057/000140205723000052/0001402057-23-000052-index.htm,https://www.sec.gov/Archives/edgar/data/1402057/000140205723000052/cdw-20221231.htm,40.13505535055351,2.119557195571956,1.785239852398524,1.559409594095941,2.32619926199262,11.832472324723248,-31.218450184501844,11.832472324723248,45.44132841328413,24197590000.0,29980290000.0,21.063361768802228,4.449476858577129,100.0313766019016,114.51769995267392,15.0923657456496,15.0923657456496,5.512805472298329,62.05814531152971,123.936709384043,141.8849503076195,0.0118689505855748,0.0087322745777575,3.8033431048462543,0.4643719300917641,11.969985510246326,1.3268379454629986,7.518518518518518,0.8422701949860725,0.0033019817262793,0.2782033426183844,0.0962616994281301,0.0,0.4442295244259985,0.1264985531211244,0.0056267583619881,0.4220689655172414,0.0036224555467701,23.75481091881488,0.0406731901130063,0.0393527082391307,-53.76642066420664,1616900000.0,-4230100000.0,-4964200000.0,7788300000.0,4763500000.0,3036200000.0,857350000.0,77.83792729345568,59.64413229352626,16.916752795264493,1.1562486711740445,1.5089497749264524,5.320169957510623,0.1791305432545375,0.225830258302583,2023-02-08,2.48,bmo,6190803500.0,2025-04-25,2022-12-31,0.0080645161290322,175.78587301587302,613691.9682539683
2022-09-30,CDW,USD,1402057,2022-11-02,2022-11-02 16:18:44,2022,Q3,6215500000.0,4982300000.0,1233200000.0,0.1984072078,0,0.0,0.0,766800000.0,-4800000.0,766800000.0,5749100000.0,62600000.0,62600000.0,75600000.0,542000000.0,0.0872013515,466400000.0,0.0750382109,-67400000.0,399000000.0,0.0641943528,101200000.0,297800000.0,0.0479124769,2.2,2.17,135300000,137100000,https://www.sec.gov/Archives/edgar/data/1402057/000140205722000159/0001402057-22-000159-index.htm,https://www.sec.gov/Archives/edgar/data/1402057/000140205722000159/cdw-20220930.htm,45.93865484109386,2.201034737620104,2.460458240946046,2.212121212121212,2.8425720620842574,9.800443458980045,-33.4589800443459,9.800443458980045,50.517368810051735,21117624000.0,27505424000.0,17.728025520483545,3.397574450969351,63.43533793932112,70.55671232876712,15.925809954751132,15.925809954751132,4.425295470999919,50.748014760147605,82.6236827876239,91.89917808219178,0.0141019652589704,0.0141729959771989,5.107390648567119,0.5025676036688533,11.785608856088562,1.2867059789505113,7.450479233226837,1.117864338482203,0.0032058530827142,0.2273337810611148,0.0,0.0,0.4343405859479355,0.1009312105737458,0.0054058402381143,0.4444444444444444,0.0043118011423055,22.030663203571017,0.0402280127415716,0.0390680345289009,-56.8370288248337,1536400000.0,-4527000000.0,-5254400000.0,7731200000.0,4785650000.0,3283350000.0,967300000.0,69.84538653366585,58.72769604399575,16.51947895550248,1.288560411311054,1.5324966934268405,5.448113723346091,0.2245852187028657,0.2483370288248337,2022-11-02,2.52,bmo,6234974256.0,2025-04-25,2022-09-30,0.0317460317460317,171.43203125,710717.96875
2022-06-30,CDW,USD,1402057,2022-08-03,2022-08-03 16:31:45,2022,Q2,6145800000.0,4977600000.0,1168200000.0,0.1900810309,0,0.0,0.0,732900000.0,-400000.0,732900000.0,5710500000.0,0.0,57700000.0,71100000.0,506000000.0,0.0823326499,435300000.0,0.0708288587,-58100000.0,377200000.0,0.0613752481,97900000.0,279300000.0,0.0454456702,2.07,2.04,135200000,136800000,https://www.sec.gov/Archives/edgar/data/1402057/000140205722000121/0001402057-22-000121-index.htm,https://www.sec.gov/Archives/edgar/data/1402057/000140205722000121/cdw-20220630.htm,45.45710059171598,2.065828402366864,2.812869822485207,2.6479289940828403,4.005917159763314,8.181952662721894,-35.650887573964496,8.181952662721894,50.47263313609467,21302112000.0,27526712000.0,19.06741138560687,3.466125158644928,56.01396792006311,59.503106145251394,19.25701681431929,19.25701681431929,4.478946923101955,54.400616600790514,72.3815724428083,76.89025698324022,0.0131113759987742,0.0168058453546765,6.116615440245887,0.4955797584431374,12.301581027667984,1.2999113671615334,7.5441941074523395,1.3616183315431436,0.0031686998922923,0.2416756176154672,0.0,0.0,0.4340552694992346,0.058637917433605,0.00362849425624,0.3136427566807314,0.0038237495525399,19.501448137077457,0.0351885950683535,0.0361464494169718,-58.68694526627219,1624200000.0,-4820000000.0,-5507100000.0,7899600000.0,4680600000.0,3256950000.0,1037350000.0,69.52601776823195,59.94937319189971,18.444431051108968,1.2944794321460915,1.5012667390517551,4.8795216155278895,0.2524859880672572,0.1649408284023668,2022-08-03,2.42,bmo,6178042429.0,2025-04-25,2022-06-30,0.0289256198347108,168.1051612903226,865628.6612903225
2022-03-31,CDW,USD,1402057,2022-05-04,2022-05-04 16:15:45,2022,Q1,5949100000.0,4845000000.0,1104100000.0,0.1855910978,0,0.0,0.0,717200000.0,-500000.0,717200000.0,5562200000.0,0.0,56000000.0,71400000.0,458300000.0,0.0770368627,386900000.0,0.0650350473,-56500000.0,330400000.0,0.0555378124,80200000.0,250200000.0,0.0420567817,1.85,1.83,134900000,136700000,https://www.sec.gov/Archives/edgar/data/1402057/000140205722000084/0001402057-22-000084-index.htm,https://www.sec.gov/Archives/edgar/data/1402057/000140205722000084/cdw-20220331.htm,44.10007412898443,1.85470719051149,2.822831727205337,2.516679021497405,2.8680504077094144,6.620459599703484,-37.568569310600445,6.620459599703484,53.84803558191253,24132261000.0,30953461000.0,24.1129706235012,4.05645576641845,63.37253413865546,71.0817702503682,27.020782667114545,27.020782667114545,5.203049368812089,67.53973598079861,81.28534926470589,91.1736701030928,0.0103678639974928,0.0140683046648633,8.070876721531743,0.533388092172446,14.883700632773293,1.257328990228013,6.908928571428572,1.521982414068745,0.0027970856108343,0.2697841726618705,0.0,0.0,0.4411120484245734,0.1084558823529411,0.0069422265552772,0.5784313725490197,0.0035467549713402,16.621606888064992,0.033684227595111,0.03312722602513,-61.12954040029651,1406200000.0,-5068000000.0,-5749900000.0,7726900000.0,4556450000.0,3156250000.0,991100000.0,69.79459077843707,59.41114551083591,19.590092879256964,1.289498211769806,1.514867273238908,4.594158922814337,0.2801477997984548,0.3061527057079318,2022-05-04,2.01,bmo,5666131286.0,2025-04-25,2022-03-31,0.0945273631840798,182.98403225806453,922419.8548387096
2021-12-31,CDW,USD,1402057,2022-02-28,2022-02-28 16:19:18,2021,Q4,5536900000.0,4561300000.0,975600000.0,0.1761996785,0,636300000.0,199000000.0,636300000.0,-8600000.0,636300000.0,5197600000.0,0.0,43400000.0,51200000.0,432300000.0,0.0780761798,339300000.0,0.0612797775,-52000000.0,287300000.0,0.0518882407,72000000.0,215300000.0,0.0388845744,1.6,1.57,135500000,137700000,https://www.sec.gov/Archives/edgar/data/1402057/000140205722000020/0001402057-22-000020-index.htm,https://www.sec.gov/Archives/edgar/data/1402057/000140205722000020/cdw-20211231.htm,40.86273062730627,1.588929889298893,1.0915129151291514,0.8420664206642067,1.90479704797048,5.208118081180812,-39.15350553505535,5.208118081180812,52.29594095940959,27747690000.0,34532290000.0,32.21979795633999,5.011412523253084,187.61115618661256,243.1874671340929,39.31938500779368,39.31938500779368,6.236755224042335,79.88038399259773,233.4840432724814,302.649342681858,0.0077592044599027,0.004112054012424,9.979736431911578,0.533562131612043,15.694193846865602,1.271212715855573,7.817972350230415,0.6869484440315838,0.0024398427400623,0.3144449605202044,0.1149199010276508,0.0,0.4553994878555086,0.2285327924273157,0.0061044989073308,0.66015625,0.0034857049973812,13.645329821561267,0.029166570211734,0.0299510322185743,-61.97232472324723,1382100000.0,-5305300000.0,-6015600000.0,7744500000.0,4227350000.0,2697450000.0,886000000.0,73.13587025230724,61.446955911691845,18.30267686843663,1.2305863003956083,1.4646779269154198,4.917313497197068,0.3050871475131075,0.2494464944649446,2022-02-09,1.93,bmo,5243055429.0,2025-04-25,2021-12-31,0.077720207253886,190.12484375,842669.75
2021-09-30,CDW,USD,1402057,2021-11-03,2021-11-03 16:24:27,2021,Q3,5300000000.0,4385100000.0,914900000.0,0.1726226415,0,0.0,0.0,528500000.0,400000.0,528500000.0,4913600000.0,0.0,36400000.0,48200000.0,435000000.0,0.0820754717,386400000.0,0.0729056604,-36000000.0,350400000.0,0.0661132075,83800000.0,266600000.0,0.0503018868,1.94,1.91,137300000,139400000,https://www.sec.gov/Archives/edgar/data/1402057/000140205721000153/0001402057-21-000153-index.htm,https://www.sec.gov/Archives/edgar/data/1402057/000140205721000153/cdw-20210930.htm,38.60160233066278,1.9417334304442824,2.125273124544792,1.9235251274581209,1.785142024763292,6.096139839766933,-17.996358339402768,6.096139839766933,33.105608157319736,24991346000.0,29255246000.0,23.43524568642161,4.7153483018867925,85.64546264564771,94.628345323741,29.85823894862605,29.85823894862605,5.519857735849056,67.25343908045977,100.25786840301576,110.77336614918592,0.0106676927285149,0.010567658100528,5.387096774193548,0.5003550978738515,9.80206896551724,1.3806219346759887,10.615384615384617,1.0945236309077269,0.0021927590454711,0.2055513878469617,0.0,0.0,0.3670713302854099,0.094928032899246,0.0052264150943396,0.5746887966804979,0.003188679245283,16.319750818551764,0.0530008492958056,0.0467415887932394,-33.07228696285506,1459000000.0,-2470900000.0,-2882400000.0,5068400000.0,3878350000.0,2244050000.0,866550000.0,67.16547169811321,46.80919477320928,17.330505575699526,1.3399742118170557,1.922699171307055,5.193154902889626,0.3185185185185185,0.2017479970866715,2021-11-03,2.05,bmo,5352600000.0,2025-04-25,2021-09-30,0.0390243902439024,188.885625,642574.546875
2021-06-30,CDW,USD,1402057,2021-08-04,2021-08-04 16:06:40,2021,Q2,5146400000.0,4263600000.0,882800000.0,0.1715373854,0,512900000.0,0.0,512900000.0,36800000.0,512900000.0,4776500000.0,0.0,35500000.0,46600000.0,419300000.0,0.0814744287,369900000.0,0.0718754858,1300000.0,371200000.0,0.0721280895,97100000.0,274100000.0,0.0532605316,1.96,1.93,139800000,141700000,https://www.sec.gov/Archives/edgar/data/1402057/000140205721000109/0001402057-21-000109-index.htm,https://www.sec.gov/Archives/edgar/data/1402057/000140205721000109/cdw-20210630.htm,36.81258941344778,1.96065808297568,0.0021459227467811,-0.1251788268955651,3.5851216022889845,7.502145922746781,-15.525035765379114,7.502145922746781,29.513590844062943,24416070000.0,28005370000.0,22.269308646479388,4.744300870511426,81386.90000000001,-1395.204,23.2800057208238,23.2800057208238,5.441739856987408,66.79077033150489,93351.23333333334,-1600.306857142857,0.0112262128999466,-0.0007167410643891,3.900171624713959,0.4549600151264056,8.560219413307895,1.438052041059919,10.419718309859157,0.0010944910616563,0.0022853800795951,0.2035753374680773,0.0996618995802891,0.0,0.3580509181505745,59.333333333333336,0.0034587284315249,0.3819742489270386,0.0040027980724389,18.19218839144075,0.0459560964528041,0.0474903408008039,-29.65307582260372,1651500000.0,-2170400000.0,-2520500000.0,5171500000.0,3716050000.0,2129100000.0,816900000.0,66.47870355976994,46.59583450605122,18.75949901491697,1.353817014784027,1.9315031258494155,4.797569483515247,0.2613463005339435,0.1273247496423462,2021-08-04,1.8,bmo,4967490000.0,2025-04-25,2021-06-30,0.1222222222222222,172.27269841269842,803725.7301587302
2021-03-31,CDW,USD,1402057,2021-05-05,2021-05-05 16:03:53,2021,Q1,4837500000.0,4042300000.0,795200000.0,0.1643824289,0,0.0,0.0,471800000.0,1100000.0,471800000.0,4514100000.0,0.0,35600000.0,45200000.0,369700000.0,0.0764237726,323400000.0,0.0668527132,-34500000.0,288900000.0,0.0597209302,56300000.0,232600000.0,0.0480826873,1.65,1.63,141100000,143100000,https://www.sec.gov/Archives/edgar/data/1402057/000140205721000073/0001402057-21-000073-index.htm,https://www.sec.gov/Archives/edgar/data/1402057/000140205721000073/cdw-20210331.htm,34.28419560595322,1.6484762579730687,2.442239546420978,2.2955350815024804,6.226789510985117,8.294117647058824,-14.608788093550674,8.294117647058824,31.37845499645641,23387325000.0,26900625000.0,25.136849742046437,4.834589147286822,67.86803540336622,72.20538746526705,19.98404255319149,19.98404255319149,5.560852713178295,72.76338923451448,78.06333430063842,83.05225378203149,0.0099455581174845,0.0138493820905127,3.752798427753567,0.4851052079306345,9.503110630240736,1.4746178524249858,9.084269662921349,1.4815133276010315,0.002415838493714,0.2429062768701633,0.0,0.0,0.3569448279670845,0.0600696459663377,0.0042790697674418,0.4579646017699115,0.003266149870801,17.53951996193933,0.0456113126434114,0.0399525927961662,-27.703933380581148,1760500000.0,-2061300000.0,-2413400000.0,5295900000.0,3611400000.0,2069600000.0,752550000.0,67.54790697674419,45.66014397743859,16.589317962546072,1.3323876938331451,1.971084454846889,5.425177828479399,0.1987524566350508,0.1467044649184975,2021-05-05,1.53,bmo,4583170000.0,2025-04-25,2021-03-31,0.1372549019607843,149.30245901639344,849229.1475409836
2020-12-31,CDW,USD,1402057,2021-02-26,2021-02-26 16:02:24,2020,Q4,4956200000.0,4075300000.0,880900000.0,0.1777369759,0,548700000.0,191000000.0,548700000.0,-100000.0,548700000.0,4624000000.0,0.0,37100000.0,76600000.0,413700000.0,0.0834712078,332200000.0,0.0670271579,-37200000.0,295000000.0,0.0595214075,56700000.0,238300000.0,0.0480811912,1.67,1.65,142700000,145100000,https://www.sec.gov/Archives/edgar/data/1402057/000140205721000022/0001402057-21-000022-index.htm,https://www.sec.gov/Archives/edgar/data/1402057/000140205721000022/cdw-20201231.htm,34.73160476524177,1.669936930623686,4.035739313244569,3.864751226348984,9.8822704975473,9.089698668535387,-12.22074281709881,9.089698668535387,28.96496145760336,18806433000.0,21492433000.0,19.72978703315149,3.794526653484525,32.65572668866122,34.10051314596555,14.498830467967002,14.498830467967002,4.336474113231912,51.95173555716703,37.3197308560514,38.97086672710789,0.0126711960742369,0.0293250719049167,3.157967774265669,0.4383447301679026,6.492627507855934,1.5272041659184772,8.954177897574125,2.4167016365925305,0.0030415124441726,0.2400335711288292,0.1107098180057302,0.0,0.3254251072800625,0.0423684667476992,0.0049231265889189,0.3185378590078329,0.0033291634720148,18.480598708744107,0.0440416264132059,0.0378031949489982,-24.97074281709881,2055200000.0,-1743900000.0,-2094100000.0,5402500000.0,3631950000.0,2005200000.0,704050000.0,65.22920786086114,46.12077638456064,16.784040438740707,1.379750006959717,1.9513981995786247,5.362236842105263,0.1837175237067304,0.1709880868955851,2021-02-10,1.51,bmo,4360420000.0,2025-04-25,2020-12-31,0.2052980132450331,130.9221875,818617.078125
2020-09-30,CDW,USD,1402057,2020-11-02,2020-11-02 16:02:47,2020,Q3,4756400000.0,3930900000.0,825500000.0,0.1735556303,0,507700000.0,0.0,507700000.0,-27500000.0,507700000.0,4438600000.0,0.0,40200000.0,132400000.0,450200000.0,0.094651417,317800000.0,0.0668152384,-67700000.0,250100000.0,0.0525817845,56900000.0,193200000.0,0.0406189555,1.36,1.33,142700000,144800000,https://www.sec.gov/Archives/edgar/data/1402057/000140205720000157/0001402057-20-000157-index.htm,https://www.sec.gov/Archives/edgar/data/1402057/000140205720000157/cdw-20200930.htm,33.33146461107218,1.3538892782060266,1.559915907498248,1.324456902592852,8.756131744919411,8.67904695164681,-12.590749824807288,8.67904695164681,28.889978976874563,17056931000.0,19889831000.0,22.07159808488613,3.586101042805483,76.62592542677449,90.24831216931216,13.772249495357288,13.772249495357288,4.181698553527879,44.17998889382497,89.3523405211141,105.23720105820104,0.0113267738492932,0.0110805396351782,3.296245458215584,0.4425989570345957,6.29253665037761,1.501225043006829,7.90547263681592,1.1521739130434785,0.0031717311865774,0.2800207039337474,0.1067403918930283,0.0,0.3290653425414964,0.1509433962264151,0.0070641661760995,0.2537764350453172,0.0024388192750819,16.25993677078203,0.0364808144652087,0.0312191968974711,-25.63279607568325,1923000000.0,-1796700000.0,-2225600000.0,5359700000.0,3527350000.0,1865500000.0,671450000.0,69.47733580018502,44.00518965122491,14.838586583225217,1.2953864589574595,2.045213319458897,6.065267705600988,0.1559951554299556,0.2354590049053959,2020-11-02,1.5,bmo,3925174863.0,2025-04-25,2020-09-30,0.22,114.389375,790971.78125
2020-06-30,CDW,USD,1402057,2020-08-05,2020-08-05 16:04:17,2020,Q2,4365700000.0,3618500000.0,747200000.0,0.1711523925,0,0.0,0.0,463800000.0,1700000.0,463800000.0,4082300000.0,0.0,39700000.0,125200000.0,408600000.0,0.0935932382,283400000.0,0.0649151339,-38000000.0,245400000.0,0.0562109169,56300000.0,189100000.0,0.0433149323,1.32,1.31,142400000,144300000,https://www.sec.gov/Archives/edgar/data/1402057/000140205720000124/0001402057-20-000124-index.htm,https://www.sec.gov/Archives/edgar/data/1402057/000140205720000124/cdw-2020630x10q.htm,30.65800561797753,1.3279494382022472,2.056179775280899,1.5323033707865168,6.730337078651686,7.412921348314606,-13.830056179775282,7.412921348314606,28.632022471910112,16544032000.000002,19623132000.0,21.872067689053413,3.789548526009575,56.50284153005465,75.82049495875344,15.67263357332323,15.67263357332323,4.4948420642737705,48.025286343612336,67.01889344262295,89.9318606782768,0.0114301036168208,0.0131890460560037,3.824838954149299,0.4614549402823018,7.5357317670093,1.4701109083251438,7.138539042821159,1.5483870967741935,0.0032700613731888,0.2860920148069804,0.0,0.0,0.345734041945254,0.2547814207650273,0.0170877522504982,0.5958466453674122,0.0012827267104931,14.882528570389717,0.0417883979008509,0.0330334527032928,-27.04301264044944,1674300000.0,-1969400000.0,-2458100000.0,5163100000.0,3487400000.0,1888050000.0,683450000.0,69.7393316077605,44.99378195384829,17.28119386486113,1.2905199680747288,2.000276395798784,5.20797351755901,0.1791398256915498,0.523876404494382,2020-08-05,1.38,bmo,3889950641.0,2025-04-25,2020-06-30,0.1304347826086958,108.33666666666667,1051182.2063492064
2020-03-31,CDW,USD,1402057,2020-05-06,2020-05-06 16:05:02,2020,Q1,4389200000.0,3632700000.0,756500000.0,0.172354871,0,510700000.0,0.0,510700000.0,3900000.0,510700000.0,4143400000.0,0.0,37900000.0,91400000.0,337200000.0,0.0768249339,245800000.0,0.0560010936,-34000000.0,211800000.0,0.0482548073,43900000.0,167900000.0,0.0382529846,1.18,1.16,142700000,144900000,https://www.sec.gov/Archives/edgar/data/1402057/000140205720000092/0001402057-20-000092-index.htm,https://www.sec.gov/Archives/edgar/data/1402057/000140205720000092/cdw-2020331x10q.htm,30.75823405746321,1.176594253679047,1.562718990889979,1.3847231955150665,1.5024526979677646,6.234758234057463,-15.276804484933429,6.234758234057463,25.503153468815697,13309629000.0,16696629000.0,19.817791840381176,3.0323587441902853,59.68443497757847,67.35642206477733,14.95968191525233,14.95968191525233,3.8040255627449193,49.51550711743772,74.87277578475336,84.49711032388664,0.0126149271328299,0.0148463942909302,4.04788130830617,0.4379986378672894,10.044483985765124,1.2792827374424216,6.485488126649076,1.3281715306730195,0.0040722397295972,0.3228111971411554,0.1163537774537501,0.0,0.3733338198093014,0.1139013452914798,0.0057869315592818,0.2778993435448578,0.0020049211701449,12.847375841142735,0.0422775034491606,0.032584858423739,-28.64978976874562,1018600000.0,-2180000000.0,-2666900000.0,4549700000.0,3494600000.0,1901050000.0,641650000.0,73.6514626811264,48.73482533652655,16.651251135519033,1.2219716584537432,1.8467286868994968,5.4049992560630855,0.1887152972912217,0.1779957953749124,2020-05-06,1.34,bmo,4261976811.0,2025-04-25,2020-03-31,0.0298507462686565,122.46290322580644,1460002.435483871
2019-12-31,CDW,USD,1402057,2020-02-28,2020-02-28 16:33:20,2019,Q4,4536900000.0,3759400000.0,777500000.0,0.1713725231,0,443800000.0,49900000.0,493700000.0,-9500000.0,493700000.0,4253100000.0,0.0,38300000.0,69600000.0,353400000.0,0.0778945976,283800000.0,0.0625537261,-47800000.0,236000000.0,0.0520178977,50400000.0,185600000.0,0.0409089907,1.29,1.27,143500000,146400000,https://www.sec.gov/Archives/edgar/data/1402057/000140205720000042/0001402057-20-000042-index.htm,https://www.sec.gov/Archives/edgar/data/1402057/000140205720000042/cdw-20191231x10k.htm,31.61602787456446,1.2933797909407665,2.4034843205574914,1.2794425087108017,1.0731707317073171,6.69198606271777,-15.239024390243902,6.69198606271777,24.297560975609755,20497540000.0,23791940000.0,27.609832974137937,4.517961603738235,59.43038561902001,111.64237472766884,21.344933874830783,21.344933874830783,5.244096189027751,67.32297679683079,68.98213975065237,129.58572984749455,0.009054745105998,0.0089571724216662,3.590961157971467,0.4310823311748381,9.322014714204869,1.2413644956178038,7.409921671018277,1.8582974137931032,0.0026588556480436,0.2936422413793103,0.0978200974233507,0.0,0.3934170062754706,0.4676717889243258,0.0355529105777072,2.317528735632184,0.0023804800634794,13.955063222087878,0.0443527412278485,0.0382499021082785,-28.09425087108014,842700000.0,-2186800000.0,-2705000000.0,4484700000.0,3364500000.0,1867500000.0,607400000.0,67.39337433048998,43.92988242804703,14.63212214715114,1.3354428516763313,2.0487193460490465,6.150850785340314,0.1932729355409767,1.12404181184669,2020-02-06,1.48,bmo,4276822929.0,2025-04-25,2019-12-31,0.0608108108108108,132.31125,983676.8125
2019-09-30,CDW,USD,1402057,2019-10-31,2019-10-31 16:05:24,2019,Q3,4907700000.0,4091200000.0,816500000.0,0.1663712126,0,444900000.0,51000000.0,495900000.0,-17400000.0,495900000.0,4587100000.0,0.0,42300000.0,68200000.0,388800000.0,0.0792224464,320600000.0,0.0653259164,-59700000.0,260900000.0,0.0531613587,59200000.0,201700000.0,0.0410986817,1.39,1.37,144500000,147200000,https://www.sec.gov/Archives/edgar/data/1402057/000140205719000219/0001402057-19-000219-index.htm,https://www.sec.gov/Archives/edgar/data/1402057/000140205719000219/cdw-2019930x10q.htm,33.963321799307955,1.395847750865052,1.853287197231834,1.6380622837370242,1.1550173010380622,6.471280276816609,-15.203460207612457,6.471280276816609,23.58754325259516,17808180000.0,21007380000.0,22.07260783341596,3.628620331316095,66.49805825242719,75.23523447401774,19.044145011228743,19.044145011228743,4.280493917721132,54.031327160493824,78.44428678117998,88.7510773130545,0.0113262556869932,0.0132916446262335,3.599721954871137,0.4369799171762017,8.228395061728396,1.325300833076211,7.57919621749409,1.327714427367377,0.0023921591089038,0.211204759543877,0.0906534629256067,0.0,0.406589554854539,0.1161314413741598,0.0063369806630397,0.4560117302052786,0.0026081463822157,14.256252854143204,0.0548579403745569,0.0441250464877163,-26.30121107266436,1054300000.0,-2196900000.0,-2472700000.0,4441600000.0,3352500000.0,1977900000.0,627900000.0,61.098477902072254,41.797027766914354,13.278255768478688,1.4730317855749318,2.1532631578947368,6.777998674618953,0.2156988557373542,0.2152249134948096,2019-10-31,1.58,bmo,4561274117.0,2025-04-25,2019-09-30,0.0759493670886075,114.6753125,1407621.84375
2019-06-30,CDW,USD,1402057,2019-07-31,2019-07-31 16:08:52,2019,Q2,4629900000.0,3856100000.0,773800000.0,0.1671310395,0,420400000.0,53100000.0,473500000.0,1400000.0,473500000.0,4329600000.0,0.0,40500000.0,65000000.0,365300000.0,0.0789001922,300300000.0,0.0648610121,-39100000.0,261200000.0,0.0564159053,64600000.0,196600000.0,0.0424631202,1.35,1.33,145700000,148300000,https://www.sec.gov/Archives/edgar/data/1402057/000140205719000174/0001402057-19-000174-index.htm,https://www.sec.gov/Archives/edgar/data/1402057/000140205719000174/cdw-2019630x10q.htm,31.77693891557996,1.3493479752916953,1.1125600549073438,0.9444063143445436,1.3349347975291694,6.424845573095402,-15.436513383665066,6.424845573095402,23.3761153054221,16395621000.0,19566521000.0,20.848958545269586,3.541247327156094,101.14510178901914,119.15422238372092,17.5148178613396,17.5148178613396,4.22612173049094,53.56288256227758,120.70648365206662,142.19855377906975,0.0119910066230489,0.0083924847982275,3.5951287255635083,0.4248223279768742,8.68026279770052,1.278877553969309,7.4148148148148145,0.8245167853509664,0.0026165523099125,0.2182095625635808,0.0908010972159226,0.0,0.4020752597230462,0.1511412708204811,0.0052916909652476,0.3769230769230769,0.0026350461133069,13.96640355375739,0.0503732445465669,0.0415056896151329,-27.00909402882635,965000000.0,-2249100000.0,-2560500000.0,4430900000.0,3225900000.0,1900600000.0,621450000.0,65.57312252964427,47.98163948030394,15.222115609035036,1.3725135623869802,1.8757174822453544,5.9124501686599205,0.2100202969768187,0.1681537405628002,2019-07-31,1.52,bmo,4398405000.0,2025-04-25,2019-06-30,0.0526315789473684,104.91539682539684,728585.3174603175
2019-03-31,CDW,USD,1402057,2019-05-01,2019-05-01 16:03:46,2019,Q1,3957900000.0,3285800000.0,672100000.0,0.1698122742,0,404000000.0,39200000.0,443200000.0,1000000.0,443200000.0,3729000000.0,0.0,38300000.0,64300000.0,293200000.0,0.0740796887,228900000.0,0.0578336997,-37300000.0,191600000.0,0.0484095101,38700000.0,152900000.0,0.0386315976,1.04,1.02,147000000,149200000,https://www.sec.gov/Archives/edgar/data/1402057/000140205719000137/0001402057-19-000137-index.htm,https://www.sec.gov/Archives/edgar/data/1402057/000140205719000137/cdw-2019331x10q.htm,26.92448979591837,1.0401360544217686,1.7170068027210883,1.5850340136054422,1.9387755102040816,6.308163265306122,-15.625170068027211,6.308163265306122,23.229251700680276,14497140000.0,17588540000.0,23.703629823414,3.662836352611233,57.43716323296355,62.21948497854077,15.633710773212554,15.633710773212554,4.443907122463933,59.98819918144611,69.6851822503962,75.48729613733906,0.0105469078728631,0.016072135607437,3.6411085948452495,0.439664040627645,10.543656207366984,1.2853810264385692,5.976501305483029,1.6507521255722697,0.0029936939285955,0.2838456507521256,0.1020743323479623,0.0,0.4198450419949215,0.0768621236133122,0.00490158922661,0.301710730948678,0.0032087723287602,12.150322263711224,0.0399943123868608,0.0343186766323255,-26.27874149659864,917500000.0,-2296900000.0,-2619700000.0,4429000000.0,3033050000.0,1661250000.0,522500000.0,70.00303191086182,47.80753545559681,16.17962140118084,1.2856585999675167,1.8825484129712384,5.5625529033350265,0.1648873072360616,0.1319727891156462,2019-05-01,1.11,bmo,3542958870.0,2025-04-25,2019-03-31,0.117117117117117,89.24196721311476,855530.4098360656
2018-12-31,CDW,USD,1402057,2019-02-27,2019-02-27 16:44:54,2018,Q4,4074800000.0,3381000000.0,693800000.0,0.1702660253,0,402300000.0,48600000.0,450900000.0,800000.0,450900000.0,3831900000.0,0.0,37100000.0,66900000.0,309800000.0,0.0760282713,242900000.0,0.0596102876,-36300000.0,206600000.0,0.0507018749,47300000.0,159300000.0,0.0390939433,1.07,1.05,149100000,151900000,https://www.sec.gov/Archives/edgar/data/1402057/000140205719000046/0001402057-19-000046-index.htm,https://www.sec.gov/Archives/edgar/data/1402057/000140205719000046/cdw-20181231x10k.htm,27.32930918846412,1.06841046277666,2.0362173038229376,1.816901408450704,1.380281690140845,6.5405767940979205,-14.753856472166332,6.5405767940979205,21.76861167002012,12084555000.0,15087355000.0,18.96508945386064,2.9656805241975066,39.80419960474308,44.60891472868217,12.39187346185398,12.39187346185398,3.702600127613626,48.70030664945126,49.69484519104084,55.69344776670358,0.0131821155185275,0.0224170439043887,3.29019688269073,0.4476470834437825,9.692704970949,1.3545003745852806,6.547169811320755,1.9058380414312617,0.0036327361661227,0.2755806654111739,0.0987287719642681,0.0,0.4429593872511405,0.1077075098814229,0.0080249337390792,0.4887892376681614,0.0026504368312555,12.539157279765252,0.0426636832276288,0.0398978135096551,-23.600603621730382,993700000.0,-2199800000.0,-2395700000.0,4324800000.0,3004250000.0,1593500000.0,467700000.0,65.98704230882498,41.98136645962733,12.093167701863354,1.3639041371000131,2.143808255659122,7.442218798151002,0.1633511074651353,0.2193158953722334,2019-02-07,1.21,bmo,3735233333.0,2025-04-25,2018-12-31,0.090909090909091,86.11825396825397,1088536.349206349
2018-09-30,CDW,USD,1402057,2018-10-31,2018-10-31 16:13:42,2018,Q3,4373200000.0,3659600000.0,713600000.0,0.1631757066,0,390700000.0,48100000.0,438800000.0,200000.0,438800000.0,4098400000.0,0.0,36600000.0,65800000.0,340800000.0,0.0779292052,274800000.0,0.0628372816,-36400000.0,238400000.0,0.0545138571,54700000.0,183700000.0,0.0420058538,1.22,1.2,150900000,153700000,https://www.sec.gov/Archives/edgar/data/1402057/000140205718000230/0001402057-18-000230-index.htm,https://www.sec.gov/Archives/edgar/data/1402057/000140205718000230/cdw-2018930x10q.htm,28.98078197481776,1.2173624917163686,1.7892644135188869,1.658051689860835,1.690523525513585,7.691848906560637,-13.697813121272366,7.691848906560637,21.57720344599072,13274673000.0,16238973000.0,18.065695427327164,3.0354598463367783,49.16545555555555,53.05624700239808,11.436782114241405,11.436782114241405,3.713293011982073,47.64956866197184,60.14434444444444,64.90396882494005,0.0138383823089276,0.0188479219036129,2.7736710605668997,0.4365051387043414,8.69806338028169,1.4085737722458005,7.508196721311475,1.4697876973326076,0.0023880060925041,0.1725639629831246,0.0893396140126223,0.0,0.4376305013965344,0.0733333333333333,0.0045275770602762,0.3009118541033435,0.0024695874874233,14.51498494291058,0.045997209593226,0.0442896062878221,-22.885188866799204,1145600000.0,-2067000000.0,-2265200000.0,4521100000.0,3003450000.0,1651750000.0,529000000.0,62.16980700631117,39.5920319160564,11.831620942179471,1.4476480519050614,2.2731846698552705,7.606734566618167,0.1582665632807788,0.1312127236580517,2018-10-31,1.34,bmo,4126822535.0,2025-04-25,2018-09-30,0.0597014925373133,86.48253968253968,772623.253968254
2018-06-30,CDW,USD,1402057,2018-08-03,2018-08-02 17:41:02,2018,Q2,4186100000.0,3490500000.0,695600000.0,0.1661689878,0,381400000.0,48700000.0,430100000.0,1500000.0,430100000.0,3920600000.0,0.0,37200000.0,66300000.0,331800000.0,0.0792623205,265500000.0,0.0634241896,-35700000.0,229800000.0,0.0548959652,56800000.0,173000000.0,0.0413272497,1.14,1.12,151600000,153900000,https://www.sec.gov/Archives/edgar/data/1402057/000140205718000177/0001402057-18-000177-index.htm,https://www.sec.gov/Archives/edgar/data/1402057/000140205718000177/cdw-2018630x10q.htm,27.61279683377309,1.141160949868074,0.7262532981530343,0.6094986807387863,0.6642480211081794,7.050791556728232,-14.550791556728232,7.050791556728232,21.619393139841687,12247764000.0,15387364000.0,17.69908092485549,2.925817347889444,111.24217983651226,132.55155844155846,11.458287959584622,11.458287959584622,3.675823320035355,46.375418927064494,139.7580744777475,166.5299134199134,0.01412502722946,0.0075442341965439,3.031434184675835,0.4420539965348358,9.462326702833032,1.3633687943262411,7.137096774193548,0.6364161849710983,0.0025963922884209,0.1838150289017341,0.0911110580253696,0.0,0.4467606171812117,0.1607629427792915,0.0042282793053199,0.2669683257918552,0.0026277442010463,13.45499831956326,0.0439413412870208,0.0426602224249747,-23.96141160949868,1024700000.0,-2205900000.0,-2416500000.0,4449800000.0,2785100000.0,1491050000.0,531350000.0,64.19817968992618,43.66824237215298,14.87494628276751,1.4019089082384462,2.060994331601323,6.050442017680707,0.1618486294321265,0.116754617414248,2018-08-02,1.28,bmo,3882759420.0,2025-04-25,2018-06-30,0.0781249999999998,77.39671875,801410.609375
2018-03-31,CDW,USD,1402057,2018-05-03,2018-05-02 17:43:25,2018,Q1,3606400000.0,3002500000.0,603900000.0,0.167452307,0,362700000.0,37100000.0,399800000.0,-700000.0,399800000.0,3402300000.0,0.0,37700000.0,66600000.0,270700000.0,0.0750610027,204100000.0,0.0565938332,-38400000.0,165700000.0,0.0459460958,38700000.0,127000000.0,0.035215173,0.83,0.82,152200000,154800000,https://www.sec.gov/Archives/edgar/data/1402057/000140205718000121/0001402057-18-000121-index.htm,https://www.sec.gov/Archives/edgar/data/1402057/000140205718000121/cdw-2018331x10q.htm,23.695137976346917,0.8344283837056504,1.459921156373193,1.355453350854139,1.4520367936925098,6.549934296977661,-15.446123521681995,6.549934296977661,21.505913272010517,10701182000.0,13715682000.0,21.0653188976378,2.967275399290151,48.16013501350135,51.87194377120698,10.734458822349284,10.734458822349284,3.8031505102040817,50.66746213520502,61.72674167416741,66.48415899175957,0.0118678478695157,0.0192782442163865,3.2455612398435147,0.4603793451813486,11.135943849279643,1.3474927395934173,5.413793103448276,1.7496062992125985,0.0029903238726338,0.2519685039370078,0.100571206743567,0.0,0.476358513923078,0.0715571557155715,0.0044088287488908,0.2387387387387387,0.0022460070984915,11.0893033820037,0.0349864695642671,0.0345099317953316,-23.843298291721418,897400000.0,-2350900000.0,-2551100000.0,4398300000.0,2456750000.0,1303100000.0,467650000.0,64.49035048802129,38.62281432139884,14.561865112406329,1.3955576193793051,2.3302289483896,6.18052696582956,0.1273949242652222,0.1044678055190538,2018-05-02,0.92,bmo,3159893333.0,2025-04-25,2018-03-31,0.1413043478260869,72.9855737704918,912520.6721311476
2017-12-31,CDW,USD,1402057,2018-03-01,2018-02-28 17:42:02,2017,Q4,3838600000.0,3224200000.0,614400000.0,0.1600583546,0,347300000.0,45500000.0,392800000.0,100000.0,392800000.0,3617000000.0,0.0,37100000.0,65700000.0,286600000.0,0.0746626374,221600000.0,0.0577293805,-37000000.0,184600000.0,0.0480904496,-10600000.0,195200000.0,0.0508518731,1.28,1.26,152600000,155300000,https://www.sec.gov/Archives/edgar/data/1402057/000140205718000038/0001402057-18-000038-index.htm,https://www.sec.gov/Archives/edgar/data/1402057/000140205718000038/cdw-20171231x10k.htm,25.154652686762777,1.2791612057667103,2.218872870249017,2.071428571428572,0.944954128440367,6.441022280471822,-15.68610747051114,6.441022280471822,21.445609436435124,10604174000.0,13695474000.0,13.581165471311474,2.762510811233262,31.31770230360307,33.54689655172414,10.788660087496185,10.788660087496185,3.5678304590215184,47.7860223307746,40.44735380980508,43.32639670990193,0.0184078458161852,0.0298090167136073,3.2917896021975785,0.4650978926487077,10.786113049546406,1.3433945756780403,5.973045822102426,1.7346311475409837,0.00303654013976,0.1649590163934426,0.0904756942635335,0.0,0.4853807894661185,0.0664500886001181,0.0058615120095868,0.3424657534246575,0.0026311676131923,13.615428054226502,0.0482715517615604,0.0545251396648044,-25.280307994757536,863500000.0,-2393700000.0,-2595600000.0,4401200000.0,2510700000.0,1271150000.0,499250000.0,54.6128796957224,36.782147509459705,12.54729855468023,1.6479629073112094,2.4468391894968504,7.17285873192436,0.198595991453861,0.1474442988204456,2018-02-07,0.99,bmo,3752100000.0,2025-04-25,2017-12-31,0.0,68.81301587301587,760278.1746031746
2017-09-30,CDW,USD,1402057,2017-11-02,2017-11-01 17:44:07,2017,Q3,4033900000.0,3391900000.0,642000000.0,0.1591511936,0,352000000.0,46300000.0,398300000.0,700000.0,398300000.0,3790200000.0,0.0,37800000.0,65700000.0,309700000.0,0.0767743375,243700000.0,0.0604129998,-37100000.0,206600000.0,0.0512159449,77400000.0,129200000.0,0.032028558,0.84,0.83,153800000,156200000,https://www.sec.gov/Archives/edgar/data/1402057/000140205717000166/0001402057-17-000166-index.htm,https://www.sec.gov/Archives/edgar/data/1402057/000140205717000166/cdw-2017930x10q.htm,26.228218465539666,0.8400520156046815,0.4089726918075422,0.2672301690507152,0.6365409622886866,5.243823146944084,-16.958387516254877,5.243823146944084,22.546814044213264,10150800000.0,13482800000.0,19.641640866873065,2.5163737326160787,161.3799682034976,246.97810218978103,12.586236825790452,12.586236825790452,3.342373385557401,43.53503390377785,214.35294117647052,328.0486618004866,0.0127280608424951,0.0040489419553138,4.252820830750155,0.48296206595511,10.75879883758476,1.3649509516551377,6.447089947089947,0.4872192099147947,0.0024037514284588,0.1888544891640866,0.0872604675376186,0.0,0.4808217634965783,0.3465818759936407,0.0054041994100002,0.3318112633181126,0.0024789905550459,9.955621255926692,0.0332419334411314,0.0350410892028965,-25.382477243172957,933800000.0,-2608200000.0,-2802800000.0,4511000000.0,2682600000.0,1308100000.0,531300000.0,60.06321425915368,32.4932928447183,14.567056811816387,1.4984213067865235,2.769802384452066,6.178324225865209,0.1601983880967142,0.141742522756827,2017-11-01,1.07,bmo,3896781481.0,2025-04-25,2017-09-30,0.0093457943925233,62.577301587301584,692769.0
2017-06-30,CDW,USD,1402057,2017-08-04,2017-08-03 17:50:14,2017,Q2,3994400000.0,3353300000.0,641100000.0,0.1604996996,0,363500000.0,46500000.0,410000000.0,300000.0,410000000.0,3763300000.0,0.0,35900000.0,65300000.0,296100000.0,0.0741287803,231100000.0,0.0578559984,-35600000.0,195500000.0,0.0489435209,54500000.0,141000000.0,0.0352994192,0.9,0.89,156000000,159000000,https://www.sec.gov/Archives/edgar/data/1402057/000140205717000106/0001402057-17-000106-index.htm,https://www.sec.gov/Archives/edgar/data/1402057/000140205717000106/cdw-2017630x10xq.htm,25.605128205128207,0.903846153846154,0.0403846153846153,-0.0698717948717948,0.5064102564102564,5.442948717948718,-16.646153846153847,5.442948717948718,21.36025641025641,9754680000.0,12971980000.0,17.295531914893616,2.442088924494292,1548.3619047619047,-894.9247706422018,11.488258155694265,11.488258155694265,3.247541558181454,43.80945626477541,2059.0444444444443,-1190.0899082568808,0.0144546002534168,-0.0011174123600159,3.882110469909316,0.4681180413542377,10.865585950692331,1.3293284283030682,6.437325905292479,0.0446491849751949,0.0025423694062747,0.175886524822695,0.0910024033647105,0.0,0.4893632129061577,2.7301587301587302,0.0043060284398157,0.2633996937212863,0.0028790306429,10.520966492996047,0.0369987576471859,0.0392135050198848,-24.69150641025641,841500000.0,-2596800000.0,-2795800000.0,4448100000.0,2449150000.0,1227950000.0,503500000.0,60.22907069897857,37.34947663495661,13.784630065905228,1.4942950132804609,2.409672319632078,6.529010903426792,0.1660581792486161,0.1102564102564102,2017-08-03,1.03,bmo,3891700000.0,2025-04-25,2017-06-30,0.0,59.82,854456.4603174604
2017-03-31,CDW,USD,1402057,2017-05-04,2017-05-03 17:42:33,2017,Q1,3324700000.0,2772100000.0,552600000.0,0.1662104852,0,347400000.0,35400000.0,382800000.0,900000.0,382800000.0,3154900000.0,0.0,39700000.0,64200000.0,234900000.0,0.0706529912,169800000.0,0.0510722772,-96200000.0,73600000.0,0.0221373357,16000000.0,57600000.0,0.0173248714,0.36,0.35,159400000,162800000,https://www.sec.gov/Archives/edgar/data/1402057/000140205717000056/0001402057-17-000056-index.htm,https://www.sec.gov/Archives/edgar/data/1402057/000140205717000056/cdw-2017331x10xq.htm,20.85759096612296,0.3613550815558344,2.320577164366374,2.197616060225847,1.5790464240903388,5.691969887076537,-16.103513174404014,5.691969887076537,20.82936010037641,9198974000.0,12227774000.0,39.92610243055555,2.766858363160586,24.8688131927548,26.26027405081359,10.138844924501267,10.138844924501267,3.677857851836256,52.05523201362282,33.05697215463639,34.90657721952612,0.0062615678661555,0.0380803337415672,3.615672875564863,0.4842280839003941,12.893997445721585,1.393557675004499,4.277078085642318,6.421875,0.0027720482740792,0.4427083333333333,0.1044906307336,0.0,0.5128197558563479,0.0529872938632062,0.0058952687460522,0.3052959501557632,0.0036394261136343,6.802830327301471,0.0290755637409721,0.0174519012270868,-23.21267252195734,874800000.0,-2566900000.0,-2769800000.0,4511400000.0,2314350000.0,1068600000.0,472700000.0,60.2364123078774,34.55394827026442,16.018902636990006,1.494112888729103,2.60462275674152,5.618362383461695,0.063485065579191,0.1229611041405269,2017-05-03,0.75,bmo,3256000000.0,2025-04-25,2017-03-31,0.0,56.27564516129033,904524.758064516
2016-12-31,CDW,USD,1402057,2017-03-01,2017-02-28 17:54:47,2016,Q4,3492400000.0,2914500000.0,577900000.0,0.1654735998,0,336100000.0,44600000.0,380700000.0,-500000.0,380700000.0,3295200000.0,0.0,33900000.0,63800000.0,261000000.0,0.0747337075,197200000.0,0.0564654679,-34400000.0,162800000.0,0.046615508,59600000.0,103200000.0,0.0295498797,0.64,0.63,160100000,163300000,https://www.sec.gov/Archives/edgar/data/1402057/000140205717000007/0001402057-17-000007-index.htm,https://www.sec.gov/Archives/edgar/data/1402057/000140205717000007/cdw-20161231x10k.htm,21.813866333541537,0.6445971267957527,0.6539662710805746,0.5159275452841974,1.6470955652717052,6.530293566520925,-15.397251717676452,6.530293566520925,20.414116177389133,8339609000.000001,11310309000.0,20.202541182170545,2.387930649410148,79.6524259789876,100.96378934624698,7.976670492587279,7.976670492587279,3.238549135265147,43.33451724137931,108.02587392550144,136.9286803874092,0.0123746808753264,0.0099045410881973,3.093639406982305,0.4654884577744517,11.381992337164752,1.4197833998333844,5.817109144542773,1.0145348837209305,0.0030696882791507,0.2480620155038759,0.0962375443820868,0.0,0.5052386160842784,0.2110792741165234,0.0063280265719848,0.3463949843260188,0.0031783300881915,9.731993145164251,0.0266754274692476,0.0300191983245098,-22.55199875078076,957400000.0,-2465100000.0,-2664800000.0,4631700000.0,2346350000.0,1035300000.0,451800000.0,61.93878135379681,33.13124034997427,13.957797220792589,1.4530476388599958,2.716469382048653,6.448008849557522,0.0987087517934002,0.1380387257963772,2017-02-07,0.79,bmo,2998130232.0,2025-04-25,2016-12-31,0.0886075949367087,48.76095238095238,736541.3968253968
2016-09-30,CDW,USD,1402057,2016-11-03,2016-11-02 17:57:47,2016,Q3,3708200000.0,3093900000.0,614300000.0,0.1656598889,0,334900000.0,41900000.0,376800000.0,400000.0,376800000.0,3470700000.0,0.0,37600000.0,63000000.0,298800000.0,0.0805781781,237500000.0,0.0640472466,-39300000.0,198200000.0,0.0534491128,72300000.0,125900000.0,0.0339517825,0.78,0.76,162100000,164900000,https://www.sec.gov/Archives/edgar/data/1402057/000140205716000116/0001402057-16-000116-index.htm,https://www.sec.gov/Archives/edgar/data/1402057/000140205716000116/cdw-2016930x10xq.htm,22.876002467612587,0.7766810610734115,1.148673658235657,1.051819864281308,0.729796421961752,6.110425663170882,-15.96545342381246,6.110425663170882,20.22825416409624,7412832999.999999,10535933000.0,14.719684273232724,1.9990380777735823,39.81113319011816,43.47702639296187,7.483930338213024,7.483930338213024,2.84125262930802,35.26081994645248,56.58395810955961,61.7943284457478,0.0169840599403763,0.0230006530566653,3.2724886420999497,0.478590833923931,10.452141900937082,1.4095354523227384,6.316489361702128,1.4789515488482925,0.0023472807224984,0.1382049245432883,0.090313359581468,0.0,0.5283634538152611,0.0843179377013963,0.004233860093846,0.2492063492063492,0.0026967261744242,10.333521542670711,0.0323430220251099,0.0394139561093197,-22.95681677976557,871000000.0,-2588000000.0,-2784500000.0,4612000000.0,2185850000.0,1037900000.0,469450000.0,55.56011002642792,29.022592843983325,13.13681760884321,1.619867202516163,3.101032374461261,6.850974313551816,0.1271075214538112,0.0968537939543491,2016-11-02,0.9,bmo,3440597938.0,2025-04-25,2016-09-30,0.0777777777777777,43.8590625,969282.453125
2016-06-30,CDW,USD,1402057,2016-08-04,2016-08-03 18:00:51,2016,Q2,3664600000.0,3054100000.0,610500000.0,0.1665938984,0,344700000.0,42300000.0,387000000.0,900000.0,387000000.0,3441100000.0,0.0,36900000.0,63700000.0,287200000.0,0.0783714457,223500000.0,0.060988921,-36000000.0,187500000.0,0.0511652022,70000000.0,117500000.0,0.0320635267,0.71,0.7,164900000,166700000,https://www.sec.gov/Archives/edgar/data/1402057/000140205716000113/0001402057-16-000113-index.htm,https://www.sec.gov/Archives/edgar/data/1402057/000140205716000113/cdw-2016630x10xq.htm,22.223165554881746,0.7125530624620983,-0.6943602183141298,-0.7835051546391752,0.7847180109157065,6.145542753183748,-15.91024863553669,6.145542753183748,19.875075803517284,6609192000.0,9720292000.0,14.062110638297872,1.8035234404846368,-57.722200873362446,-51.15473684210527,6.521799881586737,6.521799881586737,2.652483763575834,33.845027855153205,-84.89337991266376,-75.23445820433436,0.0177782700215094,-0.0195485318023746,3.197651470298007,0.4704626954514438,10.832520891364902,1.4121779859484778,6.056910569105691,-0.9744680851063828,0.002678088335155,0.1506382978723404,0.0940621077334497,0.0,0.5280274103863296,-0.1283842794759825,0.0040113518528625,0.2307692307692307,0.0026469464607324,9.926130638805777,0.0295716065283026,0.036143837091267,-23.890691328077622,897600000.0,-2623600000.0,-2799200000.0,4698400000.0,1931350000.0,1018350000.0,473850000.0,51.14473612399716,31.77007956517468,14.360040601159096,1.7597118847539015,2.8328540951674244,6.267391750461728,0.1159463193210973,0.0891449363250454,2016-08-03,0.83,bmo,3349365591.0,2025-04-25,2016-06-30,0.1204819277108434,41.474375,1004626.4375
2016-03-31,CDW,USD,1402057,2016-05-05,2016-05-04 17:38:13,2016,Q1,3116700000.0,2592200000.0,524500000.0,0.1682869702,0,329300000.0,34200000.0,363500000.0,1000000.0,363500000.0,2955700000.0,0.0,38100000.0,64000000.0,225000000.0,0.0721917413,161000000.0,0.0516572015,-37100000.0,123900000.0,0.0397535855,46100000.0,77800000.0,0.0249622999,0.47,0.46,167300000,168900000,https://www.sec.gov/Archives/edgar/data/1402057/000140205716000107/0001402057-16-000107-index.htm,https://www.sec.gov/Archives/edgar/data/1402057/000140205716000107/cdw-2016331x10xq.htm,18.62940824865511,0.4650328750747161,2.5558876270173343,2.490137477585176,1.4835624626419606,6.215780035863718,-16.023311416616856,6.215780035863718,19.6652719665272,6942950000.0,9946650000.0,22.310250642673523,2.227660666730837,16.23702057998129,16.66574651944311,6.676555438022887,6.676555438022887,3.191404370006738,44.20733333333333,23.261576239476145,23.87578012481997,0.0112056114475835,0.0600033127128958,3.127127608423887,0.4840649607764331,13.349777777777778,1.4491612637645364,4.225721784776903,5.496143958868895,0.002592557918464,0.2313624678663239,0.1056566239933262,0.0,0.5538337873442594,0.0257249766136576,0.0035293740173901,0.171875,0.0026951583405525,8.064564239341692,0.0210555348851876,0.0259566943582557,-23.09892408846384,872900000.0,-2680700000.0,-2861700000.0,4761900000.0,1898800000.0,912550000.0,426750000.0,51.40629511983829,33.28215415477201,15.984877710053237,1.7507583417593529,2.7041518881702484,5.630321459600348,0.0748148860467352,0.0657501494321578,2016-05-04,0.65,bmo,3023664179.0,2025-04-25,2016-03-31,0.0307692307692307,38.981147540983606,1147174.9180327868
2015-12-31,CDW,USD,1402057,2016-02-25,2016-02-24 17:48:36,2015,Q4,3418400000.0,2860800000.0,557600000.0,0.1631172478,0,338500000.0,39200000.0,377700000.0,200000.0,377700000.0,3238500000.0,0.0,38400000.0,62400000.0,252300000.0,0.0738064592,179900000.0,0.05262696,-38200000.0,141700000.0,0.0414521414,52400000.0,89300000.0,0.0261233326,0.53,0.52,168500000,170100000,https://www.sec.gov/Archives/edgar/data/1402057/000140205716000057/0001402057-16-000057-index.htm,https://www.sec.gov/Archives/edgar/data/1402057/000140205716000057/cdw-20151231x10k.htm,20.287240356083085,0.5299703264094956,-0.1032640949554896,-0.3774480712166172,0.2231454005934718,6.5038575667655785,-15.910385756676558,6.5038575667655785,19.57329376854599,7083740000.0,10305840000.0,19.83129899216125,2.0722384741399487,-407.1114942528735,-111.37955974842768,6.463856191258326,6.463856191258326,3.0148139480458696,40.84756242568371,-592.2896551724137,-162.04150943396226,0.0126063350715864,-0.0089783080689014,2.974450223560544,0.4825396355454236,12.770907649623464,1.4787262226461082,4.684895833333333,-0.1948488241881299,0.0025833810952971,0.2049272116461366,0.0990229347062953,0.0,0.5590869391440795,-2.655172413793104,0.0135150947811841,0.7403846153846154,0.0032763866136204,8.806483926377284,0.0231602014065194,0.0299815343293604,-23.21780415430267,903500000.0,-2680900000.0,-2868600000.0,4855700000.0,1938700000.0,939600000.0,402250000.0,53.11432249005382,27.259857382550333,12.366820469798656,1.694458213542183,3.301557991921523,7.277537522258967,0.0814855370015512,0.2741839762611276,2016-02-09,0.73,bmo,3371572602.0,2025-04-25,2015-12-31,0.0,43.53078125,1275429.1875
2015-09-30,CDW,USD,1402057,2015-11-06,2015-11-06 08:46:42,2015,Q3,3501100000.0,2933900000.0,567200000.0,0.1620062266,0,321400000.0,41200000.0,362600000.0,-18000000.0,362600000.0,3296500000.0,0.0,38500000.0,59900000.0,264500000.0,0.075547685,204600000.0,0.0584387764,41600000.0,246200000.0,0.0703207563,95300000.0,150900000.0,0.0431007398,0.89,0.88,169600000,171000000,https://www.sec.gov/Archives/edgar/data/1402057/000140205715000047/0001402057-15-000047-index.htm,https://www.sec.gov/Archives/edgar/data/1402057/000140205715000047/cdw-2015930x10xq.htm,20.64327830188679,0.8897405660377359,1.1544811320754718,1.0306603773584906,0.5748820754716981,6.342570754716981,-16.315448113207548,6.342570754716981,19.494693396226417,6929856000.0,10100156000.0,11.480874751491053,1.979336779869184,35.39252298263534,39.644485125858125,6.442182764711351,6.442182764711351,2.8848521893119305,38.185844990548205,51.584044943820224,57.78121281464531,0.0217753442495774,0.0252241893626649,3.037835827833039,0.4847289178966105,11.98601134215501,1.4610289011165127,5.314285714285714,1.2975480450629555,0.0016450558279998,0.0755467196819085,0.0917997200879723,0.0,0.5700215085663428,0.1072522982635342,0.0059981148781811,0.350584307178631,0.0022278712404672,11.26822772676858,0.0256075393084396,0.0520578190223203,-23.3938679245283,863000000.0,-2767100000.0,-2930900000.0,4860200000.0,1786250000.0,933300000.0,423800000.0,47.81354431464397,31.065475987593302,12.620062033470807,1.8823118279569893,2.897106744346796,7.13150218765192,0.1402807474202844,0.1238207547169811,2015-11-04,0.8,bmo,3334380952.0,2025-04-25,2015-09-30,0.0499999999999999,37.863125,1116096.84375
2015-06-30,CDW,USD,1402057,2015-08-07,2015-08-07 08:52:24,2015,Q2,3314000000.0,2779500000.0,534500000.0,0.1612854556,0,290600000.0,38000000.0,328600000.0,4000000.0,328600000.0,3108100000.0,0.0,37800000.0,52600000.0,258500000.0,0.078002414,205900000.0,0.0621303561,-33800000.0,172100000.0,0.051931201,63900000.0,108200000.0,0.0326493663,0.63,0.63,171000000,172500000,https://www.sec.gov/Archives/edgar/data/1402057/000140205715000044/0001402057-15-000044-index.htm,https://www.sec.gov/Archives/edgar/data/1402057/000140205715000044/cdw-2015630x10xq.htm,19.380116959064328,0.632748538011696,-0.460233918128655,-0.5356725146198831,1.9631578947368424,5.823391812865497,-13.504093567251465,5.823391812865497,18.756725146198832,5861880000.0,8695780000.0,13.544085027726432,1.7688231744115872,-74.4838627700127,-63.9943231441048,5.886603735689898,5.886603735689898,2.623952926976464,33.63938104448743,-110.49275730622618,-94.932096069869,0.0184582420656854,-0.0156263860740922,3.182968467563768,0.5070386485794728,10.962862669245649,1.6697834645669292,5.447089947089947,-0.7273567467652495,0.0019618279459832,0.1062846580406654,0.0876885938442969,0.0,0.5286984898899412,-0.1639135959339263,0.0038925769462884,0.2452471482889733,0.002263126131563,9.105312172399596,0.0278927393600805,0.0367252732333174,-19.983771929824563,1088800000.0,-2309200000.0,-2541000000.0,4528000000.0,1580700000.0,774500000.0,396600000.0,46.507242003621,27.6492174851592,14.1241230437129,1.9351824817518248,3.2550649959011597,6.372077028885832,0.1086563566981321,0.075438596491228,2015-08-03,0.7,bmo,2863950617.0,2025-04-25,2015-06-30,0.1571428571428573,37.31666666666666,982137.9682539684
2015-03-31,CDW,USD,1402057,2015-05-08,2015-05-08 08:38:32,2015,Q1,2755200000.0,2298700000.0,456500000.0,0.1656867015,0,275500000.0,29400000.0,304900000.0,4500000.0,304900000.0,2603600000.0,0.0,44800000.0,52500000.0,204100000.0,0.0740781069,151600000.0,0.0550232288,-64600000.0,87000000.0,0.0315766551,32300000.0,54700000.0,0.0198533682,0.32,0.32,172100000,173500000,https://www.sec.gov/Archives/edgar/data/1402057/000140205715000041/0001402057-15-000041-index.htm,https://www.sec.gov/Archives/edgar/data/1402057/000140205715000041/cdw-2015331x10xq.htm,16.00929692039512,0.3178384660081348,1.033120278907612,0.9750145264381174,2.599651365485183,5.668216153399187,-13.762347472399767,5.668216153399187,18.890180127832657,6409004000.0,9167804000.0,29.291608775137117,2.32614837398374,36.046141732283466,38.19430274135876,6.569968221424911,6.569968221424911,3.327454994192799,44.9181969622734,51.56245219347581,54.63530393325387,0.0085348675082742,0.0261819153178871,3.28672475653511,0.526590677659889,13.51690347868692,1.7437570145903478,3.383928571428572,3.250457038391225,0.0018255566699599,0.2138939670932358,0.0999927409988385,0.0,0.5492231383240811,0.0562429696287964,0.00362950058072,0.1904761904761904,0.0017058652729384,6.366748413591972,0.020373700803497,0.0199300444509218,-19.75900639163277,1060300000.0,-2368500000.0,-2627200000.0,4539400000.0,1505000000.0,699550000.0,347250000.0,47.32905052264809,27.21494757906643,13.97746552399182,1.9015805093519225,3.307006186160265,6.438935574229692,0.0560738083034341,0.0581057524694944,2015-05-07,0.52,bmo,2607600000.0,2025-04-25,2015-03-31,0.0769230769230769,36.41639344262296,980609.3606557376
2014-12-31,CDW,USD,1402057,2015-02-26,2015-02-26 07:01:35,2014,Q4,3050100000.0,2558200000.0,491900000.0,0.1612734009,0,290100000.0,37500000.0,327600000.0,1300000.0,327600000.0,2885800000.0,0.0,48600000.0,52000000.0,216300000.0,0.0709157077,164300000.0,0.0538670863,-84200000.0,80100000.0,0.0262614341,28300000.0,51800000.0,0.0169830497,0.3,0.3,171600000,173200000,https://www.sec.gov/Archives/edgar/data/1402057/000140205715000003/0001402057-15-000003-index.htm,https://www.sec.gov/Archives/edgar/data/1402057/000140205715000003/cdw-20141231x10k.htm,17.774475524475523,0.3018648018648018,0.4924242424242424,0.3764568764568765,2.007575757575758,5.457459207459207,-14.276806526806526,5.457459207459207,18.87296037296037,6035172000.0,8880672000.0,29.127277992278,1.978680043277269,71.42215384615385,93.42371517027864,6.44439081687133,6.44439081687133,2.9116002754008066,41.05719833564494,105.0967100591716,137.4717027863777,0.0085830196720159,0.0107039202859504,3.406300053390283,0.5229593927769308,13.155339805825244,1.6712534059945503,3.380658436213992,1.6312741312741312,0.0019386357174244,0.2258687258687258,0.0951116356840759,0.0,0.5551566419121625,0.2355029585798816,0.006524376249959,0.3826923076923076,0.0016065047047637,6.088253768755087,0.0228630464367198,0.0190897365026718,-20.275786713286717,985400000.0,-2449900000.0,-2710000000.0,4509000000.0,1517150000.0,740950000.0,380500000.0,46.06373561522573,24.76741458838245,11.873582988038464,1.9538146178976363,3.633806818181818,7.579851851851852,0.0553123331553657,0.1159673659673659,2015-02-10,0.54,bmo,2791616949.0,2025-04-25,2014-12-31,0.0925925925925924,32.34078125,939007.40625
2014-09-30,CDW,USD,1402057,2014-11-12,2014-11-12 08:30:27,2014,Q3,3266100000.0,2758800000.0,507300000.0,0.1553228621,0,285400000.0,37200000.0,322600000.0,700000.0,322600000.0,3081400000.0,0.0,50100000.0,51900000.0,236600000.0,0.0724411377,184700000.0,0.0565506261,-95200000.0,89500000.0,0.0274027127,33900000.0,55600000.0,0.0170233612,0.33,0.32,170900000,173000000,https://www.sec.gov/Archives/edgar/data/1402057/000140205714000011/0001402057-14-000011-index.htm,https://www.sec.gov/Archives/edgar/data/1402057/000140205714000011/cdw-201493010xq.htm,19.1111761263897,0.3253364540667057,1.021650087770626,0.9391456992393212,2.093622001170275,5.231129315389117,-14.813341135166764,5.231129315389117,18.79344645991808,5306445000.0,8110345000.0,23.859914568345324,1.624703775144668,30.39201030927835,33.06196261682243,5.935620805369127,5.935620805369127,2.483189430819632,34.278719357565514,46.45100229095075,50.5317445482866,0.0104778246076233,0.0302462383007832,3.5365771812080538,0.517683465959328,11.850803043110735,1.647158942131448,3.686626746506986,3.1402877697841727,0.0013756856049577,0.1312949640287769,0.0873825051284406,0.0,0.5608933425025379,0.0807560137457044,0.0043170754110406,0.2716763005780346,0.0011940846881601,6.188071904902569,0.0249697522603134,0.0207323439480945,-20.707723815096543,988600000.0,-2531600000.0,-2697200000.0,4545900000.0,1499650000.0,793900000.0,436550000.0,40.59520529071369,25.377337973031757,13.81578947368421,2.2170105891935923,3.546471268800617,6.514285714285714,0.0621923937360179,0.0825043885313048,2014-11-06,0.62,bmo,3164034375.0,2025-04-25,2014-09-30,0.032258064516129,31.615625,579052.65625
2014-06-30,CDW,USD,1402057,2014-08-13,2014-08-13 08:13:39,2014,Q2,3106000000.0,2609100000.0,496900000.0,0.1599806825,0,273900000.0,34800000.0,308700000.0,100000.0,308700000.0,2917800000.0,0.0,48500000.0,52000000.0,240200000.0,0.0773341919,188200000.0,0.0605924018,-51000000.0,137200000.0,0.0441725692,50600000.0,86600000.0,0.0278815196,0.51,0.5,170200000,172700000,https://www.sec.gov/Archives/edgar/data/1402057/000144530514003628/0001445305-14-003628-index.htm,https://www.sec.gov/Archives/edgar/data/1402057/000144530514003628/cdw-201463010xq.htm,18.249118683901298,0.5088131609870741,-0.4136310223266745,-0.4823736780258519,1.337250293772033,4.963572267920094,-15.40716803760282,4.963572267920094,18.651586368977675,5425976000.0,8324376000.0,15.663903002309468,1.7469336767546684,-77.07352272727273,-66.08984165651644,6.42279356060606,6.42279356060606,2.6800952994204765,34.656019983347214,-118.24397727272728,-101.39313032886724,0.0159602622643373,-0.0151309183822412,3.700284090909091,0.5170959257605081,12.06661115736886,1.5792467634366418,3.8804123711340206,-0.812933025404157,0.0013453800754002,0.0842956120092378,0.0881841596909208,0.0,0.5735199245695003,-0.1661931818181818,0.0037669027688345,0.225,0.001384417256922,7.538199065236641,0.0262156471871483,0.0335893258862772,-21.1722972972973,885900000.0,-2622300000.0,-2785200000.0,4482800000.0,1430550000.0,746800000.0,419000000.0,44.22054088860271,27.937219730941703,15.508796136598828,2.035253259943647,3.221508828250401,5.803158362989324,0.1025094696969697,0.0687426556991774,2014-07-31,0.58,bmo,2642417910.0,2025-04-25,2014-06-30,0.1551724137931036,29.34253968253968,761984.4603174604
2014-03-31,CDW,USD,1402057,2014-05-12,2014-05-12 08:34:17,2014,Q1,2652300000.0,2227100000.0,425200000.0,0.16031369,0,260900000.0,28500000.0,289400000.0,500000.0,289400000.0,2516500000.0,0.0,50100000.0,52000000.0,187800000.0,0.0708064699,135800000.0,0.0512008446,-55000000.0,80800000.0,0.0304641255,29900000.0,50900000.0,0.0191908909,0.3,0.3,169600000,1723000000,https://www.sec.gov/Archives/edgar/data/1402057/000140205714000005/0001402057-14-000005-index.htm,https://www.sec.gov/Archives/edgar/data/1402057/000140205714000005/cdw-201433110xq.htm,15.638561320754716,0.3001179245283019,1.4522405660377358,1.3974056603773586,1.808372641509434,4.450471698113208,-16.21992924528302,4.450471698113208,19.00058962264151,4653824000.0,7519524000.0,22.85768172888016,1.7546371074162048,18.894941128704836,19.63638818565401,6.165638579756227,6.165638579756227,2.8350955774233686,40.04006389776358,30.52993909866017,31.72794936708861,0.0109372421475328,0.05092586225865,4.202967673555909,0.5365581395348837,15.259318423855165,1.5847021501586185,2.7105788423153694,4.8388998035363455,0.0015686025083888,0.143418467583497,0.0983674546619914,0.0,0.5929302325581395,0.0377588306942752,0.0035063906797873,0.1788461538461538,0.0012442031444406,5.482015359994705,0.0189708779943501,0.0211484128303141,-21.553950471698112,829400000.0,-2750900000.0,-2909800000.0,4465000000.0,1393000000.0,673250000.0,385200000.0,45.30030539531728,27.62920389744511,15.695747833505456,1.986741573033708,3.257422846277607,5.734037075180226,0.0674350821409645,0.0548349056603773,2014-05-08,0.42,bmo,2426572340.0,2025-04-25,2014-03-31,0.119047619047619,24.719016393442622,458321.8524590164
2013-12-31,CDW,USD,1402057,2014-03-05,2014-03-05 08:33:33,2013,Q4,2713300000.0,2265000000.0,448300000.0,0.16522316,0,270600000.0,35700000.0,306300000.0,600000.0,306300000.0,2571300000.0,0.0,51500000.0,51900000.0,193900000.0,0.0714627944,142000000.0,0.0523347953,-59400000.0,82600000.0,0.0304426344,22600000.0,60000000.0,0.0221132938,0.35,0.35,169000000,172100000,https://www.sec.gov/Archives/edgar/data/1402057/000140205714000002/0001402057-14-000002-index.htm,https://www.sec.gov/Archives/edgar/data/1402057/000140205714000002/cdw-20131231x10k.htm,16.055029585798817,0.3550295857988165,-0.0266272189349112,-0.1248520710059171,1.11301775147929,4.211242603550296,-16.784615384615385,4.211242603550296,19.54260355029586,3947840000.0,7010940000.0,16.449333333333335,1.454995761618693,-877.2977777777777,-187.10142180094783,5.547056343965155,5.547056343965155,2.583916264327572,36.15750386797318,-1557.986666666667,-332.272037914692,0.0151981843235794,-0.0053446948204587,4.568216945342138,0.5487627856732944,15.797318205260444,1.5781405960359334,2.7572815533980584,-0.075,0.0018491124260355,0.1216666666666666,0.0997309549257361,0.0,0.598909631029943,-3.688888888888889,0.0061180112777798,0.3198458574181118,0.0008476762613791,5.800008934288619,0.0225834609970375,0.0252493372048983,-22.16301775147929,810900000.0,-2836600000.0,-2999400000.0,4490300000.0,1380800000.0,667700000.0,367900000.0,48.12958390152213,26.3364238410596,15.178807947019866,1.869951757408684,3.417320458660229,5.929319371727749,0.0843051847688632,0.0982248520710059,2014-02-13,0.46,bmo,2311329629.0,2025-04-25,2013-12-31,0.1739130434782609,22.436875,425792.65625
2013-09-30,CDW,USD,1402057,2013-11-07,2013-11-07 10:27:00,2013,Q3,2864300000.0,2405900000.0,458400000.0,0.160039102,0,332400000.0,33100000.0,365500000.0,-200000.0,365500000.0,2771400000.0,0.0,56200000.0,52000000.0,134500000.0,0.0469573718,92900000.0,0.0324337534,-97700000.0,-4800000.0,-0.0016758021,-2600000.0,-2200000.0,-0.000768076,-0.0132,-0.0132,166800000,166800000,https://www.sec.gov/Archives/edgar/data/1402057/000140205713000012/0001402057-13-000012-index.htm,https://www.sec.gov/Archives/edgar/data/1402057/000140205713000012/cdw-201393010xq.htm,17.172062350119905,-0.013189448441247,0.9814148681055156,0.9184652278177458,2.0995203836930454,3.9556354916067145,-17.557553956834532,3.9556354916067145,20.78117505995204,3808043999.999999,6867944000.0,-432.7322727272727,1.3294850399748628,23.262333536957847,24.856684073107047,5.771512579569566,5.771512579569566,2.397773976189645,51.062780669144985,41.95445326817349,44.82992167101827,-0.0005777244170498,0.0402306275872862,5.168384358896636,0.5646982844273697,22.750185873605947,1.5273638489809556,1.6530249110320283,-74.4090909090909,0.0,0.0,0.1160492965122368,0.0,0.5942240180168246,0.0641417226634086,0.0036658171280941,0.2019230769230769,0.014069755263066,,0.0090349834843437,-0.0008978126020241,-23.195143884892087,789200000.0,-2928600000.0,-3093300000.0,4507200000.0,1433100000.0,721800000.0,366150000.0,41.18074224068708,25.16064674342242,13.234964046718485,2.185487562948268,3.577014570324115,6.800169587337479,-0.0033343437405274,0.0629496402877697,2013-11-01,0.47,bmo,2692442000.0,2025-04-25,2013-09-30,0.0638297872340426,22.09125,225623.40625
2013-06-30,CDW,USD,1402057,2013-08-12,2013-08-12 16:10:17,2013,Q2,2779300000.0,2327700000.0,451600000.0,0.1624869571,0,266400000.0,31600000.0,298000000.0,200000.0,298000000.0,2625700000.0,0.0,70300000.0,52300000.0,195800000.0,0.0704493937,153600000.0,0.0552657144,-80400000.0,73200000.0,0.026337567,26500000.0,46700000.0,0.0168027921,0.32,0.32,145200000,145200000,https://www.sec.gov/Archives/edgar/data/1402057/000140205713000008/0001402057-13-000008-index.htm,https://www.sec.gov/Archives/edgar/data/1402057/000140205713000008/cdw-201363010xq.htm,19.141184573002757,0.3216253443526171,-0.006198347107438,-0.0833333333333333,1.2348484848484849,1.4393939393939394,-23.43044077134986,1.4393939393939394,26.13429752066116,2662968000.0,6208068000.0,14.255717344753748,0.9581434174072608,-2958.853333333333,-220.08,12.741473684210526,12.741473684210526,2.233680423128126,31.706169560776303,-6897.8533333333335,-513.0634710743801,0.0175368235742975,-0.0045438022537259,17.820095693779905,0.6186197159704343,18.105720122574056,1.5455992250207584,2.1849217638691325,-0.019271948608137,0.0,0.0,0.0958514733925808,0.0,0.5998006810065609,-12.444444444444445,0.0040297916741625,0.2141491395793499,0.0007555859389054,3.227425499817855,0.02135491688959,0.019382418859467,-29.45075757575757,788500000.0,-3402100000.0,-3577800000.0,4532300000.0,1485800000.0,706550000.0,368450000.0,50.37383513834418,29.810542595695324,14.634617863126692,1.7866418102339934,3.019066147859922,6.149801849405549,0.223444976076555,0.0771349862258953,2013-08-12,,bmo,,2025-04-25,2013-06-30,,18.495,4502065.0
2013-03-31,CDW,USD,1402057,2013-05-09,2013-05-09 12:30:49,2013,Q1,2411700000.0,2009700000.0,402000000.0,0.1666873989,0,251500000.0,30400000.0,281900000.0,400000.0,281900000.0,2291600000.0,0.0,72100000.0,52000000.0,172500000.0,0.0715263092,120100000.0,0.049798897,-75600000.0,44500000.0,0.0184517146,16200000.0,28300000.0,0.0117344612,0.19,0.19,145200000,146100000,https://www.sec.gov/Archives/edgar/data/1402057/000140205713000005/0001402057-13-000005-index.htm,https://www.sec.gov/Archives/edgar/data/1402057/000140205713000005/cdw-201333110xq.htm,16.609504132231404,0.1949035812672176,1.4325068870523416,1.371900826446281,1.013085399449036,1.128099173553719,-24.024104683195592,1.128099173553719,25.846418732782368,2667324000.0,6201024000.0,23.562932862190813,1.1059932827466104,12.823673076923075,13.390180722891566,16.284029304029307,16.284029304029307,2.5712252767757184,35.94796521739131,29.812615384615384,31.129638554216868,0.0106098846634304,0.0746815909878215,22.47130647130647,0.6321465986569804,20.48521739130435,1.5127580166044634,1.665742024965326,7.34982332155477,0.0,0.0,0.1042832856491271,0.0,0.6272176138217666,0.0423076923076923,0.003648878384542,0.1692307692307692,0.0007878260148443,2.22420498187098,0.0169360508774648,0.0130378697134432,-29.411845730027547,673200000.0,-3488300000.0,-3672800000.0,4459300000.0,1424750000.0,580350000.0,336500000.0,52.84239333250404,28.75503806538289,16.05015673981191,1.7031779661016948,3.129886310543529,5.607421875,0.1727716727716727,0.0606060606060606,2013-08-02,,bmo,,2025-04-25,2013-03-31,,,
2012-12-31,CDW,USD,1402057,2013-03-08,2013-03-08 14:26:31,2012,Q4,2601000000.0,2175600000.0,425400000.0,0.1635524798,0,261400000.0,33100000.0,294500000.0,-100000.0,294500000.0,2470100000.0,0.0,74900000.0,51100000.0,174100000.0,0.0669357939,130900000.0,0.0503267974,-82800000.0,48100000.0,0.0184928874,14800000.0,33300000.0,0.0128027682,0.2,0.2,164500000,164500000,https://www.sec.gov/Archives/edgar/data/1402057/000140205713000003/0001402057-13-000003-index.htm,https://www.sec.gov/Archives/edgar/data/1402057/000140205713000003/cdw-20121231x10k1.htm,15.811550151975684,0.2024316109422492,-0.3021276595744681,-0.3993920972644377,0.2303951367781155,0.8297872340425532,-21.588449848024315,0.8297872340425532,23.37933130699088,3021865000.0,6754965000.0,22.686674174174176,1.16180891964629,-60.802112676056346,-45.99490106544901,22.13820512820513,22.13820512820513,2.5970645905420997,38.79933946008041,-135.91478873239436,-102.81529680365296,0.0110196848634866,-0.0217415404063384,27.626373626373628,0.6592657342657343,21.442274554853533,1.5705358671460363,1.7476635514018692,-1.4924924924924925,0.0,0.0,0.1004998077662437,0.0,0.6447202797202797,-0.3219315895372233,0.0061514801999231,0.3131115459882583,0.0015763168012302,1.9440785084063124,0.0197358501944938,0.016386182462356,-26.219908814589665,666500000.0,-3551300000.0,-3748800000.0,4497000000.0,1355350000.0,604800000.0,330750000.0,49.60207612456748,21.453392167677883,13.014340871483729,1.8144401813742588,4.195140763594292,6.915448188175461,0.2439560439560439,0.0972644376899696,2013-03-08,,bmo,,2025-04-25,2012-12-31,,,
2012-09-30,CDW,USD,1402057,2012-11-09,2012-11-09 10:07:36,2012,Q3,2623300000.0,2190600000.0,432700000.0,0.1649449167,0,257000000.0,36000000.0,293000000.0,200000.0,293000000.0,2483600000.0,0.0,76700000.0,53400000.0,193300000.0,0.0736858156,139700000.0,0.0532535356,-76500000.0,63200000.0,0.0240917928,25200000.0,38000000.0,0.0144855716,0.26,0.26,145100000,145900000,https://www.sec.gov/Archives/edgar/data/1402057/000140205712000014/0001402057-12-000014-index.htm,https://www.sec.gov/Archives/edgar/data/1402057/000140205712000014/cdw-201293010xq.htm,18.079255685733976,0.2618883528600965,0.4300482425913163,0.3631977946243969,1.330117160578911,0.6767746381805652,-25.00551343900758,-14.514128187456926,27.208132322536184,2665487000.0,6343687000.0,17.536098684210526,1.0160816528799603,42.71613782051282,50.5785009487666,-1.2656633428300097,-1.2656633428300097,2.4182087447108604,32.81783238489395,101.66165064102564,120.37356736242884,0.014256306633647,0.0197712463050842,-1.8381766381766385,0.6468062354847872,19.028453181583032,1.565111685154232,1.821382007822686,1.6421052631578947,0.0,0.0,0.0979682079823123,0.0,0.6226295299994987,0.1554487179487179,0.0036976327526398,0.1816479400749063,0.0024777951435215,,0.0182221527774726,0.0168245815992207,-31.44417643004824,743800000.0,-3628300000.0,-3826900000.0,4609600000.0,1257750000.0,816250000.0,334250000.0,43.81809171654024,28.38948233360723,14.252259654889071,2.053946132164109,3.170188133140376,6.314788123378495,-0.0180436847103513,0.0668504479669193,2012-11-09,,bmo,,2025-04-25,2012-09-30,,,
2012-06-30,CDW,USD,1402057,2012-08-10,2012-08-10 11:20:41,2012,Q2,2584700000.0,2157800000.0,426900000.0,0.1651642357,0,259500000.0,31000000.0,290500000.0,200000.0,290500000.0,2448300000.0,0.0,76900000.0,53200000.0,189800000.0,0.0734321198,136400000.0,0.0527720819,-76700000.0,59700000.0,0.0230974581,22900000.0,36800000.0,0.0142376291,0.25,0.25,145100000,145800000,https://www.sec.gov/Archives/edgar/data/1402057/000140205712000012/0001402057-12-000012-index.htm,https://www.sec.gov/Archives/edgar/data/1402057/000140205712000012/cdw-201263010xq.htm,17.813232253618196,0.253618194348725,0.5630599586492074,0.5120606478290833,1.0937284631288766,0.352170916609235,-25.60372157133012,0.352170916609235,27.210889042039973,2665487000.0,6378187000.0,18.107927989130435,1.0312558517429489,32.62529987760098,35.874656796769855,52.162172211350295,52.162172211350295,2.4676701357991258,33.60477871443625,78.06838433292533,85.84370121130551,0.013806107476795,0.0278748311284204,75.76125244618396,0.6522449667256339,19.561116965226557,1.513911368015414,1.7737321196358908,2.220108695652174,0.0,0.0,0.1003984988586683,0.0,0.6345211018448319,0.0905752753977968,0.0028630015088791,0.1390977443609022,0.002243974155608,1.417614693554922,0.0181283014179709,0.0169639976029133,-31.95158511371468,666800000.0,-3715100000.0,-3920100000.0,4575300000.0,1165950000.0,833450000.0,334200000.0,43.11796340000774,39.26916303642599,13.41366206321253,2.087297100864088,2.2918746680828463,6.70957711442786,0.7201565557729941,0.050999310820124,2012-08-10,,bmo,,2025-04-25,2012-06-30,,,
2012-03-31,CDW,USD,1402057,2012-05-15,2012-05-15 10:27:35,2012,Q1,2319200000.0,1934600000.0,384600000.0,0.1658330459,0,251600000.0,29400000.0,281000000.0,-200000.0,281000000.0,2215600000.0,0.0,78900000.0,52500000.0,146500000.0,0.0631683339,103600000.0,0.0446705761,-88500000.0,15100000.0,0.0065108658,4200000.0,10900000.0,0.0046998965,0.0751,0.0746,145200000,146100000,https://www.sec.gov/Archives/edgar/data/1402057/000140205712000009/0001402057-12-000009-index.htm,https://www.sec.gov/Archives/edgar/data/1402057/000140205712000009/cdw-2012331x10q.htm,15.97245179063361,0.0750688705234159,1.5358126721763086,1.4786501377410468,0.2513774104683196,0.0730027548209366,-26.15564738292011,0.0730027548209366,27.207300275482098,2667324000.0,6502424000.0,61.17715596330276,1.1501052086926526,11.961094170403587,12.423493246390311,251.6343396226415,251.6343396226415,2.8037357709555017,44.38514675767918,29.15885201793722,30.286092221704703,0.0040864926795544,0.080492658559665,365.2452830188679,0.6766875240325795,26.17815699658703,1.5358851674641147,1.3130544993662865,20.45871559633028,0.0,0.0,0.1084856847188685,0.0,0.6656412766106198,0.037219730941704,0.0035788202828561,0.1580952380952381,0.0024577440496723,0.3511485054273696,0.0162091392938996,0.005697856769472,-32.23622589531681,593600000.0,-3797800000.0,-4009500000.0,4548100000.0,1246050000.0,621599999.5,334250000.0,42.4387719903415,33.746510906647366,16.133567662565905,2.120702267739576,2.666942376619796,5.578431372549019,1.028301886792453,0.0571625344352617,2012-05-15,,bmo,,2025-04-25,2012-03-31,,,
2011-12-31,CDW,USD,1402057,2012-03-09,2012-03-09 14:23:58,2011,Q4,2479300000.0,2066000000.0,413300000.0,0.1667002783,0,266400000.0,35800000.0,302200000.0,0.0,302200000.0,2368200000.0,0.0,0.0,-102400000.0,111100000.0,0.0448110354,111100000.0,0.0448110354,-81200000.0,29900000.0,0.0120598556,10900000.0,19000000.0,0.0076634534,0.13,0.13,145200000,145200000,https://www.sec.gov/Archives/edgar/data/1402057/000140205712000006/0001402057-12-000006-index.htm,https://www.sec.gov/Archives/edgar/data/1402057/000140205712000006/cdw-20111231x10k.htm,17.075068870523417,0.1308539944903581,0.2975206611570248,0.4125344352617079,0.6880165289256198,-0.0502754820936639,-26.526859504132236,-0.0502754820936639,28.00275482093664,2667324000.0,6633424000.0,35.09636842105264,1.0758375347880451,61.74361111111112,44.52961602671119,-365.3868493150685,-365.3868493150685,2.6755229298592345,59.70678667866787,153.5514814814815,110.74163606010016,0.0071232441203243,0.0224569643582856,-556.986301369863,0.6834072878848998,35.6984698469847,1.401177961678968,0.0,2.273684210526316,0.0,0.0,0.1074496833783729,0.0,0.6461610864595939,0.386574074074074,0.0067357721937643,0.1629268292682927,0.0045980720364619,,0.0146796128765845,0.0090252707581227,-32.0060261707989,538100000.0,-3851700000.0,-4077500000.0,4536800000.0,1420800000.0,652349999.5,318400000.0,50.76634533941032,22.55663112778316,14.01403678606002,1.7728280300321773,3.989957520258705,6.4221324215107245,-2.602739726027397,0.1150137741046831,2012-03-09,,bmo,,2025-04-25,2011-12-31,,,
2011-09-30,CDW,USD,1402057,2011-11-14,2011-11-14 15:53:42,2011,Q3,2581400000.0,2160600000.0,420800000.0,0.1630123189,0,252800000.0,28300000.0,281100000.0,0.0,281100000.0,2441700000.0,0.0,0.0,-500000.0,139200000.0,0.0539242272,139700000.0,0.0541179205,-85000000.0,54700000.0,0.0211900519,17600000.0,37100000.0,0.0143720462,0.26,0.25,145200000,146100000,https://www.sec.gov/Archives/edgar/data/1402057/000119312511310778/0001193125-11-310778-index.htm,https://www.sec.gov/Archives/edgar/data/1402057/000119312511310778/d237737d10q.htm,17.77823691460055,0.2555096418732782,-0.2472451790633608,-0.2472451790633608,0.1783746556473829,-0.2444903581267217,-26.96831955922865,-0.2444903581267217,28.037190082644628,2667324000.0,6712424000.0,17.973881401617252,1.0332858138994343,-74.29871866295265,-74.29871866295265,-75.13588732394366,-75.13588732394366,2.6003037111644844,48.22143678160919,-186.9755988857939,-186.9755988857939,0.0139090714138964,-0.0134591823115602,-114.67605633802818,0.6824811399832356,29.05962643678161,1.587738744884038,0.0,-0.967654986522911,0.0,0.0,0.0979313550786395,0.0,0.6505113160100586,0.0,0.0,0.0,0.0,,0.0197718840342857,0.0177963256103995,-32.608298898071624,689300000.0,-3915800000.0,-4138400000.0,4717500000.0,1404550000.0,779800000.0,332000000.0,50.31339583171922,32.77839489030825,13.125520688697584,1.7887880257778397,2.745711017918414,6.856870834655665,-1.0450704225352112,0.0,2011-11-14,,bmo,,2025-04-25,2011-09-30,,,
2011-06-30,CDW,USD,1402057,2011-08-15,2011-08-15 15:13:50,2011,Q2,2412100000.0,2010300000.0,401800000.0,0.1665768418,0,244400000.0,29200000.0,273600000.0,0.0,273600000.0,2283900000.0,0.0,0.0,50800000.0,179000000.0,0.0742091953,128200000.0,0.0531487086,-181400000.0,-53200000.0,-0.0220554703,-18400000.0,-34800000.0,-0.0144272626,-0.24,-0.24,145200000,146100000,https://www.sec.gov/Archives/edgar/data/1402057/000119312511222961/0001193125-11-222961-index.htm,https://www.sec.gov/Archives/edgar/data/1402057/000119312511222961/d10q.htm,16.612258953168045,-0.2396694214876033,0.0764462809917355,0.0192837465564738,0.3071625344352617,-0.4772727272727273,-27.4965564738292,-0.4772727272727273,29.104683195592287,2667324000.0,6848724000.0,-19.161810344827582,1.1058098752124703,240.29945945945948,952.6157142857144,-38.48952380952381,-38.48952380952381,2.8393200945234445,38.26102793296089,617.0021621621621,2445.9728571428573,-0.0130467839677519,0.0010497412387846,-60.98124098124098,0.7017718660223518,23.35977653631285,1.7109339198973512,0.0,-0.3189655172413793,0.0,0.0,0.1013224990672028,0.0,0.6514887327919759,0.7477477477477478,0.0034409850337879,0.1633858267716535,0.0016997636913892,,0.0170074126664922,-0.0165816934292657,-33.38601928374656,775700000.0,-3992500000.0,-4224400000.0,4849700000.0,1309300000.0,705650000.0,328800000.0,50.96803615107168,34.59334427697358,15.620056707954037,1.7658125915080527,2.6016565290539666,5.761822871883061,0.5021645021645021,0.0571625344352617,2011-08-15,,bmo,,2025-04-25,2011-06-30,,,
2011-03-31,CDW,USD,1402057,2011-05-13,2011-05-13 15:22:35,2011,Q1,2129600000.0,1778100000.0,351500000.0,0.1650544703,0,230400000.0,29400000.0,259800000.0,0.0,259800000.0,2037900000.0,0.0,0.0,51600000.0,91700000.0,0.0430597295,91700000.0,0.0430597295,-94800000.0,-3100000.0,-0.0014556724,1100000.0,-4200000.0,-0.0019722014,-0.0289,-0.0287,145200000,146100000,https://www.sec.gov/Archives/edgar/data/1402057/000119312511139438/0001193125-11-139438-index.htm,https://www.sec.gov/Archives/edgar/data/1402057/000119312511139438/d10q.htm,14.666666666666666,-0.0289256198347107,1.3519283746556474,1.294077134986226,0.5075757575757576,-0.2727272727272727,-27.553719008264466,-0.2727272727272727,28.551652892561982,2667324000.0,6739324000.0,-158.76928571428573,1.2525,13.587997962302598,14.195444385311337,-67.35666666666667,-67.35666666666667,3.164596168294516,73.493173391494,34.33175751400917,35.86654603512507,-0.0015746118581769,0.0704451352741549,-104.68939393939394,0.6997434425952807,44.40567066521265,1.6578190877730932,0.0,-46.73809523809524,0.0,0.0,0.1081893313298271,0.0,0.6686020997198123,0.042791645440652,0.0039444027047332,0.1627906976744186,0.0018782870022539,,0.0253444940182414,-0.0021391463787307,-33.03512396694215,686500000.0,-4000800000.0,-4234100000.0,4802600000.0,1268450000.0,587850000.0,300750000.0,52.93670172802404,32.32326640796355,15.625105449637251,1.7001437011017084,2.7843720638897587,5.759961127308066,0.106060606060606,0.0578512396694214,2011-05-13,,bmo,,2025-04-25,2011-03-31,,,
2010-12-31,CDW,USD,1402057,2011-03-04,2011-03-04 15:43:42,2010,Q4,2269400000.0,1912700000.0,356700000.0,0.1571781088,0,242400000.0,33100000.0,275500000.0,0.0,275500000.0,2188200000.0,-83400000.0,19800000.0,50900000.0,132100000.0,0.0582092183,81200000.0,0.0357803825,-110500000.0,-29300000.0,-0.0129109016,-5200000.0,-24100000.0,-0.010619547,-0.17,-0.17,145200000,145200000,https://www.sec.gov/Archives/edgar/data/1402057/000119312511056194/0001193125-11-056194-index.htm,https://www.sec.gov/Archives/edgar/data/1402057/000119312511056194/d10k.htm,15.629476584022038,-0.1659779614325069,0.2017906336088154,0.0420110192837465,0.2520661157024793,-0.2995867768595041,-27.849862258953166,-0.2995867768595041,29.681818181818183,2667324000.0,6920724000.0,-27.669336099585063,1.1753432625363531,91.03494880546074,437.2662295081967,-61.31779310344828,-61.31779310344828,3.0495831497312067,52.39003785011355,236.2021843003413,1134.5449180327869,-0.0090352728052535,0.0022869362702093,-98.6206896551724,0.7217604899222719,32.198334595003786,1.6577076638426331,4.101010101010101,-1.2157676348547717,0.0,0.0,0.1068123733145324,0.0,0.6730206265352132,0.7918088737201365,0.010222966422843,0.455795677799607,0.0018066449281748,,0.0132268696897303,-0.0124003087213789,-33.34073691460055,675400000.0,-4043800000.0,-4285000000.0,4833800000.0,1274800000.0,562050000.0,298850000.0,50.93284568608443,25.27265122601558,13.777382757358708,1.7670326247761423,3.5611617948240557,6.532445355191257,0.5540229885057472,0.1597796143250688,2011-03-04,,bmo,,2025-04-25,2010-12-31,,,
2010-09-30,CDW,USD,1402057,2010-11-15,2010-11-15 16:45:16,2010,Q3,2374400000.0,2006000000.0,368400000.0,0.1551549865,0,235800000.0,28000000.0,263800000.0,0.0,263800000.0,2269800000.0,0.0,0.0,53400000.0,157800000.0,0.0664588949,104600000.0,0.0440532345,-104900000.0,-300000.0,-0.0001263477,104900000.0,-300000.0,-0.0001263477,-0.0021,-0.0021,145200000,146100000,https://www.sec.gov/Archives/edgar/data/1402057/000119312510260785/0001193125-10-260785-index.htm,https://www.sec.gov/Archives/edgar/data/1402057/000119312510260785/d10q.htm,16.352617079889807,-0.0020661157024793,0.9455922865013774,0.8918732782369146,0.4614325068870523,-0.2555096418732782,-28.0633608815427,-0.2555096418732782,29.56680440771349,2667324000.0,6893424000.0,-2222.77,1.1233675876010782,19.426977421704297,20.597096525096525,-71.89552560646901,-71.89552560646901,2.9032277628032346,43.68456273764259,50.20702112163146,53.23107335907336,-0.000112472275584,0.0485505322937895,-115.71698113207547,0.7185224857319787,26.781368821292777,1.6988969492199146,0.0,-457.6666666666667,0.0,0.0,0.0993092991913746,0.0,0.6757770004518904,0.0568099053168244,0.0032850404312668,0.146067415730337,-0.0004211590296495,,7.348880696692847,-0.0001548626884162,-33.35795454545455,703300000.0,-4074800000.0,-4302400000.0,4888700000.0,,,,47.96032681940701,26.335992023928217,13.679461615154535,1.8765510155694305,3.417376490630324,6.579206297146605,0.0080862533692722,0.0537190082644628,2010-11-15,,bmo,,2025-04-25,2010-09-30,,,
2010-06-30,CDW,USD,1402057,2010-06-30,2010-06-29 20:00:00,2010,Q2,2223300000.0,1863400000.0,359900000.0,0.1618764899,0,239600000.0,24700000.0,264300000.0,0.0,264300000.0,2127700000.0,0.0,0.0,52700000.0,148300000.0,0.0667026492,95600000.0,0.0429991454,-106500000.0,-10900000.0,-0.0049026222,-3900000.0,-7000000.0,-0.003148473,-0.0482,-0.0479,145200000,146100000,,,15.31198347107438,-0.0482093663911845,-0.3650137741046832,-0.4084022038567493,,,,,,2667324000.0,,-95.26157142857144,1.199713938739711,-50.3268679245283,-44.98016863406408,0.0,0.0,,,,,-0.0026243530969615,-0.0222320198071175,0.0,0.0,,0.0,0.0,7.571428571428571,0.0,0.0,0.1077677326496649,0.0,0.0,-0.1188679245283018,0.0028336256915396,0.1195445920303605,0.0018441056087797,,0.0,0.0,,,,,,,,,,,,0.0,0.0,0.0,0.0,0.0433884297520661,2010-06-29,,bmo,,2025-04-25,2010-06-30,,,
2010-03-31,CDW,USD,1402057,2010-03-31,2010-03-30 20:00:00,2010,Q1,1934100000.0,1628200000.0,305900000.0,0.1581614187,0,214400000.0,20200000.0,234600000.0,0.0,234600000.0,1862800000.0,0.0,0.0,52400000.0,123700000.0,0.0639573962,71300000.0,0.0368646916,-67800000.0,3500000.0,0.0018096272,1300000.0,2200000.0,0.00113748,0.0152,0.0151,145200000,146100000,,,13.320247933884298,0.0151515151515151,2.1577134986225897,2.128787878787879,,,,,,2667324000.0,,303.105,1.379103458973166,8.513641876795404,8.62932384341637,0.0,0.0,,,,,0.0008247966876165,0.1158839346101186,0.0,0.0,,0.0,0.0,142.4090909090909,0.0,0.0,0.1108525929372834,0.0,0.0,0.0134056814554739,0.002171552660152,0.0801526717557251,0.0022232562949175,,0.0,0.0,,,,,,,,,,,,0.0,0.0,0.0,0.0,0.0289256198347107,2010-03-30,,bmo,,2025-04-25,2010-03-31,,,
2009-12-31,CDW,USD,1402057,2009-12-31,2009-12-30 19:00:00,2009,Q4,1964500000.0,1661900000.0,302600000.0,0.1540341054,0,221700000.0,22300000.0,244000000.0,0.0,244000000.0,1905900000.0,0.0,0.0,53100000.0,111700000.0,0.0568592517,51800000.0,0.0263680326,-114600000.0,-62800000.0,-0.0319674217,-25400000.0,-37400000.0,-0.0190379231,-0.26,-0.26,145200000,145200000,,,13.52961432506887,-0.2575757575757575,-0.871900826446281,-0.8960055096418733,0.6060606060606061,-0.3078512396694214,-28.949724517906336,-0.3078512396694214,31.83126721763085,2667324000.0,7201224000.0,-17.829705882352943,1.3577622804784932,-21.068909952606635,-20.502106072252115,-59.671677852349,-59.671677852349,3.665677780605752,64.4693285586392,-56.88170616113744,-55.35145272867025,-0.0140215436894805,-0.0487754768449577,-103.39821029082772,0.7734103078982597,40.58997314234557,2.455161544523247,0.0,3.385026737967914,0.0,0.0,0.1128531432934589,0.0,0.6959170013386881,-0.0276461295418641,0.0017816238228556,0.0659133709981167,0.0019343344362433,,0.0057510196651791,-0.0205811138014527,-34.11105371900826,923300000.0,-4203500000.0,-4462900000.0,5247900000.0,,,,51.97505726648002,15.82947229075155,13.961128828449365,1.7315998237108858,5.685596989394457,6.446470131885183,0.8366890380313199,0.0241046831955922,2009-12-30,,bmo,,2025-04-25,2009-12-31,,,
2009-09-30,CDW,USD,1402057,2009-09-30,2009-09-29 20:00:00,2009,Q3,1963400000.0,1662100000.0,301300000.0,0.1534582866,0,203400000.0,27600000.0,231000000.0,0.0,231000000.0,1893100000.0,0.0,0.0,-400000.0,69900000.0,0.0356015076,70300000.0,0.0358052358,-107900000.0,-37600000.0,-0.0191504533,-12600000.0,-25000000.0,-0.0127330142,-0.17,-0.17,145200000,146100000,,,13.522038567493112,-0.1721763085399449,,,,,,,,2667324000.0,,-26.673240000000003,1.358522970357543,0.0,0.0,0.0,0.0,,,0.0,0.0,-0.0093726896320057,,0.0,0.0,,0.0,0.0,0.0,,,0.1035958031985331,0.0,0.0,0.0,,0.0,,,0.0,0.0,,,,,,,,,,,,0.0,0.0,0.0,0.0,,2009-09-29,,bmo,,2025-04-25,2009-09-30,,,
2007-06-30,CDW,USD,1402057,2007-06-30,2007-06-29 20:00:00,2007,Q2,2032838000.0,1704851000.0,327987000.0,0.1613443865,0,172117000.0,32199000.0,204316000.0,0.0,204316000.0,1909167000.0,0.0,0.0,11076000.0,134747000.0,0.0662851639,123671000.0,0.0608366235,5570000.0,129241000.0,0.0635766352,49150000.0,80091000.0,0.0393986142,1.01,0.99,79103000,80995000,,,25.69862078555807,1.012490044625362,0.5072500410856731,0.3545756798098681,7.336257790475709,20.06582556919459,17.80067759756267,20.06582556919459,0.0,1453122110.0,1256930110.0,4.535847067710479,0.7148243539327778,36.214881246105925,51.808403807758125,0.9154868777590665,0.9154868777590665,0.6183129742753727,9.328074910758682,31.325360996884736,44.81353786366229,0.0551164967134111,0.0193018878502922,0.0,0.0,-1.4560027310441048,3.0742394669037747,0.0,0.5009926208937334,0.0,0.0,0.0846683306785882,0.0,0.0804295922366007,0.3009844236760124,0.0059409554524266,1.09037558685446,0.0,21.380367024094035,0.0472289429319528,0.0390953462523558,10.140029455267184,1255058000.0,1408087000.0,1219607000.0,1614348000.0,918749500.0,406720500.0,286787500.0,42.32502048859772,22.236905160626943,15.34172194520225,2.1264018058596297,4.047325801404937,5.866355831598507,0.0504584294891785,0.1526743612758049,2007-06-29,,bmo,,2025-04-25,2007-06-30,,,
2007-03-31,CDW,USD,1402057,2007-03-31,2007-03-30 20:00:00,2007,Q1,1859118000.0,1557799000.0,301319000.0,0.1620763179,0,154185000.0,29179000.0,183364000.0,0.0,183364000.0,1741163000.0,0.0,0.0,10048000.0,128003000.0,0.0688514661,117955000.0,0.0634467527,3959000.0,121914000.0,0.0655762571,45134000.0,76780000.0,0.0412991537,0.98,0.96,78606000,80224000,,,23.65109533623388,0.9767702211027148,1.964939063175839,1.7894435539271811,6.108566776073073,18.545683535607967,16.241889932066254,18.545683535607967,0.0,1443992220.0,1258621220.0,4.7017199140401145,0.7767082132495087,9.348890428342052,10.2657610851622,0.9905269851461312,0.9905269851461312,0.6769991038761392,9.832747826222825,8.148736339151602,8.947904678624495,0.0531720316332452,0.0974111896530855,0.0,0.0,-1.4481769958516597,2.8762184720100064,0.0,2.0116697056525137,0.0,0.0,0.0829344882896083,0.0,0.0871803166937221,0.0893134614388563,0.0074201852706498,1.3729100318471337,0.0,20.18872474106469,0.049764276282978,0.0404932177288357,8.439114062539755,1096539000.0,1276710000.0,1061570000.0,1454828000.0,893691500.0,373259500.0,272409000.0,42.67346128648101,22.65958573602885,16.3476802848121,2.1090391378332387,3.971829010841075,5.505368249929319,0.0526683321877731,0.1754955092486578,2007-03-30,,bmo,,2025-04-25,2007-03-31,,,
2006-12-31,CDW,USD,1402057,2006-12-31,2006-12-30 19:00:00,2006,Q4,1823929000.0,1539883000.0,284046000.0,0.1557330357,0,147764000.0,28458000.0,176222000.0,25000000.0,201222000.0,1741105000.0,0.0,0.0,9058000.0,91882000.0,0.0503758644,82824000.0,0.0454096623,3503000.0,86327000.0,0.0473302415,32770000.0,53557000.0,0.0293635333,0.69,0.69,77890000,77890000,,,23.416728719989727,0.6875978944665554,0.1926563101810245,-0.3912183849017845,4.514006932854025,17.809282321222238,15.458608293747591,17.809282321222238,0.0,1430839300.0,1282758300.0,6.6790489571858025,0.7844819069163328,95.3511462081834,-46.95587096350748,1.0314845746540606,1.0314845746540606,0.7032939878690453,13.96093141202847,85.48302678928428,-42.0962949593069,0.0374304787406943,-0.0212965914481102,0.0,0.0,-1.6116431945321172,2.927071428706357,0.0,0.2801874638235898,0.0,0.0,0.0810141184223728,0.0,0.0938256978098591,3.0306544049047046,0.0249340846052669,5.020755133583573,0.0,16.598992833474547,0.0361336762584294,0.0302867163594187,7.673324560277314,1020155000.0,1204071000.0,985274000.0,1374697000.0,842312000.0,347280500.0,273511500.0,44.69991430587485,20.707826503701902,15.304552358848042,2.013426678721204,4.346182830144479,5.880603227703564,0.0386089614429429,0.5838746950828091,2006-12-30,,bmo,,2025-04-25,2006-12-31,,,
2006-09-30,CDW,USD,1402057,2006-09-30,2006-09-29 20:00:00,2006,Q3,1739457000.0,1471586000.0,267871000.0,0.1539969082,0,127416000.0,28964000.0,156380000.0,0.0,156380000.0,1627966000.0,0.0,0.0,6390000.0,117881000.0,0.0677688497,111491000.0,0.0640952895,4806000.0,116297000.0,0.0668582207,38563000.0,77734000.0,0.0446886586,1.0,0.98,77890000,79459000,,,22.332224932597253,0.9979971755039158,1.0034535883938889,0.8819489022981127,6.692425215046861,16.766247271793556,16.766247271793556,16.766247271793556,0.0,1430839300.0,1127661300.0,4.6017164303908205,0.8225781378901577,18.30677593111477,20.828871096877503,1.095653648798589,1.095653648798589,0.6482835160627713,9.566098862412094,14.427785667677426,16.415478564669918,0.0543275544640128,0.0480102831953245,0.0,0.0,-2.571898779277407,3.4244362096347274,0.0,1.005467363058636,0.0,0.0,0.0732504453976154,0.0,0.0,0.1210865031538274,0.0054407783578438,1.4810641627543035,0.0,19.40322181942034,0.0560881440391185,0.0431639256328217,9.666609962768009,1144940000.0,1305923000.0,1122211000.0,1264203000.0,759759000.0,308785500.0,271100000.0,40.292280866960205,20.80942602063352,17.440265128915332,2.233678463057679,4.324963115789969,5.160472007434293,0.0595241832787997,0.1215046860957761,2006-09-29,,bmo,,2025-04-25,2006-09-30,,,
2006-06-30,CDW,USD,1402057,2006-06-30,2006-06-29 20:00:00,2006,Q2,1633458000.0,1369421000.0,264037000.0,0.1616429685,0,126192000.0,30007000.0,156199000.0,0.0,156199000.0,1525620000.0,0.0,0.0,6111000.0,113949000.0,0.0697593694,107838000.0,0.0660182264,5398000.0,113236000.0,0.0693228721,40125000.0,73111000.0,0.0447584205,0.93,0.91,78994000,80564000,,,20.678254044610984,0.9255259893156442,0.4748335316606324,0.3573942324733524,5.632389801757095,15.463098463174418,15.463098463174418,15.463098463174418,0.0,1451119780.0,1331586780.0,4.962043262983682,0.888372875213198,38.68724252845984,51.39982218758856,1.187989589780367,1.187989589780367,0.8151949912394442,11.685813653476556,35.50046068943453,47.16586780957778,0.0503824708391749,0.0194553202217393,0.0,0.0,-1.049004379152077,3.5660052271276763,0.0,0.5130418131334546,0.0,0.0,0.0772545115944211,0.0,0.0,0.2473273081127196,0.0056793624323367,1.5180821469481265,0.0,17.94460194091335,0.0559859225665316,0.0441568607081791,8.795683849406284,1057402000.0,1221492000.0,1035264000.0,1173182000.0,727120500.0,289656500.0,257294500.0,40.81520920648098,18.225607756854902,16.89265025145664,2.205060362295266,4.938106931778434,5.327760810784524,0.0598538508643527,0.11743929918728,2006-06-29,,bmo,,2025-04-25,2006-06-30,,,
2006-03-31,CDW,USD,1402057,2006-03-31,2006-03-30 19:00:00,2006,Q1,1588629000.0,1334740000.0,253889000.0,0.1598164203,0,128748000.0,30895000.0,159643000.0,0.0,159643000.0,1494383000.0,0.0,0.0,6579000.0,100825000.0,0.0634666747,94246000.0,0.059325368,4245000.0,98491000.0,0.0619974834,36813000.0,61678000.0,0.0388246721,0.77,0.75,80004000,81973000,,,19.856869656517173,0.7709364531773412,1.0754337283135844,0.8085970701464926,6.762399380030998,15.70705214739263,15.70705214739263,15.70705214739263,0.0,1469673480.0,1295293480.0,5.957040922208892,0.9251206417609146,17.081480258952336,22.71836082298929,1.1695383594336268,1.1695383594336268,0.8153530371156513,12.84694748326308,15.05472495031323,20.022777202392916,0.04196714497427,0.0440172602148335,0.0,0.0,-1.729531366228614,3.441175944636184,0.0,1.3949706540419595,0.0,0.0,0.0810434657808714,0.0,0.0,0.2481200385871523,0.0134380022018986,3.244870041039672,0.0,16.506230009563186,0.0460506063905463,0.0356727669384624,9.156129693515323,1092104000.0,1256627000.0,1067105000.0,1204433000.0,689278500.0,273598500.0,250559000.0,40.41960709517452,20.36324677465274,17.366573265205208,2.226642129105323,4.419727413608127,5.182369522507901,0.0490821858833209,0.2668366581670916,2006-03-30,,bmo,,2025-04-25,2006-03-31,,,
2005-12-31,CDW,USD,1402057,2005-12-31,2005-12-30 19:00:00,2005,Q4,1606964000.0,1358184000.0,248780000.0,0.1548136735,0,0.0,0.0,113249000.0,28545000.0,141794000.0,1499978000.0,0.0,0.0,5641000.0,112627000.0,0.0700868221,106986000.0,0.0665764759,3627000.0,110613000.0,0.0688335271,40103000.0,70510000.0,0.043877772,0.88,0.88,80051000,80526000,,,20.074252663926742,0.8808134814056039,0.8157924323243932,0.6915341469812994,7.142321769871707,15.796991917652496,15.796991917652496,15.796991917652496,0.0,1470536870.0,1269286870.0,5.213930187207489,0.9151025598582172,22.51798284970523,26.56412569095704,1.1628796226370333,1.1628796226370333,0.7898664002429426,11.269827572429346,19.436289258096625,22.92869811048087,0.0479484747635059,0.037644754871056,0.0,0.0,-1.7868717092704236,4.0821158306617615,0.0,0.92618068359098,0.0,0.0,0.0,0.0,0.0,0.1523160554322027,0.0061899333152453,1.763339833362879,0.0,17.693772281548185,0.0532258201835727,0.0427577959753944,10.091825836029532,1133482000.0,1264565000.0,1116752000.0,1230759000.0,682718500.0,272533500.0,251142000.0,37.24935343915608,16.248232934565568,16.139757205209307,2.416149320470972,5.539063870049469,5.576292062866433,0.055758304239007,0.1242582853430937,2005-12-30,,bmo,,2025-04-25,2005-12-31,,,
2005-09-30,CDW,USD,1402057,2005-09-30,2005-09-29 20:00:00,2005,Q3,1670204000.0,1415261000.0,254943000.0,0.152641833,0,112670000.0,0.0,112670000.0,29843000.0,142513000.0,1557774000.0,0.0,0.0,5443000.0,117873000.0,0.0705740137,112430000.0,0.0673151304,3378000.0,115808000.0,0.0693376378,42684000.0,73124000.0,0.0437814782,0.91,0.88,80526000,82957000,,,20.74117676278469,0.9080793780890644,0.8307254799692025,0.6259965725355786,6.523781139011002,15.232583265032412,15.232583265032412,15.232583265032412,0.0,1479262620.0,1247304620.0,5.057377263278815,0.8856778094172927,22.11320158457284,29.345208593703504,1.2059674764535688,1.2059674764535688,0.7467977684163132,10.581766986502425,18.645707750952987,24.74368902378544,0.0494327369672871,0.0340771133661175,0.0,0.0,-1.9678637177300995,3.5098363678374462,0.0,0.9148159291067228,0.0,0.0,0.0674588253889943,0.0,0.0,0.2464459227147021,0.0098706505313123,3.028844387286423,0.0,17.641680237579745,0.0571088561961024,0.043746380591836,9.12782206989047,1075367000.0,1226619000.0,1058903000.0,1168057000.0,679039500.0,290518000.0,236825500.0,37.73847985036558,19.069231753012343,16.452654316059018,2.3848337388483376,4.719644774666017,5.470241960420532,0.0596142730546322,0.2047289074336239,2005-09-29,,bmo,,2025-04-25,2005-09-30,,,
2005-06-30,CDW,USD,1402057,2005-06-30,2005-06-29 20:00:00,2005,Q2,1539595000.0,1302117000.0,237478000.0,0.1542470585,0,105325000.0,0.0,105325000.0,29665000.0,134990000.0,1437107000.0,0.0,0.0,5301000.0,107789000.0,0.0700112692,102488000.0,0.0665681559,3510000.0,105998000.0,0.0688479763,38937000.0,67061000.0,0.043557559,0.82,0.8,81337000,83737000,,,18.92859338308519,0.8244833224731672,0.1481367643261984,0.0427111892496649,6.270282897082509,14.128514698107873,14.128514698107873,14.128514698107873,0.0,1494160690.0,1378258690.0,5.5701551199654045,0.9704894404047818,124.00702879907048,430.0980685089234,1.3002074451931,1.3002074451931,0.8952086035613261,12.786635834825448,114.38780728691178,396.7353742084053,0.0448820534824805,0.0023250511295408,0.0,0.0,-1.075267420608782,3.514751186617563,0.0,0.1796722387080419,0.0,0.0,0.0684108483075094,0.0,0.0,0.7116773176197195,0.0055696465628947,1.6176193171099793,0.0,16.18938870519534,0.0556680414380243,0.0428948816026813,8.563922323173955,1002410000.0,1149171000.0,986813000.0,1083778000.0,628000500.0,271733000.0,210172000.0,38.44917007394802,19.43396791532558,14.855646612401191,2.340752734764001,4.631066614503681,6.058302431943275,0.058355980093476,0.1054255750765334,2005-06-29,,bmo,,2025-04-25,2005-06-30,,,
2005-03-31,CDW,USD,1402057,2005-03-31,2005-03-30 19:00:00,2005,Q1,1475082000.0,1248653000.0,226429000.0,0.1535026527,0,102238000.0,0.0,102238000.0,26461000.0,128699000.0,1377352000.0,0.0,0.0,5108000.0,102838000.0,0.0697168022,97730000.0,0.0662539438,2809000.0,100539000.0,0.0681582448,39142000.0,61397000.0,0.0416227708,0.74,0.72,82621000,85309000,,,17.853596543251715,0.7431161569092604,1.9294247225281709,1.759322690357173,7.144031178513937,14.35832294452984,14.35832294452984,14.35832294452984,0.0,1517747770.0,1344707770.0,6.180056721012428,1.0289243377656292,9.5209726430422,10.44151826193441,1.2793973273179866,1.2793973273179866,0.911615605098564,13.075981349306677,8.435476660958152,9.251069917513432,0.0404527031523821,0.0957715128120399,0.0,0.0,-1.6826464925416675,3.518482374029078,0.0,2.59639721810512,0.0,0.0,0.0693100451364737,0.0,0.0,0.0881620465338025,0.0095276059229249,2.751370399373532,0.0,15.494282485469409,0.0503090740640225,0.0386636095313603,8.95623388726837,1011624000.0,1186299000.0,1011624000.0,1089442000.0,601332500.0,215086500.0,209317500.0,36.50233681924123,18.90568476590374,14.80569061220371,2.46559557120077,4.760472900844847,6.078743799077955,0.0517550802959456,0.1701020321709976,2005-03-30,,bmo,,2025-04-25,2005-03-31,,,
2004-12-31,CDW,USD,1402057,2004-12-31,2004-12-30 19:00:00,2004,Q4,1507127000.0,1283952000.0,223175000.0,0.148079757,0,0.0,0.0,98514000.0,23293000.0,121807000.0,1405759000.0,0.0,0.0,4639000.0,106007000.0,0.0703371381,101368000.0,0.0672590963,2314000.0,103682000.0,0.0687944679,40983000.0,62699000.0,0.0416016699,0.75,0.75,83047000,83047000,,,18.14788011607885,0.75498211855937,0.0978843305598034,0.0305369248738666,5.758148999963876,14.948366587594975,14.948366587594975,14.948366587594975,0.0,1525573390.0,1376769390.0,6.082925525127992,1.0122394396756211,187.67048714479023,601.5667941640379,1.2288968090496586,1.2288968090496586,0.9135058890193064,12.987532804437445,169.36516053635134,542.8901380126183,0.0410986455394322,0.0016623257960733,0.0,0.0,-1.4037186223551277,4.709668071465881,0.0,0.1296511906091006,0.0,0.0,0.0,0.0,0.0,0.6880305080575717,0.0037110343056689,1.2056477689157146,0.0,15.935161222728576,0.0493787893390478,0.0412239839309372,9.13445699423218,1036919000.0,1241417000.0,1036919000.0,1105514000.0,588734000.0,199812500.0,213836500.0,36.092452726279866,11.767519346517629,14.946026019664286,2.4935961177963564,7.648170982326346,6.021667557756705,0.0505059943596712,0.0673474056859368,2004-12-30,,bmo,,2025-04-25,2004-12-31,,,
2004-09-30,CDW,USD,1402057,2004-09-30,2004-09-29 20:00:00,2004,Q3,1511054000.0,1283098000.0,227956000.0,0.1508589369,0,97887000.0,0.0,97887000.0,24005000.0,121892000.0,1404990000.0,0.0,0.0,4445000.0,110509000.0,0.0731337199,106064000.0,0.0701920646,1911000.0,107975000.0,0.0714567448,42797000.0,65178000.0,0.0431341302,0.78,0.76,83047000,85957000,,,18.195166592411525,0.7848326851060243,0.125386829144942,0.0345105783472009,7.61704817753802,14.047129938468576,14.047129938468576,14.047129938468576,0.0,1525573390.0,1299373390.0,5.85156567400043,1.0096087830084166,146.50661576875063,532.3005547801814,1.3077404480820731,1.3077404480820731,0.8599119488780679,11.758077532146704,124.78376932680304,453.375223307746,0.0427236083345685,0.001878637906761,0.0,0.0,-2.046892108335068,4.074288468080281,0.0,0.1597624965479149,0.0,0.0,0.0647806100907049,0.0,0.0,0.7247671180255449,0.0049945269990351,1.6978627671541058,0.0,15.749747646293706,0.0548825485895921,0.0428991161905363,9.83587908052067,1084486000.0,1166572000.0,1084486000.0,1151829000.0,557701500.0,223801500.0,201681500.0,34.13260545288256,16.25543801019096,15.04217916324396,2.636774978231242,5.5366087301724285,5.983175643853374,0.0558713907071316,0.090876250797741,2004-09-29,,bmo,,2025-04-25,2004-09-30,,,
2004-06-30,CDW,USD,1402057,2004-06-30,2004-06-29 20:00:00,2004,Q2,1382904000.0,1168374000.0,214530000.0,0.1551300741,0,94096000.0,0.0,94096000.0,25287000.0,119383000.0,1287757000.0,0.0,0.0,4057000.0,99204000.0,0.071735999,95147000.0,0.0688023174,1450000.0,96597000.0,0.0698508356,38322000.0,58275000.0,0.0421395845,0.7,0.67,83537000,86778000,,,16.55438907310533,0.6975950776302716,0.5021846606892754,0.4286124711205813,7.245603744448568,13.347618420580105,13.347618420580105,13.319199875504268,0.0,1534574690.0,1319156690.0,6.583332003432004,1.1096755016978763,36.580169483444976,42.85922887864823,1.3792119775741791,1.3792119775741791,0.9539033005906412,13.29741431797105,31.445178660818573,36.8428065912582,0.0379746912155836,0.023332197665791,0.0,0.0,-2.171464860287891,4.276484324570618,0.0,0.7198798798798799,0.0,0.0,0.0680423225328728,0.0,0.0,0.1465042549641248,0.0044442708966059,1.5149124969189056,0.0,14.458792691657344,0.0514791165833911,0.0407216768596057,9.462232304248417,1035487000.0,1115020000.0,1035487000.0,1099437000.0,519837000.0,200935000.0,180737500.0,35.29533503410215,16.627338506334443,14.551915739309502,2.5499120468198564,5.412772462995993,6.184752689082748,0.0523751489692139,0.0735721895686941,2004-06-29,,bmo,,2025-04-25,2004-06-30,,,
2004-03-31,CDW,USD,1402057,2004-03-31,2004-03-30 19:00:00,2004,Q1,1336689000.0,1132226000.0,204463000.0,0.1529622822,0,96066000.0,0.0,96066000.0,18217000.0,114283000.0,1246509000.0,0.0,0.0,3857000.0,94037000.0,0.0703506949,90180000.0,0.0674652069,1426000.0,91606000.0,0.068532022,36313000.0,55293000.0,0.041365643,0.66,0.63,83819000,87275000,,,15.94732697837006,0.6596714348775338,1.4759541392762978,1.44222670277622,7.898304680323077,13.610601414953653,13.610601414953653,13.584879323303786,0.0,1539755030.0,1233350030.0,6.96179909753495,1.1519171849248404,12.446186172835514,12.737248564763496,1.3522387326980312,1.3522387326980312,0.9226903415828216,13.115582483490542,9.969445652437496,10.202587810002813,0.0359102577505462,0.0785098912779651,0.0,0.0,-3.258345119474249,4.747425659531579,0.0,2.237407990161503,0.0,0.0,0.0718686246389399,0.0,0.0,0.0228512767453703,0.0021149272568263,0.7329530723360125,0.0,14.1998249568945,0.0477129944682583,0.0388132998359526,9.992394325868837,1063377000.0,1140827000.0,1063377000.0,1124951000.0,484928500.0,167544500.0,178226500.0,33.48617367240996,14.786226424759722,13.7169346049287,2.687676438653637,6.086745692551676,6.561232709213447,0.0485592414314582,0.0337274365000775,2004-03-30,,bmo,,2025-04-25,2004-03-31,,,
2003-12-31,CDW,USD,1402057,2003-12-31,2003-12-30 19:00:00,2003,Q4,1348916000.0,1155194000.0,193722000.0,0.1436130938,0,0.0,0.0,103477000.0,17287000.0,120764000.0,1275958000.0,0.0,0.0,3849000.0,76807000.0,0.0569397946,72958000.0,0.0540863923,685000.0,73643000.0,0.0545942075,29089000.0,44554000.0,0.0330294844,0.54,0.54,82791000,82791000,,,16.29302701984515,0.538150282035487,-0.1455955357466391,-0.1823386599992753,6.79252575763066,12.841601140220556,12.841601140220556,12.81762510417799,0.0,1520870670.0,1298445670.0,8.533861550029178,1.1274761882874842,-126.17145097063216,-100.74659976152624,1.433182812782703,1.433182812782703,0.9625845271314152,16.905303813454502,-107.7190700182512,-86.0125642554319,0.0292950616241419,-0.009925893304261,0.0,0.0,-2.895894905412267,4.97018872025211,0.0,-0.2705480989361224,0.0,0.0,0.0,0.0,0.0,-0.2523643603782977,0.0022551441305463,0.7903351519875292,0.0,12.457957003813538,0.0415169884933857,0.0339683691767202,9.182516819461052,986445000.0,1063169000.0,986445000.0,1048768000.0,474547000.0,179776000.0,186920000.0,31.526447903353507,11.61420505992933,14.326684522253403,2.8547459668117763,7.749131303916176,6.281983794659851,0.0419851788191303,0.0367431242526361,2003-12-30,,bmo,,2025-04-25,2003-12-31,,,
2003-09-30,CDW,USD,1402057,2003-09-30,2003-09-29 20:00:00,2003,Q3,1222785000.0,1046561000.0,176224000.0,0.1441169134,0,84657000.0,0.0,84657000.0,19004000.0,103661000.0,1150222000.0,0.0,0.0,3759000.0,76322000.0,0.0624165328,72563000.0,0.0593424028,1163000.0,73726000.0,0.0602935103,29122000.0,44604000.0,0.0364773856,0.54,0.52,82791000,85786000,,,14.7695401674095,0.5387542124143929,0.2307859549951081,0.1981012428887197,6.389160657559397,12.095541785942917,12.095541785942917,12.095541785942917,0.0,1520870670.0,1292723670.0,8.524295298627925,1.2437760276745298,79.59756476683938,92.73036217303824,1.5187413945648205,1.5187413945648205,1.057196211926054,16.93775936165195,67.6570717538075,78.81980793854034,0.0293279375293627,0.0107839544305236,0.0,0.0,-2.989269149131312,4.1596431413440165,0.0,0.4283696529459241,0.0,0.0,0.0692329395601025,0.0,0.0,0.1416234887737478,0.002212981022829,0.7198723064644852,0.0,12.108748572571352,0.0438389264532762,0.034497960471667,8.33217076735394,921175000.0,1001402000.0,921175000.0,984081000.0,425294500.0,175978000.0,168730500.0,35.07724579545873,18.100254070235756,16.334929354332903,2.5657658678450703,4.972305894202719,5.509665701500395,0.0445415527430542,0.0326847121063883,2003-09-29,,bmo,,2025-04-25,2003-09-30,,,
2003-06-30,CDW,USD,1402057,2003-06-30,2003-06-29 20:00:00,2003,Q2,1075296000.0,918838000.0,156458000.0,0.1455022617,0,68760000.0,0.0,68760000.0,17213000.0,85973000.0,1004811000.0,0.0,0.0,3635000.0,74120000.0,0.0689298575,70485000.0,0.0655493929,1618000.0,72103000.0,0.0670540949,28481000.0,43622000.0,0.0405674345,0.52,0.51,83354000,85699000,,,12.900352712527294,0.5233342131151475,0.6100007198214843,0.5653118026729371,6.636130239700554,11.66036422967104,11.66036422967104,11.66036422967104,0.0,1531212980.0,1307841980.0,8.775462954472513,1.4239920728803976,30.114718561932108,32.495341355234395,1.5754224857964194,1.5754224857964194,1.2162622942892003,17.64492687533729,25.721629626715966,27.75497081980433,0.0284885254825883,0.0307736419528,0.0,0.0,-3.0136400431732326,5.680216364800633,0.0,1.1656045114850304,0.0,0.0,0.0639451834657619,0.0,0.0,0.0732604334657593,0.0034641624259738,1.0247592847317744,0.0,11.717551775961796,0.0438743181855611,0.0374752689169697,8.581825707224608,898990000.0,971938000.0,898990000.0,961183000.0,361654500.0,119806000.0,138904000.0,31.304013034550486,13.857742061168562,14.44867321551786,2.8750307476765453,6.49456452593336,6.228945637952424,0.0448814636324539,0.0446889171485471,2003-06-29,,bmo,,2025-04-25,2003-06-30,,,
2003-03-31,CDW,USD,1402057,2003-03-31,2003-03-30 19:00:00,2003,Q1,1017619000.0,870231000.0,147388000.0,0.1448361322,0,68311000.0,0.0,68311000.0,10625000.0,78936000.0,949167000.0,0.0,0.0,3892000.0,72344000.0,0.0710914399,68452000.0,0.0672668258,1640000.0,70092000.0,0.0688784309,27686000.0,42406000.0,0.0416717848,0.51,0.49,83967000,86542000,,,12.119273047744947,0.5050317386592352,0.8041135207879286,0.7814022175378422,6.627472697607393,11.38503221503686,11.38503221503686,11.38503221503686,0.0,1542473790.0,1358217790.0,9.0934878908645,1.5157674827219223,22.845033101793568,23.5090195391087,1.6135220044206546,1.6135220044206546,1.3347016810810333,18.774435889638397,20.116082732267955,20.700752758641716,0.0274922013423644,0.0425368654076125,0.0,0.0,-2.546942386376202,6.23252090375378,0.0,1.59220393340565,0.0,0.0,0.0671282670626236,0.0,0.0,0.0282439017165538,0.0018739823057549,0.4899794450154162,0.0,11.374117935939386,0.0433213615582349,0.0377077299690466,8.515014827253564,882360000.0,955967000.0,882360000.0,944463000.0,348232500.0,100460000.0,140541000.0,30.89243616717062,10.149098342853794,13.47542204311269,2.9133344975765607,8.867782827562312,6.678826066601687,0.0443592718158681,0.0227113032500863,2003-03-30,,bmo,,2025-04-25,2003-03-31,,,
2002-12-31,CDW,USD,1402057,2002-12-31,2002-12-30 19:00:00,2002,Q4,1053953000.0,914569000.0,139384000.0,0.1322487815,0,0.0,0.0,65215000.0,802000.0,66017000.0,980586000.0,0.0,0.0,3728000.0,77095000.0,0.0731484231,73367000.0,0.0696112635,1916000.0,75283000.0,0.0714291814,29737000.0,45546000.0,0.0432144507,0.54,0.54,83812000,84206000,,,12.575204028062808,0.5434305350069203,0.4634300577482938,0.4152627308738605,6.020784613181883,11.025509473583735,11.025509473583735,11.025509473583735,0.0,1539626440.0,1382486440.0,8.450942124445616,1.4608112885489202,39.63920702350609,44.23705436156764,1.6661361585161298,1.6661361585161298,1.3117154560023074,17.93224515208509,35.59348214515589,39.72205608550741,0.0295825005447425,0.0226054834444126,0.0,0.0,-2.038264478889681,5.9357320186020495,0.0,0.8527861941773153,0.0,0.0,0.0,0.0,0.0,0.1039365618804871,0.0038303415806966,1.0828862660944203,0.0,11.610812483153504,0.0480340509613839,0.0415693132201112,7.97962702238343,846942000.0,924070000.0,846942000.0,911030000.0,362932500.0,112117500.0,138692500.0,29.645648335362207,10.114862847964451,14.838300882710872,3.035858719697668,8.897797365399958,6.065384487846934,0.0492884738169186,0.0481673268744332,2002-12-30,,bmo,,2025-04-25,2002-12-31,,,
2002-09-30,CDW,USD,1402057,2002-09-30,2002-09-29 20:00:00,2002,Q3,1150970000.0,993930000.0,157040000.0,0.1364414364,0,67186000.0,0.0,67186000.0,931000.0,68117000.0,1062047000.0,0.0,0.0,3616000.0,92539000.0,0.0804008793,88923000.0,0.0772591814,1811000.0,90734000.0,0.0788326368,35840000.0,54894000.0,0.0476936845,0.65,0.63,84206000,87326000,,,13.668503432059474,0.651901289694321,1.059793838918842,1.0297841008954232,5.568391801059307,10.240493551528395,10.240493551528395,10.240493551528395,0.0,1546864220.0,1361591220.0,7.044778208911722,1.3439657158744365,17.33355991080333,17.838690638189913,1.793858851388884,1.793858851388884,1.1829945350443538,14.713701466408756,15.257462601270715,15.70209216504832,0.0354872776099249,0.056057926014993,0.0,0.0,-2.0021072196587384,4.909579818542163,0.0,1.6256967974642038,0.0,0.0,0.0583733720253351,0.0,0.0,0.0283165809437366,0.0021955394145807,0.6988384955752213,0.0,12.255827040649852,0.0623885656070268,0.0516343736272832,7.308229223570767,785114000.0,862311000.0,785114000.0,848893000.0,374506500.0,130081500.0,139941500.0,29.612179292249145,10.997162778062842,11.46358395460445,3.03928998645355,8.183929056641059,7.850947867298578,0.0636591670522584,0.0300097380234187,2002-09-29,,bmo,,2025-04-25,2002-09-30,,,
2002-06-30,CDW,USD,1402057,2002-06-30,2002-06-29 20:00:00,2002,Q2,1056820000.0,919572000.0,137248000.0,0.1298688518,0,64974000.0,0.0,64974000.0,1580000.0,66554000.0,986126000.0,0.0,0.0,4007000.0,74701000.0,0.0706846956,70694000.0,0.0668931322,2120000.0,72814000.0,0.0688991503,28761000.0,44053000.0,0.0416844874,0.51,0.49,85624000,89127000,,,12.342567504438009,0.5144935999252546,1.2044286648603195,1.179423993272914,4.915923105671308,9.96493973652247,9.96493973652247,9.96493973652247,0.0,1572912880.0,1438088880.0,8.92625292261594,1.4883451108041104,15.252044837483515,15.575399605889867,1.8434632306578,1.8434632306578,1.3607699324388258,19.251266783577197,13.944698626949034,14.24033667699803,0.0280072727232038,0.0642038101944972,0.0,0.0,-1.80484866333784,5.1996162580827,0.0,2.340998342905137,0.0,0.0,0.0614806684203554,0.0,0.0,0.0207606081762469,0.0020258889877178,0.5343149488395308,0.0,10.740353749147998,0.0501271445586127,0.0424510256452261,6.8999404372605815,774825000.0,853238000.0,774825000.0,839693000.0,378939000.0,130459000.0,145480500.0,31.53653413069397,13.57616369354439,15.002055303989248,2.853832942675985,6.629265971711579,5.999177991036188,0.0516303774562314,0.0250046715874054,2002-06-29,,bmo,,2025-04-25,2002-06-30,,,
2002-03-31,CDW,USD,1402057,2002-03-31,2002-03-30 19:00:00,2002,Q1,1002836000.0,872673000.0,130163000.0,0.1297949017,0,64236000.0,0.0,64236000.0,733000.0,64969000.0,937642000.0,0.0,0.0,4213000.0,69407000.0,0.0692107184,65194000.0,0.0650096327,2172000.0,67366000.0,0.0671754903,26610000.0,40756000.0,0.0406407429,0.47,0.45,85842000,89750000,,,11.682346636844436,0.4747792455907365,0.002306563220801,-0.0195242422124368,4.568579483236644,10.157265674145522,10.157265674145522,10.157265674145522,0.0,1576917540.0,1462552540.0,9.67291650309157,1.572458048973112,7964.23,-940.8815871121718,1.8085575970272505,1.8085575970272505,1.45841647088856,21.07211866238276,7386.62898989899,-872.6447136038186,0.0258453590414118,-0.0010628330001326,0.0,0.0,-1.647744463814889,5.935635421080178,0.0,0.0048581803906173,0.0,0.0,0.0640543418864101,0.0,0.0,9.464646464646464,0.0018687003657626,0.444813671967719,0.0,10.41658898180199,0.0452357485365251,0.0394764880687167,6.887007525453741,792130000.0,871920000.0,792130000.0,858864000.0,357863500.0,114506000.0,128397500.0,34.78193842263341,12.603071253493578,14.198926745757005,2.5875498629896634,7.141116493731793,6.338507241534595,0.0467428204422424,0.0218308054332378,2002-03-30,,bmo,,2025-04-25,2002-03-31,,,
2001-12-31,CDW,USD,1402057,2001-12-31,2001-12-30 19:00:00,2001,Q4,988190000.0,857871000.0,130319000.0,0.131876461,0,0.0,0.0,62477000.0,456000.0,62933000.0,920804000.0,0.0,0.0,4359000.0,71745000.0,0.0726024348,67386000.0,0.0681913397,2231000.0,69617000.0,0.0704490027,27672000.0,41945000.0,0.0424462907,0.49,0.49,85440000,85843000,,,11.565894194756554,0.4909293071161049,1.1715706928838951,1.1475070224719102,4.615882490636704,9.113494850187266,9.113494850187266,9.113494850187266,0.0,1569532800.0,1423555800.0,9.354707354869472,1.588290510934132,15.679804993056877,16.008616627398183,2.015692146863125,2.015692146863125,1.440568918932594,19.841881664227472,14.22147873605131,14.519708699244209,0.026724513179973,0.0624663594159994,0.0,0.0,-2.034664436546101,5.39336498876064,0.0,2.386434616760043,0.0,0.0,0.0,0.0,0.0,0.0205396657309263,0.0020805715500055,0.4716678137187428,0.0,10.033286526592075,0.0521420833878993,0.0447638226778466,6.340019311797753,695786000.0,778657000.0,695786000.0,764859000.0,342096000.0,123829500.0,127977500.0,29.887825215798586,11.205321079742758,12.496669079616863,3.0112595797845594,8.031898359673432,7.201919121535969,0.0538683913456117,0.024063670411985,2001-12-30,,bmo,,2025-04-25,2001-12-31,,,
2001-09-30,CDW,USD,1402057,2001-09-30,2001-09-29 20:00:00,2001,Q3,991065000.0,857091000.0,133974000.0,0.1351818498,0,64476000.0,0.0,64476000.0,648000.0,65124000.0,922215000.0,0.0,0.0,3945000.0,72795000.0,0.0734512873,68850000.0,0.0694707209,2910000.0,71760000.0,0.0724069562,28525000.0,43235000.0,0.0436247875,0.5,0.49,85843000,89042000,,,11.54508812599746,0.5036520158894726,0.4913271903358456,0.3920995305383083,3.496802301876682,8.445953659587852,8.445953659587852,8.445953659587852,0.0,1576935910.0,1541190910.0,9.11839892448248,1.5911528608113494,37.38852715935226,46.85034938649395,2.1750060135774443,2.1750060135774443,1.5550855998345214,21.171658905144582,36.54102733717429,45.78837487744734,0.0274170939515227,0.0213445580042628,0.0,0.0,-0.4910364722851844,4.434888669188446,0.0,0.9755290852318724,0.0,0.0,0.0650572868580769,0.0,0.0,0.2019584133532494,0.008594794488757,2.1591888466413183,0.0,9.783199154781173,0.0572141429696807,0.047451648378182,5.236341344081637,639274000.0,725026000.0,639274000.0,710471000.0,183368000.0,120772500.0,128802500.0,32.331310257147614,14.790249810113512,14.368859315988615,2.783679327691439,6.085089917714464,6.2635452140487295,0.0596323442193797,0.0992276597975373,2001-09-29,,bmo,,2025-04-25,2001-09-30,,,
2001-06-30,CDW,USD,1402057,2001-06-30,2001-06-29 20:00:00,2001,Q2,995045000.0,862422000.0,132623000.0,0.1332834193,0,62532000.0,0.0,62532000.0,1592000.0,64124000.0,926546000.0,0.0,0.0,3898000.0,72397000.0,0.0727575135,68499000.0,0.0688401027,2919000.0,71418000.0,0.0717736384,28388000.0,43030000.0,0.0432442754,0.5,0.48,85598000,88889000,,,11.624629080118694,0.5026986611836726,0.8279983177177037,0.7617467697843407,3.26563704759457,7.6922942124816,7.6922942124816,7.6922942124816,0.0,1572435260.0,1528178260.0,9.1356917267023,1.5802654754307597,22.186035414462083,24.115625728482915,2.3881041848597837,2.3881041848597837,1.53578808998588,21.108309184082213,21.56159802469136,23.43687902582664,0.0273651965804938,0.0414668900263658,0.0,0.0,-0.6113098609058386,4.624554880767709,0.0,1.64710666976528,0.0,0.0,0.0628433889924576,0.0,0.0,0.0800141093474426,0.0056992397328764,1.4548486403283736,0.0,9.327667717389046,0.0626799136280294,0.052625013452827,2.2047273300778056,577127000.0,658445000.0,577127000.0,643930000.0,11040000.0,111312500.0,137032000.0,0.968609459873674,10.508150302288207,12.602913654800089,92.9167055747502,8.564780423858423,7.141205792973246,0.065350940473388,0.0662515479333629,2001-06-29,,bmo,,2025-04-25,2001-06-30,,,
2001-03-31,CDW,USD,1402057,2001-03-31,2001-03-30 19:00:00,2001,Q1,987245000.0,857126000.0,130119000.0,0.1318001104,0,63843000.0,0.0,63843000.0,2813000.0,66656000.0,923782000.0,0.0,0.0,3181000.0,66644000.0,0.0675050266,63463000.0,0.0642829288,3718000.0,67181000.0,0.0680489645,26705000.0,40476000.0,0.0409989415,0.47,0.45,86194000,89089000,,,11.45375548182008,0.4695918509409008,1.035489709260505,0.9630368703157992,2.484036011787363,7.0868621945843095,7.0868621945843095,7.0868621945843095,0.0,1583383780.0,1462263780.0,9.779769369502915,1.603840769008706,17.74039841798035,19.07507445065536,2.592120390606455,2.592120390606455,1.4811559238081733,21.94141678170578,16.383357198077377,17.615937981881263,0.0255629750103919,0.0524244349654762,0.0,0.0,-1.817417922093512,3.886107363276276,0.0,2.205084494515268,0.0,0.0,0.064667838277226,0.0,0.0,0.0699696368749509,0.0063256841007044,1.963219113486325,0.0,8.653235611299028,0.0625951519240122,0.0508878596321832,1.3311222358864887,532634000.0,610845000.0,532634000.0,597664000.0,181118500.0,89006000.0,131749500.0,1.036611985879898,12.80300679246692,16.09650156453077,86.82129979773107,7.029598707465698,5.591277063478085,0.0662623087690003,0.0724528389447061,2001-03-30,,bmo,,2025-04-25,2001-03-31,,,
2000-12-31,CDW,USD,1402057,2000-12-31,2000-12-30 19:00:00,2000,Q4,1007071000.0,879796000.0,127275000.0,0.1263813574,0,0.0,0.0,48126000.0,12479000.0,60605000.0,940401000.0,0.0,0.0,3162000.0,69832000.0,0.0693416849,66670000.0,0.0662018865,2865000.0,69535000.0,0.0690467703,27536000.0,41999000.0,0.0417041102,0.48,0.48,87236000,87236000,,,11.544213398138384,0.4814411481498464,0.781317346049796,0.6290407629877574,2.322676417992572,7.293445366591774,7.359977532211472,7.293445366591774,0.0,1602525320.0,1558861320.0,9.539068311150269,1.5912734256075292,23.51157323317537,29.203194897494303,2.5186998841652115,2.5186998841652115,1.5479160059221246,22.32302268301065,22.870953505773265,28.407495580865604,0.0262080102422344,0.0342428286874119,0.0,0.0,-0.6252720815671898,6.006836860214287,0.0,1.6228719731422176,0.0,0.0,0.0,0.0,-0.007754827727651,0.1948972256048357,0.013190728359768,4.201138519924099,0.0,8.88851539928647,0.0632903457414104,0.0556837933763876,4.684826218533633,561697000.0,642055000.0,561697000.0,617859000.0,358140000.0,82026500.0,138073000.0,31.356220167197744,5.73688673283352,11.273272440429372,2.870243910780754,15.68795135607425,7.983484873232791,0.0660101123613165,0.1522765830620386,2000-12-30,,bmo,,2025-04-25,2000-12-31,,,
2000-09-30,CDW,USD,1402057,2000-09-30,2000-09-29 20:00:00,2000,Q3,1028051000.0,896917000.0,131134000.0,0.1275559286,0,59358000.0,0.0,59358000.0,0.0,59358000.0,956275000.0,0.0,0.0,2787000.0,74563000.0,0.072528503,71776000.0,0.069817548,2611000.0,74387000.0,0.0723573052,29457000.0,44930000.0,0.0437040575,0.52,0.49,87236000,91872000,,,11.78471044064377,0.5150396625246458,0.0394332614975468,-0.0651451235728369,1.686608739511211,6.674538034756293,6.674538034756293,6.674538034756293,0.0,1602525320.0,1581968320.0,8.916789005119075,1.558799436992912,465.8503837209303,-281.9858032729192,2.7522504035997666,2.7522504035997666,1.5388033473047544,21.216532596596167,459.874511627907,-278.3685236670772,0.0280369985043356,-0.003546277821058,0.0,0.0,-0.2756997438407789,4.1363770392167485,0.0,0.0765635432895615,0.0,0.0,0.0577383806834485,0.0,0.0,2.65203488372093,0.0088740733679554,3.273412271259419,0.0,8.79472375239256,0.0744563376408215,0.0600316124627391,3.87439245265716,521200000.0,582260000.0,521200000.0,573044000.0,339984000.0,115531500.0,159346500.0,31.989911006360582,10.834313542947676,16.65144043428768,2.8133870076132825,8.306940688326604,5.4049378103456585,0.0771648404492838,0.1045783850703837,2000-09-29,,bmo,,2025-04-25,2000-09-30,,,
2000-06-30,CDW,USD,1402057,2000-06-30,2000-06-29 20:00:00,2000,Q2,943342000.0,821121000.0,122221000.0,0.1295617072,0,57907000.0,0.0,57907000.0,0.0,57907000.0,879028000.0,0.0,0.0,2575000.0,66889000.0,0.0709064157,64314000.0,0.0681767588,1993000.0,66307000.0,0.0702894602,26258000.0,40049000.0,0.0424543803,0.46,0.44,86951000,91154000,,,10.849121919241872,0.4605927476394751,0.7233844349116169,0.664132672424699,1.6637761497855117,6.168267184966245,6.168267184966245,6.168267184966245,0.0,1597289870.0,1556301870.0,9.970847399435693,1.693224588749361,25.39451930873305,27.660135937797637,2.9781459604688845,2.9781459604688845,1.649774811256151,23.26693282901524,24.74287142879855,26.95035014805964,0.0250730945911527,0.0361531122713499,0.0,0.0,-0.6127763907368925,3.9076488190135135,0.0,1.5705510749332068,0.0,0.0,0.0613849484068344,0.0,0.0,0.0819090923544094,0.0054614339232219,2.0007766990291262,0.0,7.995237985526465,0.0724269272201317,0.0572602195244352,3.379754114386264,474191000.0,536337000.0,474191000.0,519699000.0,304528000.0,111849000.0,143340500.0,30.010176584950106,13.491543877211765,16.74224627064708,2.9989826865975315,6.670845147086302,5.375622753667781,0.0746713353730956,0.0592517624869179,2000-06-29,,bmo,,2025-04-25,2000-06-30,,,
2000-03-31,CDW,USD,1402057,2000-03-31,2000-03-30 19:00:00,2000,Q1,863988000.0,754775000.0,109213000.0,0.1264056908,0,52365000.0,0.0,52365000.0,0.0,52365000.0,807140000.0,0.0,0.0,1954000.0,58802000.0,0.0680588156,56848000.0,0.0657972101,1580000.0,58428000.0,0.0676259392,23137000.0,35291000.0,0.0408466321,0.82,0.79,43287000,44726000,,,19.959525954674618,0.8152794141428142,0.1692193961235474,0.0431769353385543,1.9537505486635711,10.925635872201816,10.925635872201816,10.925635872201816,0.0,795182190.0,781305190.0,5.633038097531949,0.9203625397574966,108.55729556313996,425.4586356340289,1.6813666696268856,1.6813666696268856,0.904300974087603,13.287051290772425,106.66282457337884,418.0338095238095,0.0443810241776164,0.0023504047544123,0.0,0.0,-0.2359953743069963,4.246794122688106,0.0,0.2075600011334334,0.0,0.0,0.0606084806733426,0.0,0.0,0.7448464163822526,0.0063149025217942,2.792221084953941,0.0,14.15689002899628,0.0726028925643262,0.0586915595646736,5.63810150853605,416752000.0,472938000.0,416752000.0,459683000.0,266140500.0,83132000.0,130074500.0,30.677717746079807,11.996462521943624,15.970163293696796,2.9337254076372994,7.502211575735287,5.635509064301287,0.0746207748161492,0.1260424607849931,2000-03-30,,bmo,,2025-04-25,2000-03-31,,,
1999-12-31,CDW,USD,1402057,1999-12-31,1999-12-30 19:00:00,1999,Q4,741239000.0,651100000.0,90139000.0,0.1216058518,0,0.0,0.0,47227000.0,-5100000.0,42127000.0,693227000.0,0.0,0.0,11888000.0,59900000.0,0.0808106427,48012000.0,0.0647726307,1481000.0,49493000.0,0.0667706367,19608000.0,29885000.0,0.0403176303,0.35,0.35,84516129,84516129,,,8.770385117851292,0.3536011451731302,-0.0613965649089299,-0.0916984733174421,0.981765267550292,4.626146566651201,4.703043131566047,4.626146566651201,0.0,1552561289.73,1532814289.73,12.987797304082315,2.094548842856353,-299.2024069628059,-200.33048899741937,3.970907478899393,3.970907478899393,2.067908312609024,25.58955408564274,-295.3968567604548,-197.78248899741936,0.0192488375162291,-0.0049917514054132,0.0,0.0,-0.3296661101836394,3.9593147192663434,0.0,-0.1736322569851096,0.0,0.0,0.0,0.0,-0.0128460314479705,-0.4935440354596261,0.0034550259767767,0.2154273216689098,0.0,6.0667735480565534,0.0741481454184086,0.0583219818350006,2.478660020030023,340117000.0,397483000.0,340117000.0,373047000.0,243439500.0,82278500.0,106658500.0,28.870728604404245,9.075610505298728,17.44667485793273,3.117344256641672,9.916688243447004,5.158576103060602,0.0764353528533137,0.0303019084085121,1999-12-30,,bmo,,2025-04-25,1999-12-31,,,
1999-09-30,CDW,USD,1402057,1999-09-30,1999-09-29 20:00:00,1999,Q3,683000000.0,595500000.0,87500000.0,0.1281112738,0,43500000.0,0.0,43500000.0,1900000.0,45400000.0,640900000.0,0.0,0.0,-1900000.0,44000000.0,0.0644216691,42100000.0,0.0616398243,1300000.0,43400000.0,0.0635431918,17200000.0,26200000.0,0.0383601757,0.31,0.3,84516129,87333333,,,8.081297713008128,0.3100000001183206,0.2094274809959647,0.1893129771714935,1.100381679809306,4.169618322202145,4.169618322202145,4.170801528309466,0.0,1552561289.73,1536261289.73,14.814516123377862,2.2731497653440704,87.71532710338982,97.035080608125,4.4044291907234046,4.4044291907234046,2.2492844651976576,34.915029312045455,86.79442314858757,96.016330608125,0.0168753402350746,0.0103055512885951,0.0,0.0,-0.3704545454545455,3.389408099688473,0.0,0.6755725190839694,0.0,0.0,0.0636896046852123,0.0,0.0,0.096045197740113,0.0024890190336749,-0.8947368421052632,0.0,5.393638908108523,0.0721203387436773,0.0544925124792013,2.3069561077507466,306800000.0,352400000.0,306800000.0,345300000.0,235200000.0,88650000.0,84100000.0,32.82430453879942,14.947103274559192,13.163727959697733,2.741870734644721,6.021233569261881,6.8369690011481055,0.0743262411347517,0.0201145038244711,1999-09-29,,bmo,,2025-04-25,1999-09-30,,,
1999-06-30,CDW,USD,1402057,1999-06-30,1999-06-29 20:00:00,1999,Q2,597600000.0,521100000.0,76500000.0,0.1280120482,0,38700000.0,0.0,38700000.0,1700000.0,40400000.0,561500000.0,0.0,0.0,-1700000.0,36900000.0,0.061746988,36100000.0,0.0604082999,853000.0,36900000.0,0.061746988,14600000.0,22300000.0,0.0373159304,0.26,0.25,86236000,87850000,,,6.9298204926016975,0.2585926991047822,0.1310357623266385,0.1043647664548448,0.2968597801382253,3.6968319495338378,3.6968319495338378,3.697991558050002,0.0,1584155320.0,1558555320.0,17.759588789237668,2.650862315930388,140.19073628318586,176.0172577777778,4.96756136719975,4.96756136719975,2.608024297188755,42.23727154471545,137.92524955752214,173.17281333333332,0.0140769025097867,0.0056812611026045,0.0,0.0,-0.6937669376693767,3.4574753804834377,0.0,0.5067264573991032,0.0,0.0,0.0647590361445783,0.0,0.0,0.2035398230088495,0.0038487282463186,-1.3529411764705883,0.0,4.638551111167592,0.0684332847092586,0.0518002322880371,1.3964585555916322,274500000.0,318800000.0,274500000.0,313200000.0,207600000.0,71050000.0,80800000.0,33.32831325301205,13.540587219343696,14.006908462867012,2.70040668775418,6.646683673469388,6.425400739827373,0.0699278770774537,0.0266709958717936,1999-06-29,,bmo,,2025-04-25,1999-06-30,,,
1999-03-31,CDW,USD,1402057,1999-03-31,1999-03-30 19:00:00,1999,Q1,539400000.0,470000000.0,69400000.0,0.1286614757,0,36200000.0,0.0,36200000.0,1500000.0,37700000.0,507700000.0,0.0,0.0,-1500000.0,32300000.0,0.0598813496,31700000.0,0.0587690026,894000.0,32600000.0,0.0604375232,12900000.0,19700000.0,0.0365220615,0.23,0.23,85652174,85652174,,,6.297563445383184,0.2299999997664974,-0.0151776649592104,-0.0455329948776314,0.0992385785794532,3.442994920362442,3.442994920362442,3.444162433051612,0.0,1573430436.38,1564930436.38,19.96739132461929,2.9170011797923623,-1210.3311049076924,-403.4437016358974,5.33366249620339,5.33366249620339,2.9012429298850577,48.44985871145512,-1203.7926433692307,-401.2642144564103,0.0125204137053074,-0.0024786605812537,0.0,0.0,-0.2631578947368421,3.5995872033023737,0.0,-0.065989847715736,0.0,0.0,0.0671116054875787,0.0,0.0,-2.0,0.0048201705598813,-1.7333333333333334,0.0,4.221793525617652,0.064958070428366,0.0502807554874936,1.1356979683901542,251900000.0,294900000.0,251900000.0,290100000.0,176052000.0,52529000.0,72446000.0,32.35261401557286,12.197872340425532,15.414893617021278,2.781846312532233,7.378335949764521,5.838509316770186,0.0667796610169491,0.0303553299184209,1999-03-30,,bmo,,2025-04-25,1999-03-31,,,
1998-12-31,CDW,USD,1402057,1998-12-31,1998-12-30 19:00:00,1998,Q4,477189000.0,420214000.0,56975000.0,0.1193971361,0,0.0,0.0,31137000.0,-3400000.0,27737000.0,447951000.0,0.0,0.0,8158000.0,37396000.0,0.0783672717,29238000.0,0.0612713202,1173000.0,30411000.0,0.0637294657,12070000.0,18341000.0,0.0384355046,0.21,0.21,85500000,85500000,,,5.581157894736842,0.2145146198830409,-0.0406549707602339,-0.0723508771929824,0.8267602339181287,3.1668187134502923,3.1668187134502923,3.1668187134502923,0.0,1570635000.0,1566405000.0,21.40879723024917,3.2914316968748234,-451.85126582278485,-253.9015518913676,5.800774108722389,5.800774108722389,3.2825672846607947,41.88696652048347,-450.6343498273878,-253.21774975751697,0.0116774425630397,-0.0039385344144247,0.0,0.0,-0.1131137020002139,4.218919755692533,0.0,-0.1895207458699089,0.0,0.0,0.0,0.0,0.0,-0.7796317606444189,0.0056790915130063,0.3321892620740377,0.0,3.9095908395216408,0.065125437537032,0.0536567384683796,1.759988304093567,228730000.0,270763000.0,228730000.0,265786000.0,150202000.0,43629000.0,59846000.0,29.837988721449992,8.857915252704576,13.79125873959459,3.016289095092412,10.160404274868224,6.5258727792272335,0.067738206475774,0.0316959064327485,1998-12-30,,bmo,,2025-04-25,1998-12-31,,,
1998-09-30,CDW,USD,1402057,1998-09-30,1998-09-29 20:00:00,1998,Q3,462700000.0,402700000.0,60000000.0,0.1296736546,0,31700000.0,0.0,31700000.0,1200000.0,32900000.0,435600000.0,0.0,0.0,-1200000.0,27000000.0,0.0583531446,27100000.0,0.0585692673,1200000.0,28300000.0,0.0611627404,11200000.0,17100000.0,0.0369569916,0.2,0.2,85500000,85500000,,,5.411695906432748,0.2,-0.0070175438596491,-0.0643274853801169,0.1555555555555555,2.9239766081871346,2.9239766081871346,2.9239766081871346,0.0,1570635000.0,1557335000.0,22.9625,3.394499675815863,-2617.725,-285.57,6.28254,6.28254,3.365755349038254,57.67907407407407,-2595.5583333333334,-283.15181818181816,0.0108873162765378,-0.0035017683930384,0.0,0.0,-0.4925925925925926,4.042274052478134,0.0,-0.0350877192982456,0.0,0.0,0.0685109141992651,0.0,0.0,-8.166666666666666,0.010590015128593,-4.083333333333333,0.0,3.627381250550058,0.0654996466431095,0.0536723163841807,0.9239766081871345,208700000.0,250000000.0,208700000.0,244400000.0,133300000.0,46350000.0,52100000.0,27.659390533823213,10.25825676682394,12.359076235410978,3.253867791842475,8.773420479302832,7.282097649186257,0.0684,0.0573099415204678,1998-09-29,,bmo,,2025-04-25,1998-09-30,,,
1998-06-30,CDW,USD,1402057,1998-06-30,1998-06-29 20:00:00,1998,Q2,408900000.0,356200000.0,52700000.0,0.1288823673,0,26900000.0,0.0,26900000.0,1000000.0,27900000.0,384100000.0,0.0,0.0,-1000000.0,24800000.0,0.0606505258,24800000.0,0.0606505258,1000000.0,25800000.0,0.0630961115,10200000.0,15600000.0,0.0381511372,0.18,0.18,86666667,86666667,,,4.718076904930474,0.1799999993076923,0.1765384608594674,0.1592307686183432,0.2734615374097633,2.6711538358801774,2.6711538358801774,2.6711538358801774,0.0,1592066672.7900002,1568366672.7900002,25.513888987019232,3.8935355167278063,104.05664528039216,115.36715020217392,6.877177852224623,6.877177852224623,3.835575135216435,63.24059164475807,102.50762567254904,113.6497588978261,0.0097985846111971,0.0086679786945205,0.0,0.0,-0.9556451612903226,3.923076923076923,0.0,0.9807692307692308,0.0,0.0,0.065786255808266,0.0,0.0,0.0980392156862745,0.0036683785766691,-1.5,0.0,3.2890991158228053,0.0647467566373458,0.0523665659617321,0.8659615351309172,193800000.0,231500000.0,193700000.0,225900000.0,114050000.0,43200000.0,59550000.0,27.380777696258257,11.824817518248176,12.355418304323411,3.286977491961415,7.611111111111111,7.284253578732106,0.0673866090712742,0.0173076922411242,1998-06-29,,bmo,,2025-04-25,1998-06-30,,,
1998-03-31,CDW,USD,1402057,1998-03-31,1998-03-30 19:00:00,1998,Q1,384600000.0,334200000.0,50400000.0,0.1310452418,0,25800000.0,0.0,25800000.0,1200000.0,27000000.0,361200000.0,0.0,0.0,-1200000.0,23500000.0,0.0611024441,23400000.0,0.0608424337,1100000.0,24500000.0,0.0637025481,9700000.0,14800000.0,0.0384815393,0.18,0.17,82222222,87058824,,,4.677567580209642,0.1800000004864864,-0.0814864867067202,-0.1544594598769174,0.1155405408528122,2.622162169249087,2.622162169249087,2.622162169249087,0.0,1510422218.14,1500922218.14,25.513888819932436,3.927254857358295,-225.43615196119404,-118.93088331811023,7.0056689153061225,7.0056689153061225,3.902553869318773,63.86903055914894,-224.01824151343288,-118.18285182204724,0.0097985846753667,-0.008408244957916,0.0,0.0,-0.4042553191489361,3.622058823529412,0.0,-0.4527027027027027,0.0,0.0,0.0670826833073322,0.0,0.0,-0.8955223880597015,0.0156006240249609,-5.0,0.0,3.2587968353613035,0.0655331951974113,0.052167782869228,0.6601013531354091,178300000.0,215600000.0,178200000.0,209900000.0,97600000.0,42050000.0,66070500.0,24.266770670826837,10.66427289048474,18.9048473967684,3.70877531340405,8.43939393939394,4.760683760683761,0.0686456400742115,0.0729729731701972,1998-03-30,,bmo,,2025-04-25,1998-03-31,,,
1997-12-31,CDW,USD,1402057,1997-12-31,1997-12-30 19:00:00,1997,Q4,350729000.0,305324000.0,45405000.0,0.129458927,0,0.0,0.0,24115000.0,-800000.0,23315000.0,328639000.0,0.0,0.0,3472000.0,25562000.0,0.0728824819,22090000.0,0.0629831009,1018000.0,23108000.0,0.0658856268,9207000.0,13901000.0,0.0396345897,0.16,0.16,86666667,86666667,,,4.0468730613581805,0.1603961532292455,0.1839230762156804,0.1564499993982692,0.9164423041675296,2.306146144976361,2.306146144976361,2.306146144976361,0.0,1592066672.7900002,1573833672.7900002,28.6322328032156,4.539307193844821,99.87871222020075,117.417705788775,7.965670363093272,7.965670363093272,4.4873211875550645,61.56926972811205,98.7348602754078,116.07299010177744,0.0087314182487341,0.0085166031245655,0.0,0.0,-0.7132853454346295,3.3994410605517738,0.0,1.1466800949571974,0.0,0.0,0.0,0.0,0.0,0.1493726474278544,0.0067887172147156,0.6857718894009217,0.0,2.88490586239307,0.0664875728985261,0.0515537325555089,1.260524995151827,167421000.0,199866000.0,167421000.0,194125000.0,89800000.0,46500000.0,62670500.0,23.47966663720422,13.117213189922836,18.258276453865403,3.833103825136612,6.861213483146067,4.929271403432298,0.069551599571713,0.0274730768174112,1997-12-30,,bmo,,2025-04-25,1997-12-31,,,
1997-09-30,CDW,USD,1402057,1997-09-30,1997-09-29 20:00:00,1997,Q3,323900000.0,280700000.0,43200000.0,0.1333744983,0,22600000.0,0.0,22600000.0,200000.0,22800000.0,303500000.0,0.0,0.0,-200000.0,20600000.0,0.0635998765,20400000.0,0.062982402,1100000.0,21500000.0,0.0663785119,8500000.0,13000000.0,0.0401358444,0.15,0.15,86666667,86666667,,,3.737307677933432,0.1499999994230769,-0.1211538456878698,-0.1834615377559171,0.0819230766079881,2.1346153764053253,2.1346153764053253,2.1346153764053253,0.0,1592066672.7900002,1584966672.7900002,30.61666678442308,4.915303095986416,-151.62539740857144,-100.12997942075474,8.605765798864866,8.605765798864866,4.89338275020068,76.94012974708738,-150.94920693238095,-99.6834385402516,0.0081654871759976,-0.0099870189306432,0.0,0.0,-0.3446601941747573,3.277860326894502,0.0,-0.8076923076923077,0.0,0.0,0.0697746217968508,0.0,0.0,-0.5142857142857142,0.0166718122877431,-27.0,0.0,2.6840877160888432,0.0666750471401634,0.0515259611573523,0.4335576906401627,153300000.0,185000000.0,153300000.0,179100000.0,78000000.0,38350000.0,55200000.0,24.479777709169497,15.550409690060562,20.327752048450304,3.67650397275823,5.787628865979381,4.427444794952681,0.0702702702702702,0.0623076920680473,1997-09-29,,bmo,,2025-04-25,1997-09-30,,,
1997-06-30,CDW,USD,1402057,1997-06-30,1997-06-29 20:00:00,1997,Q2,304500000.0,262700000.0,41800000.0,0.13727422,0,21600000.0,0.0,21600000.0,200000.0,21800000.0,284500000.0,0.0,0.0,-200000.0,20200000.0,0.0663382594,20000000.0,0.065681445,1000000.0,21000000.0,0.0689655172,8300000.0,12700000.0,0.0417077176,0.15,0.15,84666667,84666667,,,3.5964566787541075,0.1499999994094488,0.2834645658131316,0.211417322002294,0.1346456687612375,2.0291338502790004,2.0291338502790004,2.0291338502790004,0.0,1555326672.7900002,1543926672.7900002,30.616666787204725,5.107805165155994,64.80527803291668,86.88975825642459,9.053123822991852,9.053123822991852,5.070366741510674,76.43201350445545,64.33027803291668,86.2528867480447,0.0081654871752557,0.011508836254888,0.0,0.0,-0.5643564356435643,3.7561436672967865,0.0,1.889763779527559,0.0,0.0,0.070935960591133,0.0,0.0,0.2541666666666666,0.0200328407224958,-30.5,0.0,2.6169307819905576,0.070403015688231,0.0565198041833555,0.3888779512248899,145800000.0,171800000.0,145800000.0,148900000.0,67400000.0,34300000.0,54600000.0,20.068965517241377,9.661210506280929,16.102017510468215,4.484536082474227,9.315602836879432,5.589361702127659,0.0739231664726426,0.0720472438108376,1997-06-29,,bmo,,2025-04-25,1997-06-30,,,
1997-03-31,CDW,USD,1402057,1997-03-31,1997-03-30 19:00:00,1997,Q1,297800000.0,257400000.0,40400000.0,0.1356615178,0,22000000.0,0.0,22000000.0,400000.0,22400000.0,279800000.0,0.0,0.0,-400000.0,17500000.0,0.0587642713,18000000.0,0.0604432505,900000.0,18900000.0,0.063465413,7500000.0,11400000.0,0.0382807253,0.14,0.13,81428571,87692308,,,3.657193001704525,0.1400000007368421,-0.1215789480083102,-0.1608771938291782,0.0871929829150507,1.9514035190424743,1.9514035190424743,1.9526315892243769,0.0,1495842849.27,1488742849.27,32.80357125592106,5.022978002921423,-151.0952373,-114.18647704351145,9.407816662075472,9.407816662075472,4.999136498556078,85.07101995828572,-150.37806558282827,-113.64449231068704,0.0076211214336876,-0.0087576044545007,0.0,0.0,-0.4057142857142857,3.4705882352941178,0.0,-0.868421052631579,0.0,0.0,0.073875083948959,0.0,0.0,-0.3232323232323232,0.0107454667562122,-8.0,0.0,2.4800785347301733,0.0683268902274566,0.0530232558139534,0.3963596512089104,138600000.0,158900000.0,138600000.0,141900000.0,64113500.0,38521000.0,51831000.0,20.21826729348556,14.125874125874128,21.748251748251747,4.451420029895366,6.371287128712871,4.138263665594855,0.0716981132075471,0.0392982458208679,1997-03-30,,bmo,,2025-04-25,1997-03-31,,,
1996-12-31,CDW,USD,1402057,1996-12-31,1996-12-30 19:00:00,1996,Q4,262195000.0,229413000.0,32782000.0,0.1250290814,0,0.0,0.0,17679000.0,2100000.0,19779000.0,249192000.0,0.0,0.0,3875000.0,16878000.0,0.0643719369,13003000.0,0.0495928603,4781000.0,17784000.0,0.0678273804,7084000.0,10700000.0,0.0408093213,0.13,0.13,80833333,80833333,,,3.243649497911957,0.1323711345664789,0.1456577325594133,0.1174762891442321,0.9272412409370772,1.7520247494928856,1.7520247494928856,1.7520247494928856,0.0,1484908327.21,1468446327.21,34.694119794626175,5.663373928602757,126.11757492865635,156.37198054022747,10.4850117016424,10.4850117016424,5.6005885970746965,87.00357431034483,124.7194094793613,154.6384085098989,0.007205832039547,0.0063950075745363,0.0,0.0,-0.9753525299206068,3.160781708851909,0.0,1.100373831775701,0.0,0.0,0.0,0.0,0.0,0.1934771530490912,0.0086881900875302,0.5878709677419355,0.0,2.284325685465143,0.0552417168247373,0.0538148166775637,1.0449927878144032,123614000.0,141622000.0,123614000.0,135909000.0,59663500.0,37271000.0,43731000.0,21.050859093422837,14.374861058440452,16.265773953524864,4.275359955647594,6.260930080235795,5.533090540736096,0.0755532332547203,0.0281814434151812,1996-12-30,,bmo,,2025-04-25,1996-12-31,,,
1996-09-30,CDW,USD,1402057,1996-09-30,1996-09-29 20:00:00,1996,Q3,240300000.0,208100000.0,32200000.0,0.1339991677,0,16300000.0,0.0,16300000.0,600000.0,16900000.0,225000000.0,0.0,0.0,-600000.0,15000000.0,0.0624219725,15300000.0,0.063670412,900000.0,16200000.0,0.0674157303,6500000.0,9700000.0,0.0403662089,0.12,0.11,80833333,88181818,,,2.97278351741354,0.1200000004948453,0.1484536088596025,0.1274226809378255,0.0828865982799447,1.609484542719524,1.609484542719524,1.6107216561266873,0.0,1484908327.21,1478208327.21,38.27083317551546,6.179393787806908,123.74236060083334,144.16585701067962,11.404825861827955,11.404825861827955,6.15151197340824,98.547221814,123.1840272675,143.5153715737864,0.0065323897928603,0.0069364551408723,0.0,0.0,-0.4466666666666666,3.084229390681004,0.0,1.2371134020618555,0.0,0.0,0.0678318768206408,0.0,0.0,0.1416666666666666,0.0070744902205576,-2.833333333333333,0.0,2.085413265872226,0.070415919378256,0.0521785906401291,0.2152577328464236,116300000.0,130100000.0,116300000.0,119700000.0,55500000.0,31900000.0,41950000.0,21.722846441947567,16.39115809706872,19.89428159538684,4.143103448275862,5.490765171503957,4.523913043478261,0.0745007680491551,0.021030927921777,1996-09-29,,bmo,,2025-04-25,1996-09-30,,,
1996-06-30,CDW,USD,1402057,1996-06-30,1996-06-29 20:00:00,1996,Q2,218700000.0,188300000.0,30400000.0,0.1390032007,0,16600000.0,0.0,16600000.0,800000.0,17400000.0,205700000.0,0.0,0.0,-800000.0,13000000.0,0.0594421582,13000000.0,0.0594421582,900000.0,13900000.0,0.0635573845,5400000.0,8500000.0,0.0388660265,0.1,0.1,85000000,85000000,,,2.572941176470588,0.1,0.0835294117647058,0.0047058823529411,0.0364705882352941,1.416470588235294,1.416470588235294,1.416470588235294,0.0,1561450000.0,1558350000.0,45.925,7.139689071787838,219.9225352112676,3903.625,12.968853820598008,12.968853820598008,7.125514403292181,119.87307692307692,219.48591549295776,3895.875,0.0054436581382689,0.0002561721476832,0.0,0.0,-0.2384615384615384,3.633251833740831,0.0,0.8352941176470589,0.0,0.0,0.0759030635573845,0.0,0.0,0.943661971830986,0.0306355738454503,-8.375,0.0,1.785233548735126,0.0660269126891178,0.0526968381897086,0.2458823529411764,107700000.0,120400000.0,107700000.0,110600000.0,50400000.0,19650000.0,33000000.0,21.81069958847737,12.37918215613383,18.114710568242167,4.126415094339623,7.27027027027027,4.968337730870712,0.0705980066445182,0.0788235294117647,1996-06-29,,bmo,,2025-04-25,1996-06-30,,,
1996-03-31,CDW,USD,1402057,1996-03-31,1996-03-30 19:00:00,1996,Q1,206700000.0,179600000.0,27100000.0,0.1311078858,0,14400000.0,0.0,14400000.0,500000.0,14900000.0,194500000.0,0.0,0.0,-500000.0,12700000.0,0.061441703,12200000.0,0.0590227383,-3200000.0,9000000.0,0.0435413643,3500000.0,5500000.0,0.0266086115,0.07,0.07,78571429,78571429,,,2.630727258377852,0.0699999996181818,-0.0267272725814876,-0.0318181816446281,0.0063636363289256,1.4229090831477686,1.4229090831477686,1.4229090831477686,0.0,1443357150.73,1442857150.73,65.60714321500001,6.9828599454765365,-687.3129289190476,-577.342860292,12.91017129454383,12.91017129454383,6.9804409807934205,113.61079927007874,-687.0748336809523,-577.142860292,0.0038105606760033,-0.0017320730345469,0.0,0.0,-0.0393700787401574,4.762589928057554,0.0,-0.3818181818181818,0.0,0.0,0.06966618287373,0.0,0.0,-0.1904761904761904,0.0019351717464925,-0.8,0.0,1.4970243130068572,0.0666865434307294,0.0393982808022922,0.287636362067438,104600000.0,111800000.0,104600000.0,108000000.0,44350000.0,16400000.0,27750000.0,20.812772133526853,6.714922048997773,14.08129175946548,4.324267782426778,13.402985074626866,6.391459074733096,0.0491949910554561,0.0050909090631404,1996-03-30,,bmo,,2025-04-25,1996-03-31,,,
1995-12-31,CDW,USD,1402057,1995-12-31,1995-12-30 19:00:00,1995,Q4,180100000.0,156600000.0,23500000.0,0.130483065,0,0.0,0.0,13400000.0,600000.0,14000000.0,170600000.0,0.0,0.0,-600000.0,9300000.0,0.0516379789,9500000.0,0.0527484731,800000.0,10300000.0,0.0571904498,4000000.0,6300000.0,0.0349805664,0.0832,0.0832,75714286,75714286,,,2.378679236306871,0.0832075468558205,0.0488679243438946,0.0369811319359202,0.1875471691035956,1.4026415041409754,1.4026415041409754,1.4026415041409754,0.0,1390871433.8200002,1376671433.8200002,55.19331086587302,7.722773091726819,375.9111983297297,496.7397977928572,13.09671783258004,13.09671783258004,7.643928005663521,148.0291864322581,372.073360491892,491.66836922142863,0.0045295343960707,0.0020131263982536,0.0,0.0,-1.5268817204301075,4.581227436823105,0.0,0.5873015873015873,0.0,0.0,0.0,0.0,0.0,0.2432432432432432,0.0049972237645752,-1.5,0.0,1.620488528268219,0.0547144972848444,0.0470500373412994,0.4077830173291207,99200000.0,106200000.0,99200000.0,102700000.0,40300000.0,26300000.0,30700000.0,20.43864519711272,11.149425287356324,15.74712643678161,4.403422982885085,8.072164948453608,5.7153284671532845,0.059322033898305,0.0118867924079743,1995-12-30,,bmo,,2025-04-25,1995-12-31,,,
1995-09-30,CDW,USD,1402057,1995-09-30,1995-09-29 20:00:00,1995,Q3,161100000.0,140100000.0,21000000.0,0.1303538175,0,12400000.0,0.0,12400000.0,600000.0,13000000.0,153100000.0,0.0,0.0,-600000.0,8000000.0,0.0496585971,8000000.0,0.0496585971,700000.0,8700000.0,0.0540037244,3400000.0,5300000.0,0.0328988206,0.07,0.07,75714286,75714286,,,2.127735841027412,0.069999999735849,0.0779245280078319,0.0713207544478462,0.3196226403033108,1.312830183725169,1.312830183725169,1.312830183725169,0.0,1390871433.8200002,1366671433.8200002,65.60714310471698,8.633590526505277,235.7409209864407,257.56878404074075,13.992670360362174,13.992670360362174,8.483373270142769,170.83392922750002,231.63922607118647,253.08730255925929,0.0038105606824087,0.0038824580537749,0.0,0.0,-3.025,3.3604060913705585,0.0,1.1132075471698113,0.0,0.0,0.0769708255741775,0.0,0.0,0.0847457627118644,0.0031036623215394,-0.8333333333333334,0.0,1.4379525484397846,0.048980534858199,0.0381569474442044,0.4157075456011036,93000000.0,99400000.0,92900000.0,96100000.0,36600000.0,26350000.0,29400000.0,22.178770949720672,21.327623126338327,21.84154175588865,4.057934508816121,4.219879518072289,4.120588235294117,0.0533199195171026,0.0066037735599857,1995-09-29,,bmo,,2025-04-25,1995-09-30,,,
1995-06-30,CDW,USD,1402057,1995-06-30,1995-06-29 20:00:00,1995,Q2,146200000.0,127100000.0,19100000.0,0.1306429549,0,11700000.0,0.0,11700000.0,500000.0,12200000.0,139300000.0,0.0,0.0,-500000.0,7100000.0,0.0485636115,6900000.0,0.0471956224,200000.0,7100000.0,0.0485636115,2800000.0,4300000.0,0.0294117647,0.06,0.06,71666667,71666667,,,2.039999990511628,0.0599999997209302,0.0641860462130881,0.0586046508902109,0.090697673996755,0.9013953446446727,0.9013953446446727,0.9013953446446727,0.0,1316516672.79,1310016672.79,76.54166702267443,9.004902002667578,286.1992766934783,313.4563506642857,20.37951505866873,20.37951505866873,8.960442358344732,184.5093905338028,284.7862332152174,311.90873161666667,0.0032661948677697,0.003190236847589,0.0,0.0,-0.9154929577464788,3.377049180327869,0.0,1.069767441860465,0.0,0.0,0.0800273597811217,0.0,0.0,0.0869565217391304,0.0027359781121751,-0.8,0.0,1.1031245213530447,0.0646884402389569,0.048314606741573,0.2738372080286641,58000000.0,64600000.0,58000000.0,60900000.0,31350000.0,16100000.0,24050000.0,20.62243502051983,13.808025177025964,17.5609756097561,4.364179104477612,6.517948717948718,5.125,0.06656346749226,0.0055813953228772,1995-06-29,,bmo,,2025-04-25,1995-06-30,,,
1995-03-31,CDW,USD,1402057,1995-03-31,1995-03-30 19:00:00,1995,Q1,141400000.0,122500000.0,18900000.0,0.1336633663,0,11700000.0,0.0,11700000.0,500000.0,12200000.0,134700000.0,0.0,0.0,-500000.0,6900000.0,0.0487977369,6700000.0,0.0473833098,200000.0,6900000.0,0.0487977369,2700000.0,4200000.0,0.0297029703,0.05,0.05,84000000,84000000,,,1.6833333333333331,0.05,-0.0357142857142857,-0.0392857142857142,0.0011904761904761,0.7166666666666667,0.7166666666666667,0.7166666666666667,0.0,1543080000.0,1542980000.0,91.85,10.912871287128713,-514.36,-467.6,25.632558139534886,25.632558139534886,10.912164073550212,223.62028985507249,-514.3266666666667,-467.56969696969696,0.0027218290691344,-0.0021385799828913,0.0,0.0,-0.0144927536231884,3.725888324873096,0.0,-0.7142857142857143,0.0,0.0,0.0827439886845827,0.0,0.0,-0.1,0.0021216407355021,-0.6,0.0,0.8979142498033985,0.0677451971688574,0.0525657071339173,0.1660714285714285,53700000.0,60200000.0,53700000.0,56500000.0,27050000.0,14450000.0,23250000.0,18.585572842998587,9.33061224489796,17.118367346938776,4.842465753424658,9.645669291338583,5.257510729613734,0.0697674418604651,0.0035714285714285,1995-03-30,,bmo,,2025-04-25,1995-03-31,,,
1994-12-31,CDW,USD,1402057,1994-12-31,1994-12-30 19:00:00,1994,Q4,121100000.0,104300000.0,16800000.0,0.1387283237,0,0.0,0.0,9700000.0,600000.0,10300000.0,114600000.0,0.0,0.0,-600000.0,6900000.0,0.0569777044,6500000.0,0.0536746491,200000.0,6700000.0,0.0553261767,2600000.0,4100000.0,0.0338563171,0.0603,0.0603,68000000,68000000,,,1.7808823529411764,0.0602941176470588,0.0397058823529411,0.0338235294117647,0.0441176470588235,0.8205882352941176,0.8205882352941176,0.8205882352941176,0.0,1249160000.0,1246160000.0,76.16829268292683,10.315111478117258,462.6518518518519,543.1130434782609,22.386379928315417,22.386379928315417,10.290338563170932,180.60289855072463,461.5407407407407,541.8086956521739,0.0032822056421915,0.0018412373114733,0.0,0.0,-0.4347826086956521,3.216216216216216,0.0,0.6585365853658537,0.0,0.0,0.0,0.0,0.0,0.1481481481481481,0.0033030553261767,-0.6666666666666666,0.0,1.0550945365079178,0.071283368105708,0.0525641025641025,0.1628676470588235,49200000.0,55800000.0,49200000.0,52100000.0,24700000.0,16350000.0,21700000.0,18.50536746490504,13.978906999041223,20.019175455417063,4.863453815261044,6.438271604938271,4.495689655172414,0.0734767025089605,0.0058823529411764,1994-12-30,,bmo,,2025-04-25,1994-12-31,,,
1994-09-30,CDW,USD,1402057,1994-09-30,1994-09-29 20:00:00,1994,Q3,112400000.0,97600000.0,14800000.0,0.1316725979,0,9000000.0,0.0,9000000.0,400000.0,9400000.0,107000000.0,0.0,0.0,-400000.0,5600000.0,0.0498220641,5400000.0,0.0480427046,200000.0,5600000.0,0.0498220641,2200000.0,3400000.0,0.0302491103,0.05,0.05,68000000,68000000,,,1.652941176470588,0.05,0.0338235294117647,0.0294117647058823,0.0764705882352941,0.7588235294117647,0.7588235294117647,0.7588235294117647,0.0,1249160000.0,1243960000.0,91.85,11.113523131672595,543.1130434782609,624.58,24.208527131782947,24.208527131782947,11.067259786476868,222.13571428571427,540.8521739130434,621.98,0.0027218290691344,0.0016010759230202,0.0,0.0,-0.9285714285714286,2.995594713656388,0.0,0.6764705882352942,0.0,0.0,0.0800711743772242,0.0,0.0,0.1304347826086956,0.0026690391459074,-0.75,0.0,0.9239461405234806,0.0635382059800664,0.0457604306864064,0.1613970588235294,45300000.0,51600000.0,45300000.0,48200000.0,22650000.0,15050000.0,18150000.0,19.617437722419925,15.21516393442623,18.62704918032787,4.587755102040816,5.915151515151515,4.831683168316832,0.065891472868217,0.0044117647058823,1994-09-29,,bmo,,2025-04-25,1994-09-30,,,
1994-06-30,CDW,USD,1402057,1994-06-30,1994-06-29 20:00:00,1994,Q2,92200000.0,79600000.0,12600000.0,0.136659436,0,8300000.0,0.0,8300000.0,400000.0,8700000.0,88300000.0,0.0,0.0,-400000.0,4300000.0,0.046637744,3900000.0,0.0422993492,0.0,3900000.0,0.0422993492,1500000.0,2400000.0,0.0260303688,0.04,0.04,60000000,60000000,,,1.5366666666666666,0.04,0.0233333333333333,0.0216666666666666,0.0416666666666666,0.8016666666666666,0.8016666666666666,0.8016666666666666,0.0,1102200000.0,1099700000.0,114.8125,11.954446854663775,787.2857142857143,847.8461538461538,22.914760914760915,22.914760914760915,11.927331887201737,255.74418604651163,785.5,845.9230769230769,0.0021774632553075,0.0011794592632915,0.0,0.0,-0.5813953488372093,3.5393939393939395,0.0,0.56,0.0,0.0,0.0900216919739696,0.0,0.0,0.0714285714285714,0.0010845986984815,-0.25,0.0,0.8494115610232769,0.0498960498960499,0.0371517027863777,0.1608333333333333,41900000.0,48100000.0,41900000.0,44700000.0,19600000.0,14300000.0,17700000.0,20.303687635574835,15.376884422110551,18.203517587939697,4.432692307692308,5.852941176470588,4.944099378881988,0.0498960498960499,0.0016666666666666,1994-06-29,,bmo,,2025-04-25,1994-06-30,,,
1994-03-31,CDW,USD,1402057,1994-03-31,1994-03-30 19:00:00,1994,Q1,87600000.0,76200000.0,11400000.0,0.1301369863,0,7600000.0,0.0,7600000.0,300000.0,7900000.0,84100000.0,0.0,0.0,-300000.0,3800000.0,0.0433789954,3500000.0,0.0399543379,0.0,3500000.0,0.0399543379,1400000.0,2100000.0,0.0239726027,0.03,0.03,70000000,70000000,,,1.2514285714285711,0.03,-0.04,-0.0657142857142857,0.0128571428571428,0.3442857142857143,0.3442857142857143,0.3442857142857143,0.0471428571428571,1285900000.0,1288300000.0,153.08333333333334,14.679223744292235,-459.25,-279.5434782608696,53.35684647302904,53.35684647302904,14.70662100456621,339.0263157894737,-460.1071428571428,-280.0652173913044,0.0016330974414806,-0.003577261062291,0.1369294605809128,0.0717391304347826,0.631578947368421,1.7899543378995433,0.0,-1.3333333333333333,0.0,0.0,0.0867579908675799,0.0,0.0,-0.6428571428571429,0.0205479452054794,-6.0,0.0,0.4820714232796392,0.0766423357664233,0.0456521739130434,0.035,17300000.0,24100000.0,17300000.0,20300000.0,15900000.0,11050000.0,14250000.0,18.90410958904109,17.716535433070867,22.79527559055118,4.760869565217392,5.08,3.948186528497409,0.0871369294605809,0.0257142857142857,1994-03-30,,bmo,,2025-04-25,1994-03-31,,,
1993-12-31,CDW,USD,1402057,1993-12-31,1993-12-30 19:00:00,1993,Q4,77400000.0,67000000.0,10400000.0,0.1343669251,0,0.0,0.0,6100000.0,300000.0,6400000.0,73400000.0,0.0,0.0,-300000.0,4300000.0,0.0555555556,4000000.0,0.0516795866,0.0,4000000.0,0.0516795866,1600000.0,2400000.0,0.0310077519,0.036,0.036,66666667,66666667,,,1.160999994195,0.03599999982,0.056999999715,0.0554999997225,0.086999999565,0.326999998365,0.326999998365,0.3284999983575,0.05399999973,1224666672.79,1222466672.79,127.56944508229168,15.822566831912145,322.2807033657895,330.99099264594594,55.92085263881279,55.92085263881279,15.794143059302325,284.2945750674418,321.7017559973684,330.3963980513513,0.0019597169199782,0.003021230251633,0.1643835616438356,0.1049562682215743,-0.5116279069767442,2.312,0.0,1.5833333333333333,0.0,0.0,0.0,0.0,0.0,0.0263157894736842,0.0012919896640826,-0.3333333333333333,0.0,0.5158342731334843,0.0944881889763779,0.0699708454810495,0.11924999940375,16400000.0,21800000.0,16400000.0,17800000.0,14000000.0,6700000.0,9500000.0,15.581395348837209,9.53731343283582,12.35820895522388,5.776119402985074,9.43661971830986,7.282608695652174,0.1095890410958904,0.0014999999925,1993-12-30,,bmo,,2025-04-25,1993-12-31,,,
1993-09-30,CDW,USD,1402057,1993-09-30,1993-09-29 20:00:00,1993,Q3,71800000.0,62000000.0,9800000.0,0.1364902507,0,6000000.0,0.0,6000000.0,500000.0,6500000.0,68500000.0,0.0,0.0,-400000.0,3800000.0,0.0529247911,3300000.0,0.0459610028,0.0,3300000.0,0.0459610028,1300000.0,2000000.0,0.0278551532,0.03,0.03,66666667,66666667,,,1.076999994615,0.02999999985,0.0314999998425,0.0314999998425,0.0374999998125,0.28799999856,0.28799999856,0.2894999985525,0.014999999925,1224666672.79,1223166672.79,153.08333409875002,17.056638896796656,583.1746060904762,583.1746060904761,63.4542317507772,63.4542317507772,17.03574753189415,321.8859665236842,582.4603203761905,582.4603203761905,0.0016330974333151,0.0017147523049809,0.0518134715025906,0.0307692307692307,-0.3947368421052631,2.037593984962406,0.0,1.05,0.0,0.0,0.0835654596100278,0.0,0.0,0.0,0.0,0.0,0.0,0.442054858638467,0.099009900990099,0.0615384615384615,0.07574999962125,13800000.0,19200000.0,13800000.0,15400000.0,13400000.0,5700000.0,9450000.0,18.3008356545961,9.14516129032258,14.225806451612904,4.917808219178082,9.841269841269842,6.326530612244898,0.1036269430051813,0.0,1993-09-29,,bmo,,2025-04-25,1993-09-30,,,
1993-06-30,CDW,USD,1402057,1993-06-30,1993-06-29 20:00:00,1993,Q2,61800000.0,54300000.0,7500000.0,0.1213592233,0,5000000.0,0.0,5000000.0,200000.0,5200000.0,59500000.0,0.0,0.0,200000.0,2500000.0,0.0404530744,2300000.0,0.0372168285,0.0,2300000.0,0.0372168285,-3400000.0,5700000.0,0.0922330097,0.07,0.07,81428571,81428571,,,0.7589473724155125,0.070000000368421,,,0.0368421054570637,0.2112280712871652,0.2112280712871652,0.2112280712871652,0.0085964912733148,1495842849.27,1493542849.27,65.60714251184211,24.204576849029127,0.0,0.0,86.96760751569768,86.96760751569768,24.167360020550163,597.417139708,0.0,0.0,0.0038105607168438,,0.0406976744186046,0.0231788079470198,-0.92,1.9763779527559056,0.0,0.0,,,0.0809061488673139,0.0,0.0,0.0,,0.0,,0.5767878414358739,0.3202247191011236,0.1887417218543046,0.0454385967303785,12400000.0,17200000.0,12100000.0,13700000.0,,,,17.766990291262136,8.453038674033149,15.082872928176794,5.065573770491803,10.647058823529411,5.967032967032967,0.3313953488372093,,1993-06-29,,bmo,,2025-04-25,1993-06-30,,,
1993-03-31,CDW,USD,1402057,1993-03-31,1993-03-30 19:00:00,1993,Q1,59900000.0,0.0,59900000.0,1.0,0,0.0,0.0,0.0,0.0,0.0,0.0,0.0,0.0,0.0,59900000.0,1.0,59900000.0,1.0,-59900000.0,0.0,0.0,-1600000.0,1600000.0,0.0267111853,0.03,0.03,53333333,53333333,,,1.123125007019531,0.0300000001875,,,,,,,,979733327.21,,153.0833323765625,16.356149035225375,0.0,0.0,0.0,0.0,,,0.0,0.0,0.0016330974516875,,0.0,0.0,,0.0,0.0,0.0,,,0.0,0.0,0.0,0.0,,0.0,,,0.0,0.0,,,,,,,,,,0.0,0.0,0.0,0.0,0.0,0.0,,1993-03-30,,bmo,,2025-04-25,1993-03-31,,,
