date,symbol,reportedCurrency,cik,fillingDate,acceptedDate,calendarYear,period,revenue,costOfRevenue,grossProfit,grossProfitRatio,researchAndDevelopmentExpenses,generalAndAdministrativeExpenses,sellingAndMarketingExpenses,sellingGeneralAndAdministrativeExpenses,otherExpenses,operatingExpenses,costAndExpenses,interestIncome,interestExpense,depreciationAndAmortization,ebitda,ebitdaratio,operatingIncome,operatingIncomeRatio,totalOtherIncomeExpensesNet,incomeBeforeTax,incomeBeforeTaxRatio,incomeTaxExpense,netIncome,netIncomeRatio,eps,epsdiluted,weightedAverageShsOut,weightedAverageShsOutDil,link,finalLink,revenuePerShare,netIncomePerShare,operatingCashFlowPerShare,freeCashFlowPerShare,cashPerShare,bookValuePerShare,tangibleBookValuePerShare,shareholdersEquityPerShare,interestDebtPerShare,marketCap,enterpriseValue,peRatio,priceToSalesRatio,pocfratio,pfcfRatio,pbRatio,ptbRatio,evToSales,enterpriseValueOverEBITDA,evToOperatingCashFlow,evToFreeCashFlow,earningsYield,freeCashFlowYield,debtToEquity,debtToAssets,netDebtToEBITDA,currentRatio,interestCoverage,incomeQuality,dividendYield,payoutRatio,salesGeneralAndAdministrativeToRevenue,researchAndDdevelopementToRevenue,intangiblesToTotalAssets,capexToOperatingCashFlow,capexToRevenue,capexToDepreciation,stockBasedCompensationToRevenue,grahamNumber,roic,returnOnTangibleAssets,grahamNetNet,workingCapital,tangibleAssetValue,netCurrentAssetValue,investedCapital,averageReceivables,averagePayables,averageInventory,daysSalesOutstanding,daysPayablesOutstanding,daysOfInventoryOnHand,receivablesTurnover,payablesTurnover,inventoryTurnover,roe,capexPerShare,report_date,epsEstimated,time,revenueEstimated,updatedFromDate,fiscalDateEnding,surprise(%),QuarterAvgPrice,QuarterAvgVolume
2025-03-31,CE,USD,1306830,2025-05-05,2025-05-05 17:06:30,2025,Q1,2389000000.0,1913000000.0,476000000.0,0.1992465467,31000000,0.0,0.0,230000000.0,0.0,261000000.0,2174000000.0,4000000.0,-170000000.0,341000000.0,168000000.0,0.0703223106,168000000.0,0.0703223106,-171000000.0,-3000000.0,-0.0012557555,-9000000.0,-21000000.0,-0.0087902888,-0.19,-0.19,109400000,109400000,https://www.sec.gov/Archives/edgar/data/1306830/000130683025000100/0001306830-25-000100-index.htm,https://www.sec.gov/Archives/edgar/data/1306830/000130683025000100/q120258-kex991.htm,21.83729433272395,-0.1919561243144424,0.3382084095063985,0.3382084095063985,8.692870201096893,51.3254113345521,-31.70018281535649,47.40402193784278,4.753199268738574,6210638000.0,5949638000.0,-73.93616666666667,2.5996810380912514,167.8550810810811,167.85508108108107,1.1975777092171231,1.1975777092171231,2.490430305567183,35.4145119047619,160.80102702702703,160.80102702702703,-0.0033812951262012,0.0059575199842592,0.133050520632472,0.0297452256757339,-1.5535714285714286,1.9370754379692527,-0.9882352941176472,-2.176470588235294,0.0005284481240091,-0.1562857142857142,0.0,0.0129761406446211,0.3915592533517265,0.0,0.0,0.0,0.0,,-0.0161491877343074,-0.0014878843701289,-132.96617915904935,2621000000.0,-3468000000.0,-12164000000.0,17342000000.0,1180500000.0,614000000.0,2296500000.0,46.71410632063625,0.0,108.63042341871406,1.9266129032258064,0.0,0.8284971849285405,-0.004049363671423,0.0,2025-05-05,0.37,amc,2461254550.0,2025-05-11,2025-03-31,0.5405405405405405,62.45525,3438028.8666666667
2024-12-31,CE,USD,1306830,2025-02-21,2025-02-21 16:06:51,2024,Q4,2370000000.0,1831000000.0,539000000.0,0.2274261603,31000000,0.0,0.0,262000000.0,1651000000.0,1944000000.0,3775000000.0,5000000.0,164000000.0,184000000.0,-1172000000.0,-0.4945147679,-1405000000.0,-0.5928270042,-114000000.0,-1519000000.0,-0.64092827,387000000.0,-1914000000.0,-0.8075949367,-17.5,-17.5,109400000,109400000,https://www.sec.gov/Archives/edgar/data/1306830/000130683025000027/0001306830-25-000027-index.htm,https://www.sec.gov/Archives/edgar/data/1306830/000130683025000027/ce-20241231.htm,21.6636197440585,-17.49542961608775,4.515539305301646,3.555758683729433,8.793418647166362,51.27056672760512,-31.252285191956123,47.30347349177331,119.89031078610604,7571573999.999999,19561574000.0,-0.9889725705329152,3.194756962025316,15.327072874493924,19.464200514138817,1.4631060869565216,1.4631060869565216,8.253828691983122,-16.69076279863481,39.59832793522267,50.28682262210797,-0.2527875974004877,0.0513763716764836,2.502801932367149,0.5666535415846349,-10.23037542662116,1.3353231248377888,-8.567073170731707,-0.2585034013605442,0.0101696159873759,-0.0402298850574712,0.0,0.0130801687763713,0.3949774686091788,0.0,0.0,0.0,0.0037974683544303,,-0.0859768784215671,-0.1384048015040856,-130.7426873857404,1292000000.0,-3419000000.0,-12103000000.0,15981000000.0,1588000000.0,1337000000.0,2423000000.0,42.56962025316456,60.3604587657018,112.26652102676134,2.1141837644959858,1.491042345276873,0.8016637478108581,-0.3698550724637681,0.0,2025-02-18,1.25,amc,2355536570.0,2025-05-11,2024-12-31,0.1599999999999999,96.10640625,2245320.078125
2024-09-30,CE,USD,1306830,2024-11-12,2024-11-12 16:37:03,2024,Q3,2648000000.0,2026000000.0,622000000.0,0.2348942598,32000000,248000000.0,0.0,248000000.0,0.0,280000000.0,2400000000.0,5000000.0,169000000.0,187000000.0,539000000.0,0.2035498489,248000000.0,0.0936555891,-65000000.0,183000000.0,0.0691087613,61000000.0,116000000.0,0.0438066465,1.06,1.06,109338977,109500000,https://www.sec.gov/Archives/edgar/data/1306830/000130683024000184/0001306830-24-000184-index.htm,https://www.sec.gov/Archives/edgar/data/1306830/000130683024000184/ce-20240930.htm,24.218262075014657,1.0609208461864428,0.7225236797304222,-0.082312824273086,7.435591792668776,70.58781974885315,-28.690592193852336,66.5270537513809,122.7832962073534,14865727312.92,27308727312.92,32.03820541577586,5.613945359864048,188.17376345468355,-1651.7474792133332,2.043679861550729,2.043679861550729,10.312963486752263,50.665542324526896,345.6800925686076,-3034.3030347688887,0.0078031836289088,-0.0006054194194843,1.8223810833104208,0.5119728101344044,23.08534322820037,1.371964414522722,1.467455621301775,0.6583333333333333,0.005112430653423,0.6551724137931034,0.093655589123867,0.0120845921450151,0.4192414645450332,1.1139240506329111,0.0332326283987915,0.4210526315789473,0.0011329305135951,39.85032758465901,0.0070836903741788,0.0077143047150362,-132.9695082111478,1547000000.0,-3137000000.0,-12468000000.0,18254000000.0,1990500000.0,1492000000.0,2513000000.0,69.845166163142,64.23494570582429,113.81046396841066,1.2885644768856448,1.4011065006915628,0.7907884465261514,0.0159472092383832,0.8048365040035083,2024-11-04,2.85,amc,2698055506.0,2025-04-16,2024-09-30,-0.143859649122807,131.459375,909634.90625
2024-06-30,CE,USD,1306830,2024-08-02,2024-08-02 16:17:22,2024,Q2,2651000000.0,2042000000.0,609000000.0,0.2297246322,33000000,253000000.0,2000000.0,255000000.0,13000000.0,288000000.0,2330000000.0,10000000.0,174000000.0,198000000.0,555000000.0,0.2093549604,321000000.0,0.1210863825,-138000000.0,183000000.0,0.0690305545,29000000.0,155000000.0,0.0584685025,1.42,1.41,109314411,109547401,https://www.sec.gov/Archives/edgar/data/1306830/000130683024000155/0001306830-24-000155-index.htm,https://www.sec.gov/Archives/edgar/data/1306830/000130683024000155/ce-20240630.htm,24.251148368717825,1.4179283278578887,2.6711940111903454,1.7106619181253238,10.840290764590955,69.60655901077855,-28.669595996816923,65.55402837051375,124.2013735956552,14394521640.48,26612521640.480003,23.21697038787097,5.429845960196153,49.29630698794521,76.97605155336899,2.008724761440134,2.008724761440134,10.038672817985669,47.95048944230631,91.13877274136988,142.31294994909092,0.0107679854788721,0.0129910534487038,1.870360033491488,0.5192546102587944,22.01441441441441,1.2762645914396886,1.8448275862068968,1.871794871794872,0.0053492573024074,0.4967741935483871,0.0954356846473029,0.0124481327800829,0.4162017666201766,0.3595890410958904,0.0396076952093549,0.5303030303030303,0.0037721614485099,45.73177846109203,0.0116190437240734,0.0102860176521335,-131.19496202563815,1278000000.0,-3134000000.0,-12299000000.0,17784000000.0,1875500000.0,1492500000.0,2409000000.0,65.38664654847227,67.78648383937316,108.59941234084232,1.3764278296988577,1.3276983094928478,0.8287337662337663,0.0216299190622383,0.9605320930650214,2024-08-01,2.72,amc,2755106282.0,2025-04-16,2024-06-30,-0.1250000000000001,152.85777777777778,721492.4285714285
2024-03-31,CE,USD,1306830,2024-05-10,2024-05-10 16:15:43,2024,Q1,2611000000.0,2095000000.0,516000000.0,0.1976254309,34000000,0.0,0.0,265000000.0,14000000.0,299000000.0,2390000000.0,13000000.0,169000000.0,227000000.0,553000000.0,0.2117962466,217000000.0,0.0831099196,-53000000.0,157000000.0,0.0601302183,33000000.0,121000000.0,0.0463423975,1.11,1.11,109100000,109500000,https://www.sec.gov/Archives/edgar/data/1306830/000130683024000098/0001306830-24-000098-index.htm,https://www.sec.gov/Archives/edgar/data/1306830/000130683024000098/ce-20240331.htm,23.93217231897341,1.1090742438130157,0.925756186984418,-0.3299725022914757,13.593033913840513,69.02841429880843,-30.21998166819432,64.81209899175069,128.3959670027498,18671374000.0,31027374000.0,38.57721900826446,7.15104327843738,184.8650891089109,-518.6492777777778,2.6405563569509263,2.6405563569509263,11.883329758713137,56.1073670886076,307.2017227722772,-861.8715,0.006480508611739,-0.0019280852067983,1.9571489181162496,0.531594514654477,22.34358047016275,1.2071065989847716,1.2840236686390532,0.8347107438016529,0.0041239600256521,0.6363636363636364,0.0,0.0130218307162006,0.4159336227096377,1.3564356435643563,0.0524703178858674,0.6035242290748899,0.0038299502106472,40.21606852717244,0.0072520854327358,0.007957908582703,-132.66040329972503,1020000000.0,-3297000000.0,-12557000000.0,17715000000.0,1804500000.0,1478500000.0,2355500000.0,62.90693220988127,62.16229116945108,101.12649164677804,1.4306849315068493,1.4478230822391154,0.8899745114698385,0.0171121482110026,1.2557286892758937,2024-05-08,1.91,amc,2673650053.0,2025-04-16,2024-03-31,0.0890052356020943,152.2804918032787,718403.0655737704
2023-12-31,CE,USD,1306830,2023-12-31,2023-12-30 19:00:00,2023,Q4,2569000000.0,1956000000.0,613000000.0,0.2386142468,32000000,0.0,0.0,272000000.0,-46000000.0,304000000.0,2260000000.0,12000000.0,178000000.0,174000000.0,483000000.0,0.1880108992,259000000.0,0.1008174387,-127000000.0,132000000.0,0.0513818606,575000000.0,698000000.0,0.271701051,6.4,6.37,109000000,109500000,https://www.sec.gov/Archives/edgar/data/1306830/000130683024000029/0001306830-24-000029-index.htm,https://www.sec.gov/Archives/edgar/data/1306830/000130683024000029/ce-20231231.htm,23.568807339449545,6.403669724770642,7.614678899082569,6.440366972477064,16.559633027522935,69.28440366972477,-31.192660550458715,65.05504587155963,130.9724770642202,16935330000.0,29228330000.0,6.065662607449856,6.592187621642663,20.40401204819277,24.12440170940171,2.3882851501903826,2.3882851501903826,11.377318022576878,60.51414078674948,35.21485542168675,41.63579772079772,0.041215612568518,0.0414518051906871,1.9881539980256664,0.5300597811783284,25.45134575569358,1.5270137524557956,1.4550561797752808,1.1789772727272727,0.0045467079767562,0.1103151862464183,0.0,0.0124562086414947,0.4117757641839305,0.1542168674698795,0.0498248345659789,0.735632183908046,0.0015570260801868,96.81579480153852,-0.036222015125628,0.0446148929370405,-135.07798165137615,2146000000.0,-3400000000.0,-12827000000.0,19104000000.0,1846500000.0,1386500000.0,2347000000.0,62.499026858699885,69.47852760736197,108.45092024539878,1.4400224215246638,1.295364238410596,0.8298684768773865,0.0984346354533916,1.1743119266055049,2024-02-20,2.29,amc,2593420000.0,2025-04-16,2023-12-31,-0.0218340611353711,130.43412698412698,834685.9365079365
2023-09-30,CE,USD,1306830,2023-11-08,2023-11-08 16:21:13,2023,Q3,2723000000.0,2050000000.0,673000000.0,0.2471538744,32000000,245000000.0,0.0,245000000.0,-13000000.0,318000000.0,2368000000.0,12000000.0,178000000.0,185000000.0,1082000000.0,0.3973558575,842000000.0,0.3092177745,-128000000.0,714000000.0,0.2622107969,-236000000.0,951000000.0,0.3492471539,8.73,8.69,108918986,109439486,https://www.sec.gov/Archives/edgar/data/1306830/000130683023000161/0001306830-23-000161-index.htm,https://www.sec.gov/Archives/edgar/data/1306830/000130683023000161/ce-20230930.htm,25.000232741792143,8.731260131268574,3.699997721242098,2.4972689334437983,12.458801259864831,63.799712568018215,-36.59600723789331,59.594752378616526,130.47312063665373,13671511122.72,26347511122.72,3.5939829449842278,5.0207532584355485,33.924345217667494,50.26290853941176,2.106225716025265,2.106225716025265,9.675913008710982,24.350749651312384,65.37843951047147,96.86584971588236,0.069560708502777,0.0198953866590487,2.161916499768911,0.549494870389224,11.715341959334566,1.62804203539823,4.730337078651686,0.4246575342465753,0.0055590050959106,0.0799158780231335,0.0899742930591259,0.0117517443995593,0.4281854491346229,0.3250620347394541,0.0481087036356959,0.7081081081081081,0.0014689680499449,108.20161238731772,0.0477885988674358,0.0651236047387523,-134.33608351807462,2271000000.0,-3986000000.0,-12702000000.0,19068000000.0,1936000000.0,1253000000.0,2425500000.0,63.0958501652589,55.44878048780488,102.6,1.426401257202724,1.623119556611243,0.8771929824561403,0.1465105530734863,1.2027287877983,2023-11-06,2.2,amc,2771100000.0,2025-04-16,2023-09-30,0.1363636363636362,122.93968253968254,1224419.142857143
2023-06-30,CE,USD,1306830,2023-08-08,2023-08-08 16:25:23,2023,Q2,2795000000.0,2109000000.0,686000000.0,0.2454382826,40000000,0.0,0.0,274000000.0,-8000000.0,356000000.0,2465000000.0,7000000.0,182000000.0,181000000.0,577000000.0,0.2064400716,335000000.0,0.1198568873,-119000000.0,216000000.0,0.0772808587,-4000000.0,220000000.0,0.0787119857,2.02,2.01,108886678,109306331,https://www.sec.gov/Archives/edgar/data/1306830/000130683023000129/0001306830-23-000129-index.htm,https://www.sec.gov/Archives/edgar/data/1306830/000130683023000129/ce-20230630.htm,25.668888530146912,2.0204491866305263,6.998101273693004,5.666441582504703,11.902282481241643,55.91133931003019,-45.75399021724218,51.65002829822763,137.06910959300274,12609077312.4,26056077312.4,14.32849694590909,4.511297786189624,16.547345554330708,20.4361058547812,2.242012324395448,2.242012324395448,9.322389020536674,45.157846295320624,34.1943271816273,42.23027117082658,0.0174477477256522,0.0489330015760337,2.6214438122332857,0.5747982377480604,23.3050259965338,1.5940846506884243,1.8406593406593408,3.4479638009049776,0.0060274037597707,0.3454545454545454,0.0,0.0143112701252236,0.4315957737143748,0.1902887139107611,0.0518783542039356,0.8011049723756906,0.0064400715563506,48.456328765739656,0.0146138300369926,0.0150901982303312,-142.67815205088726,2330000000.0,-4982000000.0,-13309000000.0,19344000000.0,2138000000.0,1344000000.0,2631500000.0,63.2093023255814,53.04409672830726,107.28307254623044,1.423841059602649,1.6967015285599356,0.8389021479713604,0.0391180654338549,1.3316596911883012,2023-08-07,2.48,amc,3049770000.0,2025-04-16,2023-06-30,-0.125,108.36935483870968,1333500.7741935484
2023-03-31,CE,USD,1306830,2023-05-10,2023-05-10 16:25:40,2023,Q1,2853000000.0,2222000000.0,631000000.0,0.2211706975,42000000,0.0,0.0,285000000.0,41000000.0,368000000.0,2590000000.0,8000000.0,182000000.0,178000000.0,479000000.0,0.1678934455,251000000.0,0.0879775675,-130000000.0,121000000.0,0.0424114967,25000000.0,91000000.0,0.0318962496,0.84,0.83,108634068,109188266,https://www.sec.gov/Archives/edgar/data/1306830/000130683023000086/0001306830-23-000086-index.htm,https://www.sec.gov/Archives/edgar/data/1306830/000130683023000086/ce-20230331.htm,26.26247964864945,0.8376746049867155,-0.8837006821837878,-2.393356014247759,10.742486417796671,56.42797064361062,-46.90057266381666,52.11072460252524,141.05151617814772,11829163664.52,25803163664.52,32.49770237505495,4.146219300567823,-123.22045483875,-45.496783325076926,2.0895890592686808,2.0895890592686808,9.044221403617245,53.86881767123173,-268.78295483875,-99.24293717123076,0.0076928515473111,-0.0219795758494605,2.674615792262851,0.5803372939823688,29.173277661795407,1.6743702934302778,1.379120879120879,-1.032258064516129,0.0064247990944576,0.8351648351648352,0.0,0.0147213459516298,0.4302414718282867,-1.7083333333333333,0.0574833508587451,0.9213483146067416,0.0049071153172099,31.33953078074585,0.0083901620336114,0.0061217625294315,-144.3722976479165,2597000000.0,-5095000000.0,-13512000000.0,19824000000.0,2183500000.0,1481500000.0,2778500000.0,72.96529968454259,58.52835283528353,111.34563456345634,1.233463035019455,1.5377162629757786,0.8082939250636595,0.0160748984278396,1.509655332063971,2023-05-09,1.66,amc,2859190000.0,2025-04-16,2023-03-31,0.2108433734939758,115.46403225806452,1141086.0161290322
2022-12-31,CE,USD,1306830,2023-02-24,2023-02-24 17:15:27,2022,Q4,2348000000.0,1964000000.0,384000000.0,0.1635434412,37000000,0.0,0.0,269000000.0,30000000.0,336000000.0,2300000000.0,33000000.0,168000000.0,151000000.0,249000000.0,0.1060477002,56000000.0,0.0238500852,-126000000.0,-70000000.0,-0.0298126065,-840000000.0,767000000.0,0.3266609881,7.07,7.02,108500000,109200000,https://www.sec.gov/Archives/edgar/data/1306830/000130683023000023/0001306830-23-000023-index.htm,https://www.sec.gov/Archives/edgar/data/1306830/000130683023000023/ce-20221231.htm,21.640552995391705,7.0691244239631335,4.986175115207374,3.668202764976958,13.898617511520737,56.26728110599078,-47.39170506912443,51.953917050691246,140.19354838709677,11093040000.0,24628040000.0,3.615723598435463,4.724463373083475,20.50469500924214,27.871959798994972,1.967897817988292,1.967897817988292,10.488943781942078,98.90779116465863,45.52317929759704,61.87949748743719,0.0691424532860243,0.0358783525525915,2.668618059251375,0.572586784409257,54.3574297188755,1.6251229105211409,0.3333333333333333,0.7035110533159948,0.0069412893129385,0.1003911342894393,0.0,0.0157580919931856,0.4280983556638246,0.2643253234750462,0.0609028960817717,0.89375,0.0055366269165247,90.9040474276636,-0.0261094392404526,0.0510482529118136,-144.83410138248848,2543000000.0,-5142000000.0,-13556000000.0,19787000000.0,1833000000.0,1323000000.0,2265500000.0,78.73083475298127,69.5621181262729,128.67617107942974,1.1431353456669913,1.2938076416337283,0.6994301994301995,0.1360652829519247,1.3179723502304148,2023-02-23,1.56,amc,2405621573.0,2025-04-16,2022-12-31,-0.0769230769230769,99.17714285714284,1075455.3015873015
2022-09-30,CE,USD,1306830,2022-11-04,2022-11-04 16:17:58,2022,Q3,2301000000.0,1755000000.0,546000000.0,0.2372881356,25000000,0.0,0.0,184000000.0,10000000.0,219000000.0,1974000000.0,34000000.0,154000000.0,105000000.0,580000000.0,0.2520643199,449000000.0,0.1951325511,13000000.0,321000000.0,0.1395045632,127000000.0,191000000.0,0.0830073881,1.76,1.75,108428982,109065970,https://www.sec.gov/Archives/edgar/data/1306830/000130683022000184/0001306830-22-000184-index.htm,https://www.sec.gov/Archives/edgar/data/1306830/000130683022000184/ce-20220930.htm,21.22126351790336,1.761521656636046,4.306966563607505,3.025021483647241,89.19202063522094,48.82458455618443,30.941911822062483,45.65200104894465,117.0904657206871,9795474233.88,12666474233.88,12.821301353246074,4.257050949100392,20.97531955862955,29.864250713048783,1.978883683612121,1.978883683612121,5.504769332411995,21.83874867910345,27.12307116462527,38.61729949353659,0.0194988007154753,0.0334848514904498,2.533737373737374,0.5878052209776444,4.95,4.7317073170731705,2.915584415584416,2.4196891191709846,0.0074524212158623,0.3821989528795811,0.0,0.0108648413733159,0.0908750058583681,0.297644539614561,0.0604085180356366,1.3238095238095238,0.0069534984789222,42.53683393978645,0.0138667410420416,0.0098463759150427,-39.67112778020917,10404000000.0,3355000000.0,-2851000000.0,16678000000.0,1719500000.0,1189000000.0,1718000000.0,63.05084745762712,57.84615384615385,88.35897435897436,1.4274193548387095,1.555851063829787,1.0185722576900755,0.0385858585858585,1.281945079960264,2022-11-03,3.98,amc,2256855610.0,2025-04-16,2022-09-30,-0.0100502512562814,109.84359375,1131160.578125
2022-06-30,CE,USD,1306830,2022-07-29,2022-07-29 16:13:22,2022,Q2,2486000000.0,1781000000.0,705000000.0,0.2835880933,26000000,0.0,0.0,197000000.0,23000000.0,234000000.0,2015000000.0,1000000.0,48000000.0,107000000.0,709000000.0,0.2851971038,483000000.0,0.1942880129,71000000.0,554000000.0,0.2228479485,112000000.0,434000000.0,0.1745776348,4.0,3.98,108392155,109123349,https://www.sec.gov/Archives/edgar/data/1306830/000130683022000145/0001306830-22-000145-index.htm,https://www.sec.gov/Archives/edgar/data/1306830/000130683022000145/ce-20220630.htm,22.93523917851804,4.003979808317308,4.566751163864211,3.422756932916409,7.288350342328742,48.20459561856668,29.5408832862489,45.02170844375223,38.2223233775544,12748001349.55,16060001349.55,7.343318749740784,5.1279168743161705,25.75353807989899,34.36118962142857,2.6122953585143445,2.6122953585143445,6.460177534010458,22.651623906276445,32.44444717080808,43.28841334110512,0.0340445524047046,0.0291026012491829,0.8391393442622951,0.3221112247305907,4.671368124118477,1.7183044315992293,10.0625,1.135321100917431,0.0058048315160095,0.1705069124423963,0.0,0.0104585679806918,0.1591284511916935,0.2505050505050505,0.0498793242156074,1.158878504672897,0.0064360418342719,63.6866175876572,0.0351247644347569,0.0405986903648269,-41.25067907359163,1864000000.0,3202000000.0,-3029000000.0,8309000000.0,1870000000.0,1209500000.0,1631000000.0,66.14239742558327,63.166760247052224,86.56372824256036,1.3607006020799124,1.4248,1.0396964389959136,0.0889344262295082,1.1439942309478024,2022-07-28,4.56,amc,2384874578.0,2025-04-16,2022-06-30,0.0942982456140352,143.51951612903224,1002620.7741935484
2022-03-31,CE,USD,1306830,2022-04-29,2022-04-29 16:24:36,2022,Q1,2538000000.0,1793000000.0,745000000.0,0.2935382191,24000000,0.0,0.0,174000000.0,11000000.0,209000000.0,2002000000.0,1000000.0,35000000.0,106000000.0,757000000.0,0.2982663515,531000000.0,0.2092198582,85000000.0,616000000.0,0.2427107959,112000000.0,502000000.0,0.1977935382,4.64,4.61,108185912,108917577,https://www.sec.gov/Archives/edgar/data/1306830/000130683022000098/0001306830-22-000098-index.htm,https://www.sec.gov/Archives/edgar/data/1306830/000130683022000098/ce-20220331.htm,23.45961644248097,4.640160541420587,2.920897870695031,1.654559236881046,5.67541548293275,45.78230111883699,26.26959414087113,42.58410281737977,39.28422769130975,15456521247.44,19066521247.44,7.697470740756972,6.090039892608353,48.91304192227849,86.34928071195532,3.355007867905361,3.355007867905361,7.5124197192435,25.186950128718628,60.33709255518989,106.51687847731844,0.0324782007518764,0.0115808723796531,0.9149120902973736,0.3392081120231772,4.768824306472919,1.644479248238058,15.17142857142857,0.626984126984127,0.0047229256073445,0.1454183266932271,0.0,0.0094562647754137,0.1698857234830194,0.4335443037974683,0.0539795114263199,1.2924528301886793,0.0059101654846335,66.67783856471777,0.0403168657623,0.0486669898206495,-42.97925593121589,1646000000.0,2842000000.0,-3273000000.0,8212000000.0,1790000000.0,1164500000.0,1536500000.0,67.83687943262412,58.678192972671496,77.75237032905744,1.3267119707266075,1.5337895637296834,1.157520981278244,0.1089646190579552,1.266338633813985,2022-04-28,4.52,amc,2250176971.0,2025-04-16,2022-03-31,0.2256637168141594,152.7132258064516,985282.8064516129
2021-12-31,CE,USD,1306830,2022-02-10,2022-02-10 16:44:18,2021,Q4,2275000000.0,1554000000.0,721000000.0,0.3169230769,23000000,0.0,0.0,170000000.0,-9000000.0,201000000.0,1755000000.0,1000000.0,21000000.0,93000000.0,556000000.0,0.2443956044,517000000.0,0.2272527473,40000000.0,557000000.0,0.2448351648,27000000.0,524000000.0,0.2303296703,4.82,4.79,108600000,109400000,https://www.sec.gov/Archives/edgar/data/1306830/000130683022000017/0001306830-22-000017-index.htm,https://www.sec.gov/Archives/edgar/data/1306830/000130683022000017/ce-20211231.htm,20.94843462246777,4.825046040515653,5.377532228360957,3.876611418047882,5.027624309392265,41.77716390423573,22.007366482504604,38.57274401473296,38.56353591160221,18251316000.0,21882316000.0,8.70768893129771,8.022556483516484,31.252253424657532,43.35229453681711,4.3569625208880405,4.3569625208880405,9.61860043956044,39.35668345323741,37.469719178082194,51.97699762470309,0.0287102584821828,0.0230668298110667,0.994748149916448,0.3479749478079332,6.530575539568345,1.519760479041916,24.61904761904762,1.1102661596958174,0.0040545021520639,0.1412213740458015,0.0,0.0101098901098901,0.1792901878914405,0.2791095890410959,0.0716483516483516,1.63,0.0083516483516483,64.7116178135928,0.0477703397462964,0.0533170533170533,-44.933241252302025,1302000000.0,2390000000.0,-3631000000.0,7878000000.0,1702500000.0,1101000000.0,1341500000.0,65.94725274725275,67.18146718146717,88.26254826254825,1.3647270545890822,1.339655172413793,1.0196850393700787,0.1250895201718787,1.5009208103130756,2022-01-27,5.07,amc,2283723691.0,2025-04-16,2021-12-31,-0.0315581854043392,162.85140625,667731.359375
2021-09-30,CE,USD,1306830,2021-10-22,2021-10-22 16:12:22,2021,Q3,2266000000.0,1551000000.0,715000000.0,0.3155339806,21000000,0.0,0.0,165000000.0,35000000.0,192000000.0,1743000000.0,2000000.0,21000000.0,94000000.0,745000000.0,0.3287731686,536000000.0,0.2365401589,86000000.0,622000000.0,0.2744924978,102000000.0,506000000.0,0.2233009709,4.58,4.56,110532051,111044558,https://www.sec.gov/Archives/edgar/data/1306830/000130683021000203/0001306830-21-000203-index.htm,https://www.sec.gov/Archives/edgar/data/1306830/000130683021000203/ce-20210930.htm,20.50084097326666,4.577857693059546,5.699704242346865,4.776894984062134,12.37650064052462,38.64037590327533,25.666763389742943,35.455779247233906,36.59572009570328,16650548162.64,19334548162.64,8.226555416324109,7.34799124564872,26.429441527999995,31.535129095909088,4.248672662066854,4.248672662066854,8.532457265066196,25.95241364112752,30.68975898831746,36.61846242924242,0.0303893898901987,0.0317106677115117,1.0267925491196734,0.347405680739014,3.6026845637583893,2.403421633554084,25.52380952380953,1.242603550295858,0.0045644142918085,0.150197628458498,0.0,0.0092674315975286,0.1238021238021238,0.1619047619047619,0.0450132391879964,1.0851063829787233,0.0097087378640776,60.43185430948931,0.0452218078404153,0.0498571287811607,-36.74047448915971,2543000000.0,2837000000.0,-2957000000.0,8132000000.0,1763000000.0,1020000000.0,1138500000.0,69.02912621359224,60.464216634429405,67.25338491295939,1.3037974683544304,1.4884836852207293,1.3382226056945643,0.1291145700433784,0.9228092582847304,2021-10-21,4.75,amc,2082370000.0,2025-04-16,2021-09-30,0.0147368421052632,154.01953125,692089.453125
2021-06-30,CE,USD,1306830,2021-07-23,2021-07-23 16:17:08,2021,Q2,2198000000.0,1437000000.0,761000000.0,0.3462238399,22000000,0.0,0.0,161000000.0,36000000.0,188000000.0,1625000000.0,4000000.0,24000000.0,93000000.0,777000000.0,0.3535031847,567000000.0,0.2579617834,93000000.0,660000000.0,0.3002729754,116000000.0,538000000.0,0.2447679709,4.79,4.77,112294274,112758639,https://www.sec.gov/Archives/edgar/data/1306830/000130683021000159/0001306830-21-000159-index.htm,https://www.sec.gov/Archives/edgar/data/1306830/000130683021000159/ce-20210630.htm,19.57357148949554,4.790983376409736,3.802509111016649,2.822940019185662,9.64430296775417,37.0188064976492,24.133020353290675,33.821849188855346,34.38287512326764,17023811938.4,19806811938.4,7.91069327992565,7.745137369608735,39.86841203372365,53.70287677728707,4.482309620431806,4.482309620431806,9.01128841601456,25.491392456113257,46.38597643653396,62.48205658801263,0.0316027927203808,0.0186209763798526,1.0102685624012635,0.3419786096256684,3.5817245817245817,1.9074682949741664,23.625,0.7907407407407407,0.0044643350311318,0.1412639405204461,0.0,0.0100090991810737,0.1289661319073083,0.2576112412177986,0.0500454959053685,1.1827956989247312,0.019108280254777,60.38127306974381,0.0485503277109344,0.0550496265220505,-36.33310813336751,1932000000.0,2710000000.0,-3002000000.0,7516000000.0,1649000000.0,952000000.0,1071500000.0,73.21201091901729,62.505219206680586,70.02087682672234,1.2293064876957494,1.439879759519038,1.2853309481216455,0.1416535018430753,0.9795690918309868,2021-07-22,4.45,amc,2083870000.0,2025-04-16,2021-06-30,0.1280898876404493,158.8184126984127,745700.253968254
2021-03-31,CE,USD,1306830,2021-04-23,2021-04-23 16:20:18,2021,Q1,1798000000.0,1313000000.0,485000000.0,0.2697441602,20000000,0.0,0.0,137000000.0,42000000.0,163000000.0,1476000000.0,1000000.0,25000000.0,91000000.0,525000000.0,0.2919911012,326000000.0,0.1813125695,83000000.0,409000000.0,0.2274749722,85000000.0,322000000.0,0.1790878754,2.84,2.82,113511369,114028145,https://www.sec.gov/Archives/edgar/data/1306830/000130683021000098/0001306830-21-000098-index.htm,https://www.sec.gov/Archives/edgar/data/1306830/000130683021000098/ce-20210331.htm,15.839823057723848,2.836720258391034,1.0219240682402482,0.2114325658428099,9.884472453151366,34.419459781160775,21.71588645010528,31.203922842301377,33.8644492958234,17005138189.89,20033138189.89,13.202747041840064,9.457807669571746,146.5960188783621,708.54742457875,4.800998924305477,4.800998924305477,11.141901106724138,38.158358456933335,172.69946715422412,834.7140912454166,0.0189354532967828,0.0014113381339217,1.0782044042913608,0.3550576422461882,5.767619047619047,1.917312661498708,13.04,0.3591331269349845,0.0045868489352455,0.2422360248447205,0.0,0.0111234705228031,0.1340647080699144,0.7931034482758621,0.0511679644048943,1.010989010989011,0.0066740823136818,44.62765960176053,0.0276084443824092,0.0345716126261541,-35.9611555737646,1775000000.0,2465000000.0,-3139000000.0,7314000000.0,1376000000.0,851500000.0,1001500000.0,75.58398220244717,62.102056359482106,70.25894897182026,1.190728476821192,1.4492273730684326,1.2809756097560976,0.0909090909090909,0.8104915023974383,2021-04-22,2.96,amc,1685600000.0,2025-04-16,2021-03-31,0.1689189189189189,137.3629508196721,893066.1639344263
2020-12-31,CE,USD,1306830,2021-02-11,2021-02-11 16:41:14,2020,Q4,1591000000.0,1215000000.0,376000000.0,0.2363293526,20000000,0.0,0.0,137000000.0,-67000000.0,162000000.0,1377000000.0,2000000.0,26000000.0,91000000.0,1688000000.0,1.0609679447,203000000.0,0.127592709,1368000000.0,1571000000.0,0.9874292898,117000000.0,1453000000.0,0.9132620993,12.56,12.5,115700000,116300000,https://www.sec.gov/Archives/edgar/data/1306830/000130683021000020/0001306830-21-000020-index.htm,https://www.sec.gov/Archives/edgar/data/1306830/000130683021000020/ce-20201231.htm,13.751080380293864,12.558340535868624,1.564390665514261,0.8297320656871219,12.86084701815039,33.664649956784785,20.82973206568712,30.47536732929991,34.20051858254106,15034058000.0,18010058000.0,2.5867271163110805,9.449439346323068,83.06109392265193,156.60477083333333,4.263771412365286,4.263771412365286,11.31996103079824,10.669465639810426,99.50308287292818,187.60477083333333,0.0966472259186441,0.0063855015059806,1.1148610323312536,0.3603446695389128,1.7630331753554502,1.907247845919919,7.8076923076923075,0.124484181568088,0.0047891261294854,0.0495526496902959,0.0,0.0125707102451288,0.1361261343844532,0.4696132596685083,0.0534255185417976,0.934065934065934,0.0069138906348208,92.79655661571314,0.0198438534087281,0.1541808149405772,-35.48401037165082,1790000000.0,2410000000.0,-3251000000.0,7446000000.0,1152500000.0,748000000.0,989500000.0,70.25769956002515,59.03703703703704,72.44444444444444,1.2809983896940418,1.5244667503136762,1.2423312883435582,0.4120816789563244,0.7346585998271391,2021-01-28,1.72,amc,1237444444.0,2025-04-16,2020-12-31,0.2151162790697673,124.3371875,817908.890625
2020-09-30,CE,USD,1306830,2020-10-26,2020-10-26 16:51:10,2020,Q3,1411000000.0,1084000000.0,327000000.0,0.2317505315,19000000,0.0,0.0,106000000.0,20000000.0,131000000.0,1215000000.0,1000000.0,28000000.0,90000000.0,359000000.0,0.2544294826,184000000.0,0.1304039688,57000000.0,241000000.0,0.1708008505,30000000.0,207000000.0,0.1467044649,1.75,1.75,118000000,118600000,https://www.sec.gov/Archives/edgar/data/1306830/000130683020000204/0001306830-20-000204-index.htm,https://www.sec.gov/Archives/edgar/data/1306830/000130683020000204/ce-20200930.htm,11.957627118644067,1.7542372881355932,3.652542372881356,3.042372881355932,5.508474576271187,24.440677966101696,12.194915254237287,21.25423728813559,36.58474576271186,12679100000.0,16353100000.0,15.31292270531401,8.985896527285613,29.41786542923434,35.31782729805014,5.055462519936205,5.055462519936205,11.589723600283486,45.55181058495822,37.94222737819025,45.55181058495822,0.0163260799268086,0.0283143125300691,1.710127591706539,0.4390418671307196,10.233983286908078,1.1502698215026983,6.571428571428571,2.062200956937799,0.0057575064476185,0.3526570048309179,0.0,0.0134656272147413,0.1479168799262974,0.1670533642691415,0.0510276399716513,0.8,-0.0021261516654854,28.96397677441603,0.019295177348742,0.0248678519942335,-41.84110169491525,362000000.0,1439000000.0,-4114000000.0,5868000000.0,1052000000.0,649000000.0,1016000000.0,67.80297661233168,58.03505535055351,83.10885608856088,1.3273753527751646,1.5507868383404864,1.0829170829170829,0.0825358851674641,0.6101694915254238,2020-10-25,1.71,amc,1237338461.0,2025-04-16,2020-09-30,0.1403508771929824,99.8028125,817598.984375
2020-06-30,CE,USD,1306830,2020-07-29,2020-07-29 16:31:54,2020,Q2,1193000000.0,951000000.0,242000000.0,0.2028499581,18000000,0.0,0.0,114000000.0,6000000.0,138000000.0,1089000000.0,1000000.0,27000000.0,89000000.0,263000000.0,0.2204526404,83000000.0,0.0695725063,64000000.0,147000000.0,0.1232187762,35000000.0,107000000.0,0.0896898575,0.9,0.9,118300000,118800000,https://www.sec.gov/Archives/edgar/data/1306830/000130683020000161/0001306830-20-000161-index.htm,https://www.sec.gov/Archives/edgar/data/1306830/000130683020000161/ce-10q63020.htm,10.084530853761622,0.904480135249366,3.2037193575655114,2.459847844463229,4.860524091293322,24.251901944209635,12.290786136939984,21.02282333051564,35.8748943364328,10214022000.0,13892022000.0,23.86453738317757,8.561627829002514,26.94992612137203,35.09973195876289,4.1069650180940895,4.1069650180940895,11.644611902766137,52.82137642585551,36.65441160949868,47.738907216494844,0.0104757949415029,0.0284902460558632,1.6956172094893447,0.4436145592257521,13.984790874524714,1.1976127320954908,3.074074074074074,3.477064220183486,0.0072449422959927,0.6915887850467289,0.0,0.0150880134115674,0.1488533557752998,0.2321899736147757,0.0737636211232187,0.9887640449438202,0.008382229673093,20.68408414722385,0.0076025601392276,0.0132245705104437,-40.28529163144548,447000000.0,1454000000.0,-3928000000.0,5788000000.0,1100500000.0,661500000.0,1033500000.0,78.53310980720872,56.68769716088328,97.57097791798108,1.1460134486071083,1.587646076794658,0.9224054316197866,0.0430237233614796,0.7438715131022823,2020-07-28,1.09,amc,963576923.0,2025-04-16,2020-06-30,0.1926605504587155,83.34238095238095,1004202.1746031746
2020-03-31,CE,USD,1306830,2020-04-28,2020-04-28 16:19:33,2020,Q1,1460000000.0,1112000000.0,348000000.0,0.2383561644,17000000,0.0,0.0,125000000.0,24000000.0,147000000.0,1259000000.0,2000000.0,28000000.0,86000000.0,406000000.0,0.2780821918,194000000.0,0.1328767123,98000000.0,292000000.0,0.2,65000000.0,218000000.0,0.1493150685,1.83,1.82,119300000,119900000,https://www.sec.gov/Archives/edgar/data/1306830/000130683020000105/0001306830-20-000105-index.htm,https://www.sec.gov/Archives/edgar/data/1306830/000130683020000105/ce-10q33120.htm,12.238055322715844,1.8273260687342832,2.1709974853310983,1.173512154233026,5.09639564124057,23.77200335289187,12.388935456831517,20.519698239731767,36.11064543168483,8755427000.0,12465427000.0,10.040627293577982,5.996867808219178,33.80473745173745,62.53876428571429,3.5765633169934645,3.5765633169934645,8.537963698630136,30.703022167487685,48.129061776061775,89.03876428571428,0.0248988427406224,0.0159900824939777,1.7483660130718954,0.4484023048716605,9.137931034482758,1.4808091286307057,6.928571428571429,1.1772727272727272,0.0084519007468168,0.3394495412844037,0.0,0.0116438356164383,0.1422734415924567,0.4594594594594595,0.0815068493150684,1.3837209302325582,0.0068493150684931,29.045895391784946,0.0179648681945385,0.0266275803102479,-39.50544844928751,927000000.0,1478000000.0,-3854000000.0,6164000000.0,1170500000.0,752000000.0,1037000000.0,71.5068493150685,58.59712230215827,83.84892086330935,1.2586206896551724,1.5359116022099448,1.0733590733590734,0.0890522875816993,0.997485331098072,2020-04-27,2.24,amc,1428122270.0,2025-04-16,2020-03-31,0.0223214285714284,98.92451612903226,1100162.3548387096
2019-12-31,CE,USD,1306830,2020-02-06,2020-02-06 16:24:03,2019,Q4,1432000000.0,1116000000.0,316000000.0,0.2206703911,17000000,0.0,0.0,125000000.0,-175000000.0,148000000.0,1264000000.0,2000000.0,28000000.0,91000000.0,160000000.0,0.1117318436,68000000.0,0.0474860335,-27000000.0,41000000.0,0.0286312849,-3000000.0,43000000.0,0.030027933,0.36,0.36,120300000,120900000,https://www.sec.gov/Archives/edgar/data/1306830/000130683020000018/0001306830-20-000018-index.htm,https://www.sec.gov/Archives/edgar/data/1306830/000130683020000018/ce-20191231x10k.htm,11.903574397339984,0.3574397339983375,2.7098919368246053,1.5128844555278471,4.181213632585203,24.08977556109725,12.56857855361596,20.83956774729842,34.1978387364921,14811336000.0,18434336000.0,86.11241860465117,10.343111731843576,45.433546012269936,81.38096703296704,5.907992022337456,5.907992022337456,12.87313966480447,115.2146,56.54704294478528,101.28756043956044,0.0029031817251326,0.0122878854412593,1.6298364579178302,0.4311945968763191,22.64375,1.5763968072976056,2.4285714285714284,7.2444444444444445,0.005063689055464,1.744186046511628,0.0,0.0118715083798882,0.1462642465175179,0.4417177914110429,0.1005586592178771,1.5824175824175823,0.0069832402234636,12.946042442587633,0.0088487461811686,0.0053152039555006,-38.8216957605985,1011000000.0,1512000000.0,-3813000000.0,6313000000.0,1231500000.0,772000000.0,1016000000.0,74.22486033519553,62.903225806451616,83.70967741935483,1.212531752751905,1.4307692307692308,1.0751445086705202,0.0171519744714798,1.1970074812967582,2020-01-30,2.09,amc,1532743718.0,2025-04-16,2019-12-31,-0.047846889952153,123.07390625,752798.390625
2019-09-30,CE,USD,1306830,2019-10-22,2019-10-22 16:23:32,2019,Q3,1586000000.0,1172000000.0,414000000.0,0.2610340479,17000000,0.0,0.0,120000000.0,10000000.0,143000000.0,1315000000.0,1000000.0,27000000.0,95000000.0,445000000.0,0.2805800757,260000000.0,0.1639344262,63000000.0,323000000.0,0.2036569987,53000000.0,263000000.0,0.1658259773,2.14,2.13,122700000,123300000,https://www.sec.gov/Archives/edgar/data/1306830/000130683019000191/0001306830-19-000191-index.htm,https://www.sec.gov/Archives/edgar/data/1306830/000130683019000191/ce-10q93019.htm,12.925835370823146,2.143439282803586,3.2355338223308885,2.567237163814181,4.262428687856561,25.58272208638957,14.43357783211084,22.387938060309697,32.07823960880196,15004983000.0,18416983000.0,14.263291825095056,9.460897225725097,37.79592695214106,47.63486666666667,5.46231634510375,5.46231634510375,11.61222131147541,41.386478651685394,46.39038539042821,58.466612698412696,0.0175275106942806,0.020993026116724,1.4230069166363306,0.4152326322498406,7.667415730337079,1.8545335942596213,9.62962962962963,1.4981132075471697,0.0051316286063103,0.2927756653992395,0.0,0.0107187894073139,0.1453154875717017,0.2065491183879093,0.051702395964691,0.8631578947368421,0.0069356872635561,32.8589665500519,0.0262484856642886,0.0326870494655729,-34.9918500407498,1310000000.0,1771000000.0,-3432000000.0,6469000000.0,1292500000.0,764000000.0,1002500000.0,72.74905422446406,58.66894197952219,76.33105802047781,1.2371294851794072,1.5340314136125657,1.1790744466800804,0.0957408081543502,0.6682966585167074,2019-10-21,2.51,amc,1573462450.0,2025-04-16,2019-09-30,0.0079681274900398,112.658125,897527.09375
2019-06-30,CE,USD,1306830,2019-07-23,2019-07-23 16:28:33,2019,Q2,1592000000.0,1169000000.0,423000000.0,0.2657035176,17000000,0.0,0.0,118000000.0,15000000.0,141000000.0,1310000000.0,2000000.0,29000000.0,86000000.0,358000000.0,0.2248743719,186000000.0,0.1168341709,53000000.0,239000000.0,0.1501256281,28000000.0,209000000.0,0.131281407,1.67,1.66,125289967,125847894,https://www.sec.gov/Archives/edgar/data/1306830/000130683019000165/0001306830-19-000165-index.htm,https://www.sec.gov/Archives/edgar/data/1306830/000130683019000165/ce-10q63019.htm,12.706524218335854,1.6681303779096692,3.384149666189951,2.8653531371749823,4.134409261996214,25.971752390995523,14.71785845390158,22.858973216905703,32.04566252300154,13736791981.88,17231791981.879997,16.43156935631579,8.628638179572864,32.3980942968868,38.26404451777159,4.796365915460894,4.796365915460894,10.823989938366832,48.133497156089376,40.641018825188674,47.99942056233983,0.015214614902496,0.0261341949760578,1.3917597765363128,0.4193141173995371,9.762569832402235,2.042613636363636,6.413793103448276,2.019047619047619,0.0056781816382521,0.3732057416267942,0.0,0.0106783919597989,0.1483273721859878,0.1533018867924528,0.0408291457286432,0.7558139534883721,0.0081658291457286,29.29102800681872,0.0194376426397869,0.0258152173913043,-33.93128836884441,1468000000.0,1844000000.0,-3376000000.0,6729000000.0,1330500000.0,731500000.0,1010000000.0,73.66206030150754,58.819503849443976,77.83575705731396,1.2217958557175748,1.530104712041885,1.1562809099901088,0.0729748603351955,0.518796529014969,2019-07-22,2.36,amc,1571932773.0,2025-04-16,2019-06-30,0.0084745762711864,103.57857142857142,1070905.825396825
2019-03-31,CE,USD,1306830,2019-04-23,2019-04-23 16:19:57,2019,Q1,1687000000.0,1234000000.0,453000000.0,0.2685240071,16000000,0.0,0.0,120000000.0,13000000.0,142000000.0,1376000000.0,1000000.0,31000000.0,84000000.0,500000000.0,0.2963841138,320000000.0,0.1896858328,65000000.0,385000000.0,0.2282157676,46000000.0,337000000.0,0.1997628927,2.64,2.63,127542328,128215700,https://www.sec.gov/Archives/edgar/data/1306830/000130683019000092/0001306830-19-000092-index.htm,https://www.sec.gov/Archives/edgar/data/1306830/000130683019000092/ce-10q33119.htm,13.226981398677308,2.642260066007263,2.407044036392373,1.7876418250731632,3.685051130633275,26.96359752818688,15.93196573924854,23.89010807455232,30.828980948191568,12911109863.44,16371109863.44,9.577974676142434,7.653295710397155,42.05573245420196,56.62767483964912,4.237318629287825,4.237318629287825,9.704273777972732,32.74221972688,53.32609076039088,71.80311343614035,0.0261015515756916,0.0176592099681237,1.2802756809977027,0.4074576979318989,6.92,1.5828759604829856,10.32258064516129,0.908284023668639,0.0054216872709151,0.2077151335311572,0.0,0.0094842916419679,0.1469605180697723,0.257328990228013,0.0468286899822169,0.9404761904761904,0.0082987551867219,37.68669880879344,0.0329512611117101,0.0412636218929839,-32.4754931554958,1062000000.0,2032000000.0,-3251000000.0,6400000000.0,1338000000.0,759000000.0,1027500000.0,72.44813278008299,50.9805510534846,73.58995137763371,1.2422680412371134,1.765379113018598,1.2229930624380574,0.110600590744995,0.61940221131921,2019-04-22,2.4,amc,1545343511.0,2025-04-16,2019-03-31,0.0916666666666667,98.37295081967213,1169009.7704918033
2018-12-31,CE,USD,1306830,2019-02-07,2019-02-07 16:44:31,2018,Q4,1689000000.0,1269000000.0,420000000.0,0.2486678508,18000000,0.0,0.0,134000000.0,-134000000.0,158000000.0,1427000000.0,2000000.0,30000000.0,6000000.0,296000000.0,0.1752516282,259000000.0,0.1533451747,-85000000.0,174000000.0,0.1030195382,76000000.0,99000000.0,0.0586145648,0.75,0.75,131200000,132100000,https://www.sec.gov/Archives/edgar/data/1306830/000130683019000014/0001306830-19-000014-index.htm,https://www.sec.gov/Archives/edgar/data/1306830/000130683019000014/ce-20181231x10k.htm,12.873475609756095,0.7545731707317073,2.7667682926829267,2.057926829268293,3.582317073170732,25.754573170731707,15.335365853658535,22.74390243902439,27.14176829268293,11804064000.0,14896064000.0,29.808242424242422,6.988788632326821,32.5180826446281,43.71875555555555,3.955785522788204,3.955785522788204,8.819457667258733,50.32454054054054,41.035988980716255,55.17060740740741,0.008386941988793,0.0228734781512536,1.1833109919571043,0.3791474283259959,10.445945945945946,1.615514333895447,8.633333333333333,3.594059405940594,0.0060148775879222,0.7171717171717171,0.0,0.0106571936056838,0.1467840652850853,0.256198347107438,0.0550621669626998,1.021978021978022,0.0106571936056838,19.650537346599787,0.0179271922352698,0.0124590989176944,-30.12576219512195,1095000000.0,2012000000.0,-3060000000.0,6181000000.0,1341500000.0,819000000.0,1039500000.0,70.23090586145648,58.08510638297872,74.18439716312056,1.2814871016691958,1.5494505494505495,1.2131931166347991,0.0331769436997319,0.7088414634146342,2019-01-28,2.42,amc,1703193277.0,2025-04-16,2018-12-31,-0.0165289256198347,98.0263492063492,1911006.7301587304
2018-09-30,CE,USD,1306830,2018-10-19,2018-10-19 16:29:55,2018,Q3,1771000000.0,1255000000.0,516000000.0,0.2913608131,18000000,0.0,0.0,129000000.0,24000000.0,152000000.0,1407000000.0,2000000.0,30000000.0,90000000.0,582000000.0,0.3286278938,374000000.0,0.2111801242,88000000.0,462000000.0,0.2608695652,54000000.0,401000000.0,0.2264257482,2.98,2.96,134519301,135499390,https://www.sec.gov/Archives/edgar/data/1306830/000130683018000221/0001306830-18-000221-index.htm,https://www.sec.gov/Archives/edgar/data/1306830/000130683018000221/ce-10q93018.htm,13.165396986414612,2.9809848625365665,3.471620775073757,2.8843444555216653,5.456466057610573,29.31177883536579,19.04559405939821,26.32336009536654,25.68404663357565,15347307051.09,18069307051.09,9.5681465405798,8.665898956007906,32.86361252910064,39.55491508012887,4.33417312936741,4.33417312936741,10.202883710383963,31.04691933176976,38.69230631925053,46.57037899765464,0.0261283623677497,0.0252813082261518,0.967240892403276,0.348635993485342,4.676975945017182,2.0757180156657964,12.466666666666669,1.1616915422885572,0.0047565347951265,0.1820448877805486,0.0,0.010163749294184,0.1405741042345276,0.1691648822269807,0.0446075663466967,0.8777777777777778,0.0079051383399209,42.01862211503611,0.0387613794490921,0.0474949662442259,-26.812137538538057,1648000000.0,2562000000.0,-2701000000.0,6728000000.0,1405000000.0,819000000.0,975000000.0,69.36758893280633,58.73306772908367,74.0796812749004,1.2974358974358975,1.5323565323565325,1.2149080348499517,0.1132448460886755,0.5872763195520916,2018-10-18,2.74,amc,1639371621.0,2025-04-16,2018-09-30,0.0802919708029196,114.66492063492063,875544.8412698413
2018-06-30,CE,USD,1306830,2018-07-20,2018-07-20 16:13:08,2018,Q2,1844000000.0,1323000000.0,521000000.0,0.282537961,18000000,0.0,0.0,136000000.0,23000000.0,161000000.0,1484000000.0,0.0,32000000.0,7000000.0,562000000.0,0.3047722343,358000000.0,0.194143167,84000000.0,442000000.0,0.2396963124,97000000.0,344000000.0,0.1865509761,2.54,2.52,135600000,136300000,https://www.sec.gov/Archives/edgar/data/1306830/000130683018000171/0001306830-18-000171-index.htm,https://www.sec.gov/Archives/edgar/data/1306830/000130683018000171/ce-10q63018.htm,13.59882005899705,2.5368731563421827,4.314159292035399,3.7315634218289087,5.457227138643068,27.92772861356932,17.64749262536873,24.926253687315636,26.74041297935103,15059736000.0,17945736000.0,10.94457558139535,8.16688503253796,25.74313846153846,29.762324110671937,4.455543195266273,4.455543195266273,9.731960954446857,31.93191459074733,30.67647179487179,35.4658814229249,0.0228423658953915,0.0335995265786863,1.0633136094674556,0.3671467974256819,5.135231316725979,1.9583850931677016,11.1875,1.6956521739130437,0.0048473625301266,0.2122093023255813,0.0,0.009761388286334,0.1424047400143017,0.135042735042735,0.0428416485900216,0.8977272727272727,0.0092190889370932,37.719779122091154,0.0327015083838819,0.0409767718880285,-27.43178466076696,1543000000.0,2393000000.0,-2849000000.0,6661000000.0,1460500000.0,808000000.0,936000000.0,70.52603036876356,55.71428571428572,62.38095238095238,1.2761245674740485,1.6153846153846154,1.4427480916030535,0.101775147928994,0.5825958702064897,2018-07-19,2.46,amc,1570579310.0,2025-04-16,2018-06-30,0.1788617886178861,110.33890625,947046.9375
2018-03-31,CE,USD,1306830,2018-04-17,2018-04-17 16:40:01,2018,Q1,1851000000.0,1336000000.0,515000000.0,0.2782279849,18000000,0.0,0.0,147000000.0,30000000.0,171000000.0,1507000000.0,2000000.0,33000000.0,6000000.0,545000000.0,0.2944354403,343000000.0,0.1853052404,89000000.0,432000000.0,0.2333873582,65000000.0,363000000.0,0.1961102107,2.67,2.66,135900000,136400000,https://www.sec.gov/Archives/edgar/data/1306830/000130683018000089/0001306830-18-000089-index.htm,https://www.sec.gov/Archives/edgar/data/1306830/000130683018000089/ce-10q33118.htm,13.620309050772628,2.671081677704194,1.0522442972774098,0.4194260485651214,3.8410596026490063,26.968359087564387,16.350257542310523,23.93671817512877,27.969094922737305,13618539000.0,16896539000.0,9.379159090909091,7.35739546191248,95.23453846153846,238.92173684210528,4.186455272056563,4.186455272056563,9.128330091842248,31.00282385321101,118.15761538461538,296.43050877192985,0.0266548416096616,0.0041854709965584,1.1583154011681525,0.3852760736196319,6.014678899082568,1.8764044943820224,10.393939393939394,0.3917808219178082,0.004626046890933,0.1735537190082644,0.0,0.0097244732576985,0.1475460122699386,0.6013986013986014,0.0464613722312263,1.075,0.0118854673149648,37.92862916312686,0.0338708826808908,0.043540842029507,-29.495952906548933,1404000000.0,2222000000.0,-3109000000.0,6648000000.0,1353000000.0,802000000.0,927500000.0,71.76661264181523,53.69011976047904,64.33383233532935,1.2540650406504066,1.6762860727728983,1.398952879581152,0.1115893021826006,0.6328182487122884,2018-04-16,2.32,amc,1539182795.0,2025-04-16,2018-03-31,0.2025862068965518,105.49377049180328,728840.8032786886
2017-12-31,CE,USD,1306830,2018-02-09,2018-02-09 16:28:32,2017,Q4,1593000000.0,1182000000.0,411000000.0,0.2580037665,19000000,0.0,0.0,165000000.0,3000000.0,190000000.0,1372000000.0,0.0,31000000.0,6000000.0,375000000.0,0.2354048964,217000000.0,0.1362209667,48000000.0,265000000.0,0.1663527935,60000000.0,203000000.0,0.1274325173,1.49,1.49,135800000,136300000,https://www.sec.gov/Archives/edgar/data/1306830/000130683018000030/0001306830-18-000030-index.htm,https://www.sec.gov/Archives/edgar/data/1306830/000130683018000030/ce-20171231x10k.htm,11.730486008836523,1.4948453608247425,0.4270986745213549,-0.2135493372606774,4.477172312223859,24.293078055964653,14.690721649484535,21.25920471281296,27.039764359351988,14541464000.0,17606464000.0,17.908206896551725,9.128351537978658,250.71489655172417,-501.4297931034483,5.036877034984413,5.036877034984413,11.052394224733208,46.95057066666666,303.559724137931,-607.119448275862,0.0139600799479337,-0.0019942971354191,1.2611707655005195,0.3817362130425665,8.173333333333334,1.790891597177678,7.0,0.284313725490196,0.0043324386045311,0.3103448275862069,0.0,0.0119271814187068,0.1367162927238414,1.5,0.0546139359698681,1.1012658227848102,0.0094161958568738,26.740092177194693,0.0202128747174355,0.0246538741802283,-31.35861561119293,1233000000.0,1995000000.0,-3447000000.0,6299000000.0,1239500000.0,751000000.0,854500000.0,69.49152542372882,61.44670050761421,68.52791878172589,1.2951219512195122,1.4646840148698883,1.3133333333333332,0.0703152060962937,0.6406480117820325,2018-01-25,1.86,amc,1512545454.0,2025-04-16,2017-12-31,0.064516129032258,106.26142857142858,647505.7619047619
2017-09-30,CE,USD,1306830,2017-10-17,2017-10-17 16:15:06,2017,Q3,1566000000.0,1181000000.0,385000000.0,0.2458492976,19000000,0.0,0.0,112000000.0,-6000000.0,136000000.0,1317000000.0,1000000.0,32000000.0,82000000.0,403000000.0,0.2573435504,252000000.0,0.1609195402,37000000.0,289000000.0,0.1845466156,57000000.0,226000000.0,0.1443167305,1.65,1.65,136579077,136951923,https://www.sec.gov/Archives/edgar/data/1306830/000130683017000226/0001306830-17-000226-index.htm,https://www.sec.gov/Archives/edgar/data/1306830/000130683017000226/ce-10q093017.htm,11.465885071107929,1.6547190460219614,1.8670502510424785,1.3984572468592682,3.602308719658429,22.95373543928694,13.450083573196208,19.878593849334624,25.04776042673066,14241100358.79,17169100358.79,15.753429600431415,9.093933817873562,55.84745238741176,74.56073486277486,5.245340831966851,5.245340831966851,10.963665618639846,42.603226696749374,67.32980532858824,89.89057779471203,0.0158695602380546,0.0134118849799488,1.2482504604051563,0.3739792540278084,7.265508684863524,1.6858064516129032,7.875,1.118421052631579,0.0043535961715017,0.2743362831858407,0.0,0.01213282247765,0.1432354888545575,0.2509803921568627,0.0408684546615581,0.7804878048780488,0.0083014048531289,27.204842889440712,0.0254558421863182,0.029108706852138,-29.973478294922145,1063000000.0,1837000000.0,-3314000000.0,6067000000.0,1230500000.0,680500000.0,790000000.0,71.7816091954023,52.96359017781541,61.65114309906858,1.2538030424339472,1.6992805755395683,1.4598269468479603,0.0832412523020257,0.4685930041832103,2017-10-16,1.91,amc,1549772020.0,2025-04-16,2017-09-30,0.0104712041884816,98.24698412698412,798666.7777777778
2017-06-30,CE,USD,1306830,2017-07-25,2017-07-25 16:30:35,2017,Q2,1510000000.0,1143000000.0,367000000.0,0.2430463576,17000000,0.0,0.0,96000000.0,3000000.0,118000000.0,1261000000.0,1000000.0,30000000.0,77000000.0,388000000.0,0.2569536424,240000000.0,0.1589403974,41000000.0,281000000.0,0.1860927152,40000000.0,231000000.0,0.1529801325,1.67,1.66,138619721,139029425,https://www.sec.gov/Archives/edgar/data/1306830/000130683017000185/0001306830-17-000185-index.htm,https://www.sec.gov/Archives/edgar/data/1306830/000130683017000185/ce-10q063017.htm,10.893110944870536,1.6664295551424462,2.149766265941337,1.7602113049989474,3.902763590182092,22.52204792707669,13.309794498864992,19.434464162570347,24.130765636153605,13160556311.74,15964556311.74,14.243026311406926,8.71560020645033,44.162940643422814,53.93670619565574,4.885135973177431,4.885135973177431,10.572553848834437,41.145763690051545,53.57233661657718,65.42850947434427,0.0175524494959179,0.0185402496839998,1.230512249443207,0.3731847348868625,7.22680412371134,1.8139044943820224,8.0,1.2789699570815452,0.0049390009404098,0.2813852813852814,0.0,0.0112582781456953,0.1437577395024203,0.1812080536912751,0.0357615894039735,0.7012987012987013,0.0059602649006622,26.994234996558767,0.0262445873941584,0.0303707599263739,-28.318481466284297,1159000000.0,1845000000.0,-3178000000.0,6099000000.0,1157000000.0,640500000.0,744000000.0,72.2384105960265,52.44094488188976,60.70866141732284,1.2458745874587458,1.7162162162162162,1.482490272373541,0.0857461024498886,0.38955496094239,2017-07-24,1.76,amc,1484692737.0,2025-04-16,2017-06-30,0.0170454545454545,89.09984126984126,1029895.873015873
2017-03-31,CE,USD,1306830,2017-04-18,2017-04-18 16:35:21,2017,Q1,1471000000.0,1119000000.0,352000000.0,0.239292998,17000000,0.0,0.0,83000000.0,-54000000.0,104000000.0,1223000000.0,0.0,29000000.0,4000000.0,341000000.0,0.2318150918,192000000.0,0.1305234534,-8000000.0,240000000.0,0.1631543168,56000000.0,183000000.0,0.1244051666,1.3,1.3,140600000,141000000,https://www.sec.gov/Archives/edgar/data/1306830/000130683017000124/0001306830-17-000124-index.htm,https://www.sec.gov/Archives/edgar/data/1306830/000130683017000124/ce-10q033117.htm,10.46230440967283,1.301564722617354,1.3655761024182076,0.9246088193456614,3.783783783783784,21.62873399715505,14.57325746799431,18.570412517780937,21.24466571834993,12632910000.0,15089910000.0,17.2580737704918,8.587974167233174,65.79640625,97.17623076923076,4.83834163155879,4.83834163155879,10.258266485384093,44.251935483870966,78.59328125,116.07623076923078,0.0144859735405381,0.0102905822965571,1.13289927230946,0.3569015444015444,7.205278592375366,2.3536945812807883,6.620689655172414,1.0434782608695652,0.0040370745932647,0.2786885245901639,0.0,0.0115567641060503,0.1196911196911196,0.3229166666666667,0.0421481985044187,0.8611111111111112,0.0067980965329707,23.320342212238145,0.0199457994579945,0.0250822368421052,-25.106685633001423,1374000000.0,2049000000.0,-2858000000.0,5937000000.0,1063000000.0,620000000.0,718500000.0,67.42352141400409,49.46380697050938,57.66756032171582,1.3348457350272231,1.8195121951219515,1.5606694560669456,0.0700880888548448,0.4409672830725462,2017-04-17,1.71,amc,1397856353.0,2025-04-16,2017-03-31,0.0584795321637427,87.33822580645162,915887.6129032258
2016-12-31,CE,USD,1306830,2017-02-10,2017-02-10 16:19:51,2016,Q4,1311000000.0,989000000.0,322000000.0,0.2456140351,20000000,0.0,0.0,184000000.0,0.0,206000000.0,1195000000.0,1000000.0,29000000.0,72000000.0,257000000.0,0.1960335622,117000000.0,0.0892448513,39000000.0,156000000.0,0.118993135,-5000000.0,160000000.0,0.122044241,1.14,1.14,140600000,140600000,https://www.sec.gov/Archives/edgar/data/1306830/000130683017000034/0001306830-17-000034-index.htm,https://www.sec.gov/Archives/edgar/data/1306830/000130683017000034/ce-20161231x10k.htm,9.324324324324325,1.1379800853485065,-0.3342816500711237,-0.7610241820768137,4.751066856330014,21.486486486486488,14.445234708392602,18.40682788051209,21.60028449502133,11070844000.0,13440844000.0,17.29819375,8.444579710144927,-235.5498723404255,-103.46583177570092,4.277760432766615,4.277760432766615,10.25236003051106,52.29900389105058,-285.9754042553192,-125.6153644859813,0.014452375988678,-0.0096650264424284,1.1622874806800618,0.3599377767141318,9.221789883268482,2.295264623955432,4.0344827586206895,-0.2919254658385093,0.0046066948463911,0.31875,0.0,0.015255530129672,0.1184635634797176,-1.2765957446808511,0.045766590389016,0.8333333333333334,0.0061022120518688,21.70941224804023,0.0163219789132197,0.021718474277182,-25.177809388335703,1395000000.0,2031000000.0,-2864000000.0,5962000000.0,1014500000.0,608000000.0,686000000.0,70.2974828375286,56.87563195146613,65.52072800808898,1.2802734375,1.5824,1.3736111111111111,0.061823802163833,0.4267425320056899,2017-02-01,1.51,bmo,1311000000.0,2025-04-16,2016-12-31,0.0066225165562913,75.14730158730158,1015764.3174603176
2016-09-30,CE,USD,1306830,2016-10-18,2016-10-18 16:33:09,2016,Q3,1323000000.0,968000000.0,355000000.0,0.268329554,20000000,0.0,0.0,81000000.0,-3000000.0,104000000.0,1072000000.0,0.0,28000000.0,3000000.0,387000000.0,0.2925170068,246000000.0,0.1859410431,35000000.0,281000000.0,0.2123960695,15000000.0,262000000.0,0.1980347695,1.82,1.81,144000000,144600000,https://www.sec.gov/Archives/edgar/data/1306830/000130683016000410/0001306830-16-000410-index.htm,https://www.sec.gov/Archives/edgar/data/1306830/000130683016000410/ce-10q093016.htm,9.1875,1.8194444444444444,2.111111111111111,1.7083333333333333,8.930555555555555,21.881944444444443,16.11111111111111,18.819444444444443,21.131944444444443,9584640000.0,11347640000.0,9.145648854961832,7.244625850340136,31.52842105263158,38.961951219512194,3.536767527675277,3.536767527675277,8.577203325774754,29.322067183462533,37.327763157894736,46.12861788617886,0.0273354033119658,0.0256660657051282,1.1125461254612543,0.3442959917780062,4.555555555555555,2.7122040072859743,8.785714285714286,1.155893536121673,0.0054253472222222,0.1984732824427481,0.0,0.0151171579743008,0.0948955121616992,0.1907894736842105,0.0438397581254724,0.7837837837837838,0.0052910052910052,27.75645883293552,0.0300436495164669,0.0330557658339641,-22.50173611111111,1880000000.0,2320000000.0,-2628000000.0,6289000000.0,898500000.0,571000000.0,644000000.0,68.36734693877551,54.94834710743802,60.6198347107438,1.3164179104477611,1.637901861252115,1.4846625766871169,0.0966789667896678,0.4027777777777778,2016-10-17,1.61,amc,1275467065.0,2025-04-16,2016-09-30,0.0372670807453415,65.3834375,949072.75
2016-06-30,CE,USD,1306830,2016-07-26,2016-07-26 16:34:31,2016,Q2,1351000000.0,1013000000.0,338000000.0,0.2501850481,19000000,0.0,0.0,71000000.0,-6000000.0,92000000.0,1105000000.0,0.0,30000000.0,2000000.0,277000000.0,0.2050333087,243000000.0,0.1798667654,32000000.0,275000000.0,0.2035529238,52000000.0,221000000.0,0.1635825315,1.51,1.5,146500000,147100000,https://www.sec.gov/Archives/edgar/data/1306830/000130683016000345/0001306830-16-000345-index.htm,https://www.sec.gov/Archives/edgar/data/1306830/000130683016000345/ce-10q063016.htm,9.22184300341297,1.5085324232081911,2.3822525597269624,1.9863481228668944,5.255972696245734,20.8259385665529,15.146757679180888,17.761092150170647,17.83617747440273,9588425000.0,11436425000.0,10.846634615384616,7.097279792746114,27.47399713467049,32.94991408934708,3.685021137586472,3.685021137586472,8.465155440414508,41.28673285198556,32.769126074498566,39.30042955326461,0.0230486237312175,0.0303490927863543,0.9926979246733282,0.3131668283220175,6.671480144404332,2.2594296228150874,8.1,1.5650224215246638,0.0056317904139626,0.2443438914027149,0.0,0.0140636565507031,0.1008729388942774,0.166189111747851,0.0429311621021465,0.7733333333333333,0.004441154700222,24.552935182024985,0.0270674325674325,0.0298004314994606,-23.993174061433447,1369000000.0,2219000000.0,-2741000000.0,5789000000.0,811000000.0,562500000.0,651500000.0,52.76091783863804,48.95360315893386,56.50542941757157,1.7058080808080809,1.838475499092559,1.5927672955974843,0.0849346656418139,0.3959044368600682,2016-07-25,1.55,amc,1325509433.0,2025-04-16,2016-06-30,0.0258064516129032,69.49875,863470.46875
2016-03-31,CE,USD,1306830,2016-04-19,2016-04-19 16:17:42,2016,Q1,1404000000.0,1014000000.0,390000000.0,0.2777777778,19000000,0.0,0.0,80000000.0,-5000000.0,101000000.0,1115000000.0,1000000.0,33000000.0,2000000.0,323000000.0,0.2300569801,287000000.0,0.2044159544,31000000.0,318000000.0,0.2264957265,60000000.0,257000000.0,0.183048433,1.74,1.73,147400000,148100000,https://www.sec.gov/Archives/edgar/data/1306830/000130683016000272/0001306830-16-000272-index.htm,https://www.sec.gov/Archives/edgar/data/1306830/000130683016000272/ce-10q033116.htm,9.525101763907736,1.7435549525101763,1.9470827679782905,1.4721845318860245,5.067842605156038,21.01763907734057,15.271370420624152,17.944369063772047,17.883310719131615,9654700000.0,11541700000.0,9.391731517509728,6.876566951566952,33.64006968641115,44.49170506912442,3.650170132325142,3.650170132325142,8.220584045584046,35.7328173374613,40.21498257839721,53.18755760368664,0.026619159580308,0.0224760997234507,0.9841209829867676,0.3101763584366063,5.842105263157895,2.285844748858448,8.696969696969697,1.108108108108108,0.004557365842543,0.1712062256809338,0.0,0.0135327635327635,0.1009294566253574,0.2439024390243902,0.0498575498575498,0.945945945945946,0.0071225071225071,26.532194686705218,0.0314109074064175,0.0340622929092114,-24.36227951153324,1408000000.0,2251000000.0,-2791000000.0,5895000000.0,768000000.0,580500000.0,674500000.0,53.20512820512821,50.94674556213018,59.20118343195266,1.691566265060241,1.7665505226480835,1.52023988005997,0.097164461247637,0.4748982360922659,2016-04-18,1.49,amc,1143147540.0,2025-04-16,2016-03-31,0.2281879194630873,62.04,1026482.950819672
2015-12-31,CE,USD,1306830,2016-02-05,2016-02-05 16:16:27,2015,Q4,1334000000.0,1075000000.0,259000000.0,0.1941529235,21000000,0.0,0.0,209000000.0,-2000000.0,232000000.0,1307000000.0,0.0,33000000.0,106000000.0,-131000000.0,-0.0982008996,-305000000.0,-0.2286356822,35000000.0,-270000000.0,-0.2023988006,31000000.0,-298000000.0,-0.2233883058,-2.03,-2.02,146893029,147400000,https://www.sec.gov/Archives/edgar/data/1306830/000130683016000212/0001306830-16-000212-index.htm,https://www.sec.gov/Archives/edgar/data/1306830/000130683016000212/ce-20151231x10k.htm,9.081438439124296,-2.028687147570495,0.9258437988912326,0.319960724616823,6.787251966871756,19.258912551936007,13.60854230870275,16.188651130612875,20.51833242542776,9890307642.57,11904307642.57,-8.297237955176174,7.414023720067466,72.7228503130147,210.43207750148937,4.159086477111018,4.159086477111018,8.923768847503748,-90.87257742419848,87.53167384242647,253.2831413312766,-0.0301305086524653,0.0047521272035767,1.2535744322960471,0.3471931050547402,-15.374045801526718,1.7980645161290325,-9.242424242424242,-0.4518272425249169,0.0043476908458255,-0.1442953020134228,0.0,0.0157421289355322,0.0966689960400652,0.6544117647058824,0.0667166416791604,0.839622641509434,0.0059970014992503,,-0.0450415311324041,-0.0384218669417225,-26.478451880790068,1237000000.0,1999000000.0,-2970000000.0,5676000000.0,749500000.0,597500000.0,710000000.0,47.631184407796106,49.14418604651163,57.097674418604655,1.8895184135977336,1.8313458262350937,1.5762463343108504,-0.1253153910849453,0.6058830742744096,2016-01-21,1.23,amc,1323328000.0,2025-04-16,2015-12-31,0.016260162601626,67.95281250000001,863715.65625
2015-09-30,CE,USD,1306830,2015-10-20,2015-10-20 16:17:28,2015,Q3,1413000000.0,1110000000.0,303000000.0,0.2144373673,19000000,0.0,0.0,93000000.0,-8000000.0,115000000.0,1225000000.0,0.0,29000000.0,82000000.0,336000000.0,0.2377919321,186000000.0,0.1316348195,39000000.0,225000000.0,0.1592356688,74000000.0,161000000.0,0.1139419674,1.07,1.07,149800029,151004081,https://www.sec.gov/Archives/edgar/data/1306830/000130683015000147/0001306830-15-000147-index.htm,https://www.sec.gov/Archives/edgar/data/1306830/000130683015000147/ce-2015930x10q.htm,9.432574942959455,1.0747661470746444,1.1548729406454254,0.4606140630319905,6.555405940542241,21.341784920482223,15.747660502789357,18.46461591806501,20.246992075014884,8863667715.93,10915667715.93,13.76345918622671,6.272942474118897,51.23507350248555,128.45895240478262,3.2045074894902386,3.2045074894902386,7.725171773481954,32.48710629741071,63.09634517878613,158.19808283956522,0.0181640383145959,0.0077845878491125,1.0860448300795371,0.3372249663224068,6.107142857142857,1.8443271767810023,6.413793103448276,1.145695364238411,0.0053025453464969,0.2919254658385093,0.0,0.0134465675866949,0.0940727436012573,0.6011560693641619,0.0736022646850672,1.2682926829268293,0.0049539985845718,21.13091910963925,0.0158913643114788,0.0199504337050805,-25.135175374365247,1280000000.0,2359000000.0,-2915000000.0,5896000000.0,833000000.0,672000000.0,750000000.0,50.50955414012739,49.2972972972973,59.83783783783783,1.7818411097099622,1.825657894736842,1.5040650406504066,0.0582067968185104,0.6942588776134349,2015-10-19,1.38,amc,1290540000.0,2025-04-16,2015-09-30,0.0869565217391305,63.43328125,1301980.328125
2015-06-30,CE,USD,1306830,2015-07-17,2015-07-17 16:19:31,2015,Q2,1477000000.0,1102000000.0,375000000.0,0.2538930264,59000000,0.0,0.0,106000000.0,-8000000.0,168000000.0,1270000000.0,1000000.0,30000000.0,3000000.0,243000000.0,0.1645226811,188000000.0,0.1272850372,39000000.0,227000000.0,0.153689912,24000000.0,205000000.0,0.1387948544,1.34,1.33,153500000,154000000,https://www.sec.gov/Archives/edgar/data/1306830/000130683015000106/0001306830-15-000106-index.htm,https://www.sec.gov/Archives/edgar/data/1306830/000130683015000106/ce-2015630x10q.htm,9.62214983713355,1.3355048859934853,1.8436482084690555,0.7687296416938111,6.625407166123779,22.70358306188925,17.224755700325733,20.03908794788273,17.622149837133552,11033580000.0,12720580000.0,13.455585365853658,7.470264048747461,38.987915194346286,93.50491525423728,3.586989596879064,3.586989596879064,8.61244414353419,52.3480658436214,44.94904593639576,107.80152542372882,0.0185796450472104,0.010694624954004,0.8696358907672301,0.2976190476190476,6.94238683127572,2.305205047318612,6.266666666666667,1.407960199004975,0.0041690910837642,0.224390243902439,0.0,0.0399458361543669,0.0935692033822875,0.5830388692579506,0.1117129316181448,1.5420560747663552,0.0088016249153689,24.538780470270677,0.0214361020040317,0.0251626365533325,-22.477198697068403,1655000000.0,2644000000.0,-2580000000.0,6267000000.0,838500000.0,700000000.0,753000000.0,53.19566689234935,60.10889292196008,62.23230490018149,1.6918671248568156,1.497282608695652,1.4461942257217848,0.0666449934980494,1.0749185667752443,2015-07-16,1.42,amc,1327430379.0,2025-04-16,2015-06-30,0.1126760563380282,66.56444444444445,1029121.0793650794
2015-03-31,CE,USD,1306830,2015-04-17,2015-04-17 16:40:43,2015,Q1,1450000000.0,1069000000.0,381000000.0,0.2627586207,20000000,0.0,0.0,98000000.0,-5000000.0,121000000.0,1190000000.0,0.0,27000000.0,3000000.0,306000000.0,0.2110344828,257000000.0,0.1772413793,49000000.0,306000000.0,0.2110344828,72000000.0,236000000.0,0.1627586207,1.54,1.53,153200000,153900000,https://www.sec.gov/Archives/edgar/data/1306830/000130683015000052/0001306830-15-000052-index.htm,https://www.sec.gov/Archives/edgar/data/1306830/000130683015000052/ce-2015331x10q.htm,9.464751958224545,1.5404699738903394,1.762402088772846,0.7049608355091384,5.7441253263707575,20.881201044386422,15.509138381201044,18.67493472584857,17.565274151436032,8557752000.0,10370752000.0,9.065415254237289,5.901897931034482,31.69537777777777,79.23844444444444,2.991175113596644,2.991175113596644,7.15224275862069,33.89134640522876,38.410192592592594,96.02548148148148,0.0275773357302244,0.0126201366901027,0.9311429570080392,0.3088337584048226,5.92483660130719,2.2560669456066944,9.51851851851852,1.1538461538461535,0.0044404184650361,0.1610169491525423,0.0,0.0137931034482758,0.095409227915604,0.6,0.1117241379310344,2.3823529411764706,0.0082758620689655,25.441775974064072,0.0259993930102799,0.0302447776496219,-23.31592689295039,1501000000.0,2376000000.0,-2731000000.0,6009000000.0,802500000.0,710500000.0,763000000.0,49.90344827586207,55.90271281571562,62.63797942001871,1.803482587064677,1.6099397590361446,1.4368279569892473,0.082488640335547,1.0574412532637076,2015-04-16,1.31,amc,1104360465.0,2025-04-16,2015-03-31,0.3129770992366411,56.6027868852459,986363.1475409836
2014-12-31,CE,USD,1306830,2015-02-06,2015-02-06 17:19:30,2014,Q4,1559000000.0,1165000000.0,394000000.0,0.2527261065,18000000,0.0,0.0,417000000.0,-9000000.0,439000000.0,1604000000.0,2000000.0,0.0,4000000.0,-22000000.0,-0.01411161,-54000000.0,-0.0346375882,23000000.0,-31000000.0,-0.0198845414,52000000.0,-84000000.0,-0.0538806928,-0.55,-0.55,153400000,153400000,https://www.sec.gov/Archives/edgar/data/1306830/000130683015000022/0001306830-15-000022-index.htm,https://www.sec.gov/Archives/edgar/data/1306830/000130683015000022/ce-20141231x10k.htm,10.16297262059974,-0.5475880052151239,1.0821382007822686,-0.3129074315514993,5.29335071707953,20.065189048239898,14.322033898305085,18.370273794002607,17.89439374185137,9197864000.0,11162864000.0,-27.37459523809524,5.8998486209108405,55.40881927710844,-191.62216666666663,3.2639687721788504,3.2639687721788504,7.160271969211033,-507.4029090909091,67.2461686746988,-232.55966666666663,-0.0091325551236678,-0.0052186029278101,0.9740951029098652,0.3112950782490361,-89.31818181818181,2.01644245142003,0.0,-1.952941176470588,0.0041313939845164,-0.4523809523809524,0.0,0.0115458627325208,0.0999092764799274,1.289156626506024,0.1372674791533034,2.9722222222222223,0.0128287363694676,,-0.018981310904725,-0.0105833438326823,-25.660039113428944,1360000000.0,2197000000.0,-3042000000.0,5974000000.0,908500000.0,786500000.0,776500000.0,46.24118024374599,58.48068669527897,60.412017167381975,1.9463171036204745,1.5389696169088507,1.489769820971867,-0.0298083747338537,1.395045632333768,2015-01-22,1.19,amc,1449382812.0,2025-04-16,2014-12-31,0.0756302521008404,58.4621875,962545.5625
2014-09-30,CE,USD,1306830,2014-10-21,2014-10-21 17:20:49,2014,Q3,1769000000.0,1333000000.0,436000000.0,0.2464669305,22000000,0.0,0.0,118000000.0,-1000000.0,145000000.0,1478000000.0,3000000.0,41000000.0,75000000.0,463000000.0,0.2617297908,310000000.0,0.1752402487,37000000.0,347000000.0,0.1961560204,90000000.0,253000000.0,0.1430186546,1.64,1.63,154427554,155174528,https://www.sec.gov/Archives/edgar/data/1306830/000130683014000153/0001306830-14-000153-index.htm,https://www.sec.gov/Archives/edgar/data/1306830/000130683014000153/ce-2014930x10q.htm,11.455209605923049,1.638308666081702,2.454225234960336,1.2173993249935178,10.011166789574352,20.300781297099352,14.556987673326743,19.06395538713253,22.30819507767377,9037100460.08,10931100460.08,8.929941166086957,5.108592685178067,23.844592242955144,48.06968329829788,3.0696672758423915,3.0696672758423915,6.179254075794234,23.609288250712744,28.841953720527705,58.14415138340426,0.0279957051620249,0.0208031326895679,1.15625,0.3505664263645726,4.090712742980561,1.6843307446322522,7.560975609756097,1.503968253968254,0.0043155434834742,0.1541501976284585,0.0,0.0124364047484454,0.0913491246138002,0.503957783641161,0.1079706048615036,2.546666666666667,0.005087620124364,26.509139456270905,0.0277089719752285,0.0286750538365635,-25.13476319128904,1498000000.0,2248000000.0,-2888000000.0,6003000000.0,1030500000.0,827500000.0,793500000.0,51.69022046353872,55.09377344336084,52.05551387846961,1.7411417322834646,1.633578431372549,1.728923476005188,0.0859375,1.2368259099668184,2014-10-20,1.43,amc,1571223602.0,2025-04-16,2014-09-30,0.125874125874126,61.57046875,978183.59375
2014-06-30,CE,USD,1306830,2014-07-18,2014-07-18 16:20:58,2014,Q2,1769000000.0,1361000000.0,408000000.0,0.230638779,24000000,0.0,0.0,119000000.0,4000000.0,148000000.0,1509000000.0,2000000.0,40000000.0,75000000.0,467000000.0,0.2639909553,259000000.0,0.1464104014,93000000.0,352000000.0,0.198982476,94000000.0,259000000.0,0.1464104014,1.66,1.66,155751779,156054232,https://www.sec.gov/Archives/edgar/data/1306830/000130683014000099/0001306830-14-000099-index.htm,https://www.sec.gov/Archives/edgar/data/1306830/000130683014000099/ce-2014630x10q.htm,11.357815694676592,1.6629023543930117,1.6243795199283084,0.82182046858033,7.081781069094562,19.90988494584065,13.913163714168554,18.972495973866213,19.762214080392624,10011724354.12,11985724354.12,9.663826596640927,5.659538922622951,39.57203302023716,78.2165965165625,3.388062387181049,3.388062387181049,6.775423603233466,25.665362642655246,47.374404561739134,93.6384715165625,0.0258696694834009,0.012785010401063,1.028087986463621,0.3255116254151934,4.226980728051392,2.1639662994167206,6.475,0.9806201550387597,0.0038954328565738,0.1505791505791505,0.0,0.0135669869983041,0.100075002678667,0.4940711462450592,0.0706613906161673,1.6666666666666667,0.005087620124364,26.643229628410595,0.023884653657867,0.0308370044052863,-25.279004999358627,1796000000.0,2167000000.0,-2893000000.0,6307000000.0,1015500000.0,814500000.0,816000000.0,53.165630299604295,55.481263776634826,53.960323291697286,1.692822966507177,1.6221692491060786,1.6678921568627452,0.087648054145516,0.8025590513479786,2014-07-17,1.24,amc,1492217687.0,2025-04-16,2014-06-30,0.1854838709677419,60.67555555555556,967358.126984127
2014-03-31,CE,USD,1306830,2014-04-22,2014-04-22 17:05:02,2014,Q1,1705000000.0,1327000000.0,378000000.0,0.2217008798,22000000,0.0,0.0,104000000.0,-1000000.0,132000000.0,1459000000.0,0.0,39000000.0,6000000.0,291000000.0,0.1706744868,243000000.0,0.1425219941,30000000.0,273000000.0,0.1601173021,78000000.0,196000000.0,0.1149560117,1.25,1.25,156500000,156800000,https://www.sec.gov/Archives/edgar/data/1306830/000130683014000047/0001306830-14-000047-index.htm,https://www.sec.gov/Archives/edgar/data/1306830/000130683014000047/ce-2014331x10q.htm,10.894568690095848,1.2523961661341854,1.047923322683706,0.1022364217252396,6.651757188498403,18.65814696485623,12.63258785942492,17.968051118210862,19.661341853035143,8687315000.0,10727315000.0,11.080758928571427,5.095199413489736,52.97143292682927,542.9571875,3.089372332859175,3.089372332859175,6.291680351906158,36.86362542955327,65.41045731707317,670.4571875,0.0225616315282685,0.0018417658390423,1.0803698435277382,0.3327856282177675,7.010309278350515,2.149668874172185,6.230769230769231,0.841025641025641,0.003223090218324,0.1428571428571428,0.0,0.0129032258064516,0.1032971847957059,0.902439024390244,0.0868035190615835,1.947368421052632,0.0046920821114369,22.50155911265668,0.0223214285714285,0.0239433178597605,-25.690095846645367,1736000000.0,1977000000.0,-2963000000.0,6198000000.0,1098000000.0,794500000.0,810000000.0,52.04692082111437,53.57950263752826,55.34287867370008,1.72920892494929,1.679746835443038,1.6262254901960784,0.069701280227596,0.9456869009584664,2014-04-21,1.21,amc,1551165413.0,2025-04-16,2014-03-31,0.0991735537190083,53.274098360655735,1154652.3606557378
2013-12-31,CE,USD,1306830,2014-02-07,2014-02-07 17:15:23,2013,Q4,1616000000.0,1249000000.0,367000000.0,0.2271039604,12000000,0.0,0.0,-5000000.0,-148000000.0,13000000.0,1262000000.0,0.0,42000000.0,6000000.0,1078000000.0,0.6670792079,944000000.0,0.5841584158,11000000.0,955000000.0,0.5909653465,299000000.0,654000000.0,0.4047029703,4.16,4.15,157400000,157700000,https://www.sec.gov/Archives/edgar/data/1306830/000130683014000011/0001306830-14-000011-index.htm,https://www.sec.gov/Archives/edgar/data/1306830/000130683014000011/ce-20131231x10k.htm,10.266836086404066,4.155019059720457,0.9783989834815756,0.2668360864040661,6.512071156289708,17.147395171537482,11.175349428208389,17.147395171537482,19.73316391359593,8705794000.0,10785794000.0,3.327902905198777,5.387248762376237,56.531129870129874,207.28080952380952,3.2255628010374218,3.2255628010374218,6.674377475247525,10.005374768089052,70.03762337662337,256.80461904761904,0.0751223840123026,0.0048243732851937,1.1352352723230823,0.339764914615214,1.929499072356215,2.0595469255663432,22.47619047619047,0.2354740061162079,0.0032162488567958,0.0428134556574923,0.0,0.0074257425742574,0.1042359724994455,0.7272727272727273,0.0693069306930693,1.382716049382716,0.0037128712871287,40.03841230183432,0.0847639188310577,0.0809606338202525,-25.31448538754765,1637000000.0,1759000000.0,-3137000000.0,6002000000.0,1079500000.0,769000000.0,778500000.0,67.38861386138613,57.57405924739792,57.93434747798239,1.3355371900826447,1.563204005006258,1.553482587064677,0.2423119673953316,0.7115628970775095,2014-01-23,1.02,amc,1569384615.0,2025-04-16,2013-12-31,0.0196078431372549,55.43484375,902690.15625
2013-09-30,CE,USD,1306830,2013-10-21,2013-10-21 16:59:14,2013,Q3,1636000000.0,1290000000.0,346000000.0,0.2114914425,24000000,0.0,0.0,97000000.0,-2000000.0,127000000.0,1417000000.0,21000000.0,0.0,80000000.0,351000000.0,0.2145476773,211000000.0,0.1289731051,17000000.0,228000000.0,0.1393643032,57000000.0,172000000.0,0.1051344743,1.09,1.08,158501075,159095531,https://www.sec.gov/Archives/edgar/data/1306830/000130683013000130/0001306830-13-000130-index.htm,https://www.sec.gov/Archives/edgar/data/1306830/000130683013000130/ce-2013930x10q.htm,10.321696556316732,1.0851661416176517,1.4637124700889252,0.76971086789159,7.217616662852286,13.148175808902243,7.255471295699414,13.148175808902243,19.520372338168684,8367271749.25,10361271749.25,12.161732193677324,5.114469284382641,36.06582650538793,68.5841946659836,4.015005637835892,4.015005637835892,6.333295690250611,29.51929273290598,44.66065409159483,84.92845696106558,0.0205562822810693,0.0145806188272701,1.4846449136276392,0.3252733389402859,5.680911680911681,2.02128991859737,0.0,1.3488372093023255,0.0034658848032035,0.1686046511627907,0.0,0.0146699266503667,0.0981917577796467,0.4741379310344827,0.0672371638141809,1.375,0.0,17.917281944167264,0.0194434205676373,0.0200512940079272,-32.78053476924368,1631000000.0,1150000000.0,-4200000000.0,5956000000.0,939000000.0,727500000.0,745500000.0,52.20660146699267,51.55813953488372,52.53488372093023,1.7239199157007377,1.7456021650879567,1.7131474103585658,0.0825335892514395,0.6940016021973353,2013-10-18,1.15,amc,1567833333.0,2025-04-16,2013-09-30,0.0434782608695652,48.979375,977674.75
2013-06-30,CE,USD,1306830,2013-07-19,2013-07-19 16:42:39,2013,Q2,1653000000.0,1334000000.0,319000000.0,0.1929824561,23000000,0.0,0.0,113000000.0,1000000.0,145000000.0,1479000000.0,1000000.0,44000000.0,9000000.0,252000000.0,0.1524500907,169000000.0,0.1022383545,39000000.0,208000000.0,0.1258318209,75000000.0,133000000.0,0.0804597701,0.83,0.83,159700000,160100000,https://www.sec.gov/Archives/edgar/data/1306830/000130683013000095/0001306830-13-000095-index.htm,https://www.sec.gov/Archives/edgar/data/1306830/000130683013000095/ce-2013630x10q.htm,10.350657482780212,0.8328115216030056,1.4339386349405134,0.9455228553537884,7.213525360050093,12.42955541640576,6.643706950532248,12.42955541640576,19.586725109580463,7251976999.999999,9228977000.0,13.631535714285713,4.3871609195402295,31.668021834061133,48.02633774834437,3.6533889168765743,3.6533889168765743,5.583168179068361,36.6229246031746,40.3012096069869,61.11905298013245,0.0183398265052412,0.0208219082879054,1.5536523929471031,0.3308302939283415,7.845238095238095,2.0595854922279795,3.840909090909091,1.7218045112781954,0.0019305080531832,0.1052631578947368,0.0,0.013914095583787,0.0991203604376743,0.3406113537117904,0.0471869328493647,1.0,0.0,15.261331251947832,0.0135044363909022,0.0158371040723981,-32.0554164057608,1636000000.0,1061000000.0,-4157000000.0,5885000000.0,922500000.0,687500000.0,748000000.0,50.58076225045371,48.30584707646177,49.79010494752624,1.7793326157158236,1.863128491620112,1.8075880758807588,0.0670025188916876,0.4884157795867251,2013-07-18,1.16,amc,1712035714.0,2025-04-16,2013-06-30,-0.0344827586206894,47.02515625,1193098.75
2013-03-31,CE,USD,1306830,2013-04-19,2013-04-19 16:46:20,2013,Q1,1605000000.0,1272000000.0,333000000.0,0.2074766355,26000000,0.0,0.0,106000000.0,-5000000.0,143000000.0,1415000000.0,0.0,43000000.0,11000000.0,250000000.0,0.1557632399,184000000.0,0.1146417445,34000000.0,218000000.0,0.1358255452,77000000.0,142000000.0,0.0884735202,0.89,0.89,159700000,160200000,https://www.sec.gov/Archives/edgar/data/1306830/000130683013000048/0001306830-13-000048-index.htm,https://www.sec.gov/Archives/edgar/data/1306830/000130683013000048/ce-2013331x10q.htm,10.050093926111458,0.889167188478397,0.9204758922980588,0.4383218534752661,6.430807764558547,11.490294301815904,5.748278021289918,11.490294301815904,19.49906073888541,6870294000.000001,8963294000.0,12.095588028169017,4.280557009345795,46.73669387755103,98.14705714285716,3.744029427792916,3.744029427792916,5.584606853582555,35.853176,60.97478911564626,128.04705714285714,0.0206686933630496,0.0101887925029118,1.6735694822888283,0.3386634318482576,8.372,2.210214655810511,4.27906976744186,1.0352112676056338,0.0017466501433563,0.0845070422535211,0.0,0.0161993769470405,0.1011248345831495,0.5238095238095238,0.0479750778816199,0.9625,0.0,15.161722701610705,0.0152010696528198,0.0174211753159121,-32.1853475266124,1635000000.0,918000000.0,-4247000000.0,5838000000.0,871500000.0,654000000.0,734500000.0,51.36448598130841,46.62735849056604,53.63207547169811,1.752183406113537,1.930197268588771,1.6781002638522426,0.0773841961852861,0.4821540388227927,2013-04-18,0.79,amc,1112236842.0,2025-04-16,2013-03-31,0.4430379746835441,46.82733333333333,1279362.55
2012-12-31,CE,USD,1306830,2013-02-08,2013-02-08 17:22:53,2012,Q4,1501000000.0,1234000000.0,267000000.0,0.1778814124,26000000,0.0,0.0,128000000.0,-12000000.0,167000000.0,1401000000.0,1000000.0,51000000.0,13000000.0,248000000.0,0.1652231845,86000000.0,0.0572951366,27000000.0,113000000.0,0.0752831446,16000000.0,95000000.0,0.0632911392,0.6,0.59,159500000,160200000,https://www.sec.gov/Archives/edgar/data/1306830/000130683013000007/0001306830-13-000007-index.htm,https://www.sec.gov/Archives/edgar/data/1306830/000130683013000007/ce-20121231x10k.htm,9.410658307210031,0.5956112852664577,0.3824451410658307,-1.9184952978056429,6.344827586206897,10.846394984326018,4.940438871473354,10.846394984326018,19.74294670846395,7102535000.0,9241535000.0,18.69088157894737,4.731868754163891,116.435,-23.210898692810456,4.105511560693642,4.105511560693642,6.156918720852765,37.26425403225807,151.5005737704918,-30.20109477124183,0.0133755060693118,-0.0430832090232571,1.7907514450867053,0.3382834680061148,8.625,2.2611275964391693,1.6862745098039216,0.6421052631578947,0.0016895376087551,0.1263157894736842,0.0,0.0173217854763491,0.1028608866564752,6.016393442622951,0.2445036642238507,1.146875,0.0,12.05633830336752,0.0092533227437399,0.0115628042843232,-34.108150470219435,1700000000.0,788000000.0,-4380000000.0,5992000000.0,879500000.0,667000000.0,711000000.0,49.586942038640906,47.33387358184765,51.85575364667747,1.814993954050786,1.901386748844376,1.7355836849507735,0.0549132947976878,2.300940438871473,2013-01-28,0.63,amc,1411388059.0,2025-04-16,2012-12-31,0.0634920634920635,39.90274193548387,1404922.338709677
2012-09-30,CE,USD,1306830,2012-10-23,2012-10-23 17:18:49,2012,Q3,1609000000.0,1285000000.0,324000000.0,0.2013673089,24000000,0.0,0.0,121000000.0,3000000.0,155000000.0,1440000000.0,0.0,44000000.0,12000000.0,231000000.0,0.1435674332,163000000.0,0.1013051585,-3000000.0,173000000.0,0.1075201989,54000000.0,127000000.0,0.0789310131,0.74,0.73,159100000,160100000,https://www.sec.gov/Archives/edgar/data/1306830/000130683012000174/0001306830-12-000174-index.htm,https://www.sec.gov/Archives/edgar/data/1306830/000130683012000174/ce-2012930x10q.htm,10.11313639220616,0.798240100565682,1.627906976744186,1.5776241357636709,6.184789440603394,12.036455059710873,6.1156505342551855,12.036455059710873,19.00691389063482,6001252000.0,8053252000.0,11.813488188976375,3.7298023617153513,23.17085714285714,23.909370517928288,3.1338130548302874,3.1338130548302874,5.005128651336234,34.86256277056277,31.093637065637065,32.08466932270916,0.0211622508103309,0.0418246059322288,1.556135770234987,0.3324037925264919,8.883116883116884,2.127598566308244,3.704545454545455,2.213675213675214,0.001999582753732,0.0944881889763779,0.0,0.0149160969546302,0.1050752928053541,0.0308880308880308,0.00497203231821,0.0987654320987654,0.0,14.703046442477598,0.0145404470604638,0.01582949021563,-31.499057196731616,1573000000.0,973000000.0,-4082000000.0,5810000000.0,944500000.0,686500000.0,718500000.0,52.13175885643257,47.976653696498055,49.797665369649806,1.7263948497854078,1.875912408759124,1.8073136427566807,0.0663185378590078,0.0502828409805154,2012-10-22,0.9,amc,1557096774.0,2025-04-16,2012-09-30,0.0333333333333333,38.275238095238095,1845899.365079365
2012-06-30,CE,USD,1306830,2012-07-25,2012-07-25 16:50:13,2012,Q2,1675000000.0,1344000000.0,331000000.0,0.1976119403,26000000,0.0,0.0,124000000.0,-1000000.0,166000000.0,1510000000.0,0.0,45000000.0,13000000.0,240000000.0,0.1432835821,164000000.0,0.0979104478,86000000.0,264000000.0,0.1576119403,54000000.0,221000000.0,0.1319402985,1.33,1.31,158100000,159700000,https://www.sec.gov/Archives/edgar/data/1306830/000130683012000106/0001306830-12-000106-index.htm,https://www.sec.gov/Archives/edgar/data/1306830/000130683012000106/ce-2012630x10q.htm,10.594560404807083,1.3978494623655917,1.1827956989247312,1.0942441492726125,5.439595192915876,11.239721695129663,5.294117647058823,11.239721695129663,19.10815939278937,5473422000.0,7649422000.0,6.191653846153845,3.267714626865672,29.26963636363636,31.6382774566474,3.080147439504783,3.080147439504783,4.566819104477612,31.87259166666667,40.906,44.21631213872833,0.0403769342104445,0.0316072833412077,1.674732695554305,0.3389907734366101,9.066666666666666,2.138805970149254,3.644444444444445,0.8904761904761904,0.0016443095379819,0.0407239819004524,0.0,0.0155223880597014,0.1070736985989292,0.0748663101604278,0.0083582089552238,0.1794871794871795,0.0,18.801791826717132,0.0172330971538369,0.0281923714759535,-32.01296647691335,1526000000.0,837000000.0,-4136000000.0,5731000000.0,942500000.0,723000000.0,739500000.0,51.42089552238806,46.07142857142857,48.61607142857142,1.7502612330198537,1.9534883720930232,1.851239669421488,0.1243669105233539,0.0885515496521189,2012-07-23,1.4,amc,1595238095.0,2025-04-16,2012-06-30,0.05,42.28793650793651,1909072.8412698407
2012-03-31,CE,USD,1306830,2012-04-24,2012-04-24 17:24:08,2012,Q1,1633000000.0,1363000000.0,270000000.0,0.1653398653,26000000,0.0,0.0,134000000.0,2000000.0,173000000.0,1536000000.0,1000000.0,45000000.0,77000000.0,242000000.0,0.1481935089,98000000.0,0.0600122474,9000000.0,107000000.0,0.0655235762,-76000000.0,193000000.0,0.1181873852,1.23,1.21,156576896,159115232,https://www.sec.gov/Archives/edgar/data/1306830/000130683012000055/0001306830-12-000055-index.htm,https://www.sec.gov/Archives/edgar/data/1306830/000130683012000055/ce-2012331x10q.htm,10.429380334631237,1.2326211908045488,1.373127233279679,1.2390078290988729,5.045444252516029,9.84180961155342,3.5509708916441927,9.84180961155342,19.63891275504657,7230721057.28,9533721057.28,9.36621898611399,4.427875723992652,33.63126073153489,37.27175802721649,4.69222651348475,4.69222651348475,5.83816353783221,39.39554155900826,44.34288863851162,49.14289204783505,0.0266916671893579,0.0268299659830851,1.966255678131084,0.3434206052363142,9.516528925619834,1.915023793337865,2.1777777777777776,1.174863387978142,0.0013829879372724,0.0518134715025906,0.0,0.0159216166564605,0.1116400317352374,0.0976744186046511,0.0128597672994488,0.2727272727272727,0.0,16.521274750120046,0.0223268251812327,0.0246236284766522,-34.61238623608939,1346000000.0,556000000.0,-4465000000.0,5660000000.0,899500000.0,715500000.0,732500000.0,51.14513165952235,50.05135730007337,49.721203228173145,1.759698275862069,1.7981530343007917,1.8100929614873835,0.1252433484750162,0.1341194041808058,2012-04-24,0.77,bmo,1746402777.0,2025-04-16,2012-03-31,-0.0649350649350649,47.80596774193548,1582970.5
2011-12-31,CE,USD,1306830,2012-02-10,2012-02-10 16:58:50,2011,Q4,1614000000.0,1342000000.0,272000000.0,0.1685254027,24000000,0.0,0.0,128000000.0,0.0,173000000.0,1515000000.0,1000000.0,55000000.0,80000000.0,229000000.0,0.1418835192,97000000.0,0.0600991326,-3000000.0,94000000.0,0.0582403965,-2000000.0,95000000.0,0.0588599752,0.61,0.61,156462158,156542424,https://www.sec.gov/Archives/edgar/data/1306830/000130683012000015/0001306830-12-000015-index.htm,https://www.sec.gov/Archives/edgar/data/1306830/000130683012000015/ce-20111231x10k.htm,10.315593371785145,0.6071755702104019,1.0034375212950852,0.8116978675444321,4.767926056599578,8.5707625226542,2.454267568008361,8.5707625226542,19.63414054406689,6926579734.660001,9261579734.66,18.227841407000003,4.291561173890955,44.118342258980896,54.53999791070867,5.165234701461596,5.165234701461596,5.73827740685254,40.44357962733624,58.99095372394904,72.9258246823622,0.013715282814782,0.0183351675523928,2.249813571961223,0.3541911246771542,10.19650655021834,1.951624548736462,1.7636363636363637,1.6526315789473685,0.001299342582453,0.0947368421052631,0.0,0.0148698884758364,0.1123503169758159,0.1910828025477707,0.0185873605947955,0.0964630225080385,0.0,10.82076921901518,0.0136132787944529,0.0125644755984658,-34.65214892408681,1318000000.0,384000000.0,-4474000000.0,5544000000.0,924500000.0,693000000.0,744500000.0,48.56877323420075,45.13412816691505,47.74962742175857,1.8530424799081515,1.9940564635958395,1.8848314606741576,0.0708426547352721,0.1917396537506532,2012-01-31,0.62,bmo,1725310344.0,2025-04-16,2011-12-31,-0.0645161290322581,41.81206349206349,2028049.365079365
2011-09-30,CE,USD,1306830,2011-10-26,2011-10-26 08:47:09,2011,Q3,1807000000.0,1406000000.0,401000000.0,0.2219147759,24000000,0.0,0.0,140000000.0,0.0,205000000.0,1611000000.0,1000000.0,54000000.0,17000000.0,271000000.0,0.1499723298,196000000.0,0.1084670725,5000000.0,201000000.0,0.1112340897,34000000.0,167000000.0,0.092418373,1.07,1.05,156200000,159000000,https://www.sec.gov/Archives/edgar/data/1306830/000130683011000080/0001306830-11-000080-index.htm,https://www.sec.gov/Archives/edgar/data/1306830/000130683011000080/ce-2011930x10q.htm,11.568501920614596,1.0691421254801536,1.056338028169014,0.6722151088348272,4.916773367477592,9.321382842509603,2.9641485275288093,9.321382842509603,19.897567221510883,5081186000.0,7431186000.0,7.606565868263473,2.811945766463752,30.79506666666667,48.392247619047616,3.4898255494505497,3.4898255494505497,4.112443829551744,27.421350553505533,45.037490909090906,70.7732,0.0328663426215848,0.0206644669177629,2.0975274725274726,0.3505912065204913,8.671586715867159,1.796652200867948,3.6296296296296298,0.9880239520958084,0.0017712400215225,0.0538922155688622,0.0,0.0132816823464305,0.1139938009413385,0.3636363636363636,0.0332042058660763,0.0,0.0,14.974390436833696,0.0224336370222177,0.0216377299818605,-34.34699103713188,1285000000.0,463000000.0,-4357000000.0,5511000000.0,1002500000.0,749500000.0,778000000.0,48.71057000553404,45.640113798008535,49.73684210526316,1.8476482617586911,1.9719495091164096,1.809523809523809,0.1146978021978021,0.3841229193341869,2011-10-25,1.09,bmo,1550889763.0,2025-04-16,2011-09-30,0.165137614678899,46.1140625,2420912.53125
2011-06-30,CE,USD,1306830,2011-07-22,2011-07-22 16:41:15,2011,Q2,1753000000.0,1343000000.0,410000000.0,0.233884769,25000000,0.0,0.0,140000000.0,0.0,201000000.0,1544000000.0,0.0,57000000.0,17000000.0,272000000.0,0.1551625784,209000000.0,0.1192241871,71000000.0,280000000.0,0.1597261837,75000000.0,203000000.0,0.1158014832,1.3,1.28,156300000,159200000,https://www.sec.gov/Archives/edgar/data/1306830/000130683011000059/0001306830-11-000059-index.htm,https://www.sec.gov/Archives/edgar/data/1306830/000130683011000059/ce-2011630x10q.htm,11.215611004478568,1.2987843889955215,1.1772232885476648,0.7933461292386437,5.188739603326935,8.784388995521432,2.060140754958413,8.784388995521432,19.86564299424184,8332353000.0,10639353000.0,10.261518472906404,4.75319623502567,45.28452717391304,67.19639516129033,6.0687203204661335,6.0687203204661335,6.069225898459783,39.115268382352944,57.82257065217392,85.80123387096774,0.0243628660475618,0.014881750689151,2.219956300072833,0.3417423477968382,8.481617647058824,1.836684948202316,3.6666666666666665,0.9064039408866996,0.0009601129476871,0.0394088669950738,0.0,0.0142612664004563,0.117838322681915,0.3260869565217391,0.0342270393610952,0.0,0.0,16.02195724999177,0.0205862850992677,0.0258007117437722,-35.670185540627,1373000000.0,322000000.0,-4532000000.0,5697000000.0,988500000.0,763000000.0,733500000.0,52.72675413576726,52.67311988086374,52.20402084884587,1.7069133398247325,1.708651399491094,1.72400513478819,0.1478514202476329,0.3838771593090211,2011-07-21,1.45,bmo,1531234939.0,2025-04-16,2011-06-30,0.1448275862068965,48.62238095238095,2025985.8412698407
2011-03-31,CE,USD,1306830,2011-04-26,2011-04-26 16:41:15,2011,Q1,1589000000.0,1238000000.0,351000000.0,0.2208936438,23000000,0.0,0.0,128000000.0,0.0,167000000.0,1405000000.0,1000000.0,55000000.0,75000000.0,310000000.0,0.1950912524,188000000.0,0.1183134047,-8000000.0,180000000.0,0.1132787917,42000000.0,142000000.0,0.0893643801,0.91,0.9,155966259,158666687,https://www.sec.gov/Archives/edgar/data/1306830/000095012311039316/0000950123-11-039316-index.htm,https://www.sec.gov/Archives/edgar/data/1306830/000095012311039316/d81282e10vq.htm,10.188101004589717,0.910453330806633,0.846336899059687,0.5001081676261787,5.1036679670569,7.283626646453064,0.5129314539755678,7.283626646453064,21.0109546834742,6920222911.83,9420222911.83,12.183491041954223,4.355080498319698,52.42593115022727,88.72080656192307,6.091745520977112,6.091745520977112,5.928397049609817,30.387815844612906,71.36532508962121,120.77208861320511,0.0205195702232732,0.0112713132212345,2.836267605633803,0.3736951983298539,8.064516129032258,1.770807453416149,3.418181818181818,0.9295774647887324,0.0011560321252548,0.056338028169014,0.0,0.0144745122718691,0.1224773834377174,0.4090909090909091,0.0339836375078665,0.72,0.0,12.21501322814841,0.0199326971834232,0.0187681734073486,-36.11999182464202,1241000000.0,80000000.0,-4635000000.0,5450000000.0,888500000.0,706500000.0,649000000.0,53.80742605412209,53.79644588045234,50.01615508885299,1.6726315789473685,1.672972972972973,1.7994186046511629,0.125,0.3462287314335083,2011-04-26,0.82,bmo,1357270833.0,2025-04-16,2011-03-31,0.1707317073170731,42.0141935483871,1526621.5483870967
2010-12-31,CE,USD,1306830,2011-02-11,2011-02-11 16:57:35,2010,Q4,1507000000.0,1194000000.0,313000000.0,0.2076974121,14000000,0.0,0.0,136000000.0,0.0,207000000.0,1401000000.0,5000000.0,58000000.0,74000000.0,262000000.0,0.1738553417,140000000.0,0.0928998009,-10000000.0,130000000.0,0.0862641009,27000000.0,58000000.0,0.0384870604,0.37,0.37,155737184,155966259,https://www.sec.gov/Archives/edgar/data/1306830/000095012311012862/0000950123-11-012862-index.htm,https://www.sec.gov/Archives/edgar/data/1306830/000095012311012862/d77691e10vk.htm,9.676558682350388,0.3724222983253633,0.5714755957061609,0.5714755957061609,5.252438621209435,5.945914624987697,-0.6421074109057988,5.945914624987697,21.03543878127397,6411699865.280001,8889699865.28,27.636637350344827,4.254611722149967,72.04157152,72.04157152,6.924081927948165,6.924081927948165,5.898938198593232,33.93015215755725,99.8842681492135,99.8842681492135,0.0090459630392364,0.0138808743188282,3.475161987041037,0.3886004105784325,9.458015267175572,1.7302204928664071,2.413793103448276,1.5344827586206895,0.0012477190398946,0.1379310344827586,0.0,0.0092899800928998,0.1238980799420359,0.0,0.0,0.0,0.0,7.058597720609735,0.0159212109836481,0.0079944865609924,-36.03346263150617,1126000000.0,-100000000.0,-4687000000.0,5169000000.0,862000000.0,656500000.0,594000000.0,49.38951559389516,50.72864321608041,45.97989949748744,1.8222490931076176,1.7741456166419018,1.957377049180328,0.0626349892008639,0.0,2011-02-01,0.68,bmo,1403780821.0,2025-04-16,2010-12-31,0.0735294117647057,37.00890625,1348731.9375
2010-09-30,CE,USD,1306830,2010-10-26,2010-10-26 16:41:56,2010,Q3,1506000000.0,1160000000.0,346000000.0,0.229747676,19000000,0.0,0.0,123000000.0,0.0,157000000.0,1317000000.0,0.0,48000000.0,67000000.0,306000000.0,0.203187251,221000000.0,0.1467463479,-30000000.0,191000000.0,0.1268260292,44000000.0,145000000.0,0.0962815405,0.93,0.92,155859508,157883548,https://www.sec.gov/Archives/edgar/data/1306830/000095012310096146/0000950123-10-096146-index.htm,https://www.sec.gov/Archives/edgar/data/1306830/000095012310096146/d77057e10vq.htm,9.662548145603026,0.93032502065899,0.9239089860337556,0.4876186315178153,5.68460667795769,5.883503751339957,-0.8918288129075834,5.883503751339957,21.294818921153016,5003090206.8,7390090206.8,8.626017597931035,3.322105050996016,34.74368199166667,65.8301343,5.455932613740458,5.455932613740458,4.907098410889774,24.15062159084967,51.32007088055556,97.23802903684212,0.0289820878709965,0.0151906115737637,3.5670665212649943,0.389683106981177,7.800653594771242,1.6902871105681123,4.604166666666667,0.993103448275862,0.0015990117446067,0.0551724137931034,0.0,0.0126162018592297,0.1258041458184417,0.4722222222222222,0.0451527224435591,0.0,0.0,11.097537648180486,0.0242361078990598,0.0197601526301444,-36.11746291410082,1130000000.0,-139000000.0,-4710000000.0,5070000000.0,879500000.0,623500000.0,550000000.0,53.60557768924303,49.6551724137931,44.8448275862069,1.6789297658862876,1.8125,2.0069204152249136,0.1581243184296619,0.43629035451594,2010-10-26,0.74,bmo,1266409090.0,2025-04-16,2010-09-30,0.1891891891891892,28.32875,1551016.3125
2010-06-30,CE,USD,1306830,2010-07-29,2010-07-29 16:46:51,2010,Q2,1517000000.0,1214000000.0,303000000.0,0.1997363217,18000000,0.0,0.0,123000000.0,0.0,147000000.0,1361000000.0,1000000.0,49000000.0,15000000.0,217000000.0,0.1430454845,156000000.0,0.1028345419,68000000.0,224000000.0,0.147659855,61000000.0,160000000.0,0.105471325,1.02,1.01,156300000,158400000,https://www.sec.gov/Archives/edgar/data/1306830/000095012310069853/0000950123-10-069853-index.htm,https://www.sec.gov/Archives/edgar/data/1306830/000095012310069853/d74141e10vq.htm,9.705694177863084,1.0236724248240563,1.0492642354446575,0.6269993602047345,6.928982725527831,4.408189379398593,-2.021753039027512,4.408189379398593,22.239283429302624,3893433000.0,6239433000.0,6.0834890625,2.56653460777851,23.74044512195122,39.72890816326531,5.650846153846153,5.650846153846153,4.113007910349374,28.753147465437788,38.045323170731706,63.66768367346939,0.0410948384112427,0.0251705885268861,4.973875181422351,0.4228254164096237,10.8110599078341,1.8688741721854305,3.183673469387755,1.051282051282051,0.0015410564404216,0.0375,0.0,0.011865524060646,0.1239975323874151,0.4024390243902439,0.043506921555702,0.0,0.0,10.076318424880377,0.0165477925864223,0.0225352112676056,-34.71209213051824,1312000000.0,-316000000.0,-4594000000.0,4993000000.0,831500000.0,616500000.0,533500000.0,51.14040870138431,45.0,38.69851729818781,1.759860788863109,2.0,2.3256704980842917,0.2322206095791001,0.4222648752399232,2010-07-29,1.05,bmo,1422187500.0,2025-04-16,2010-06-30,0.0666666666666667,29.785396825396827,1845904.253968254
2010-03-31,CE,USD,1306830,2010-04-27,2010-04-27 17:20:10,2010,Q1,1388000000.0,1170000000.0,218000000.0,0.1570605187,19000000,0.0,0.0,123000000.0,0.0,157000000.0,1327000000.0,1000000.0,49000000.0,93000000.0,135000000.0,0.0972622478,-14000000.0,-0.0100864553,7000000.0,-3000000.0,-0.0021613833,-20000000.0,18000000.0,0.0129682997,0.12,0.12,150272227,152642371,https://www.sec.gov/Archives/edgar/data/1306830/000095012310038910/0000950123-10-038910-index.htm,https://www.sec.gov/Archives/edgar/data/1306830/000095012310038910/d72378e10vq.htm,9.236570374377962,0.1197826129242098,0.3660024283795302,-0.1996376882070164,7.606195920687327,3.819734434360915,-3.0411474503535505,3.819734434360915,23.557247208427945,4786170429.95,7138170429.95,66.47458930486111,3.4482495893011524,87.02128054454546,-159.53901433166666,8.338276010365854,8.338276010365854,5.142774084978386,52.87533651814815,129.78491690818183,-237.93901433166667,0.0037608355706188,-0.0062680592843647,6.081881533101045,0.4256278956352109,17.42222222222222,1.8512987012987008,-0.2857142857142857,3.055555555555556,0.0018804177853094,0.5,0.0,0.0136887608069164,0.12570104852475,1.5454545454545454,0.0612391930835734,0.913978494623656,0.0,3.208519885016673,0.0114643545279383,0.0025101101659461,-37.34389322652415,1311000000.0,-457000000.0,-4777000000.0,5065000000.0,761000000.0,637500000.0,533500000.0,51.93804034582133,48.15384615384615,41.92307692307692,1.7328339575530587,1.8690095846645367,2.146788990825688,0.0313588850174216,0.5656401165865467,2010-04-27,0.59,bmo,1222268656.0,2025-04-16,2010-03-31,0.1355932203389832,31.82967213114754,1536163.1967213114
2009-12-31,CE,USD,1306830,2010-02-12,2010-02-12 17:32:23,2009,Q4,1388000000.0,1099000000.0,289000000.0,0.2082132565,19000000,0.0,0.0,131000000.0,0.0,261000000.0,1360000000.0,1000000.0,51000000.0,77000000.0,110000000.0,0.0792507205,109000000.0,0.0785302594,-23000000.0,86000000.0,0.0619596542,85000000.0,5000000.0,0.0036023055,0.0347,0.0333,144127781,150272227,https://www.sec.gov/Archives/edgar/data/1306830/000095012310012453/0000950123-10-012453-index.htm,https://www.sec.gov/Archives/edgar/data/1306830/000095012310012453/d70731e10vk.htm,9.630343229942602,0.0346914381482082,1.3043980743726291,1.3043980743726291,8.721427550459547,4.05195997571072,-3.524650115857955,4.05195997571072,24.64479766048712,4626501770.1,6873501770.1,231.325088505,3.3332145317723345,24.609051968617024,24.609051968617024,7.9220920720890415,7.9220920720890415,4.952090612463977,62.486379728181824,36.56117962819149,36.56117962819149,0.0010807301603803,0.0406354540302999,5.99486301369863,0.4162901307966706,20.42727272727273,1.777224642190417,2.1372549019607843,37.6,0.0017291682566085,1.6,0.0,0.0136887608069164,0.1298454221165279,0.0,0.0,0.0,0.0,1.778422664812455,0.0001799065806196,0.00068324678874,-40.01483933205077,1249000000.0,-508000000.0,-4970000000.0,5138000000.0,724500000.0,603500000.0,494500000.0,46.7507204610951,53.14831665150136,42.747952684258415,1.9251040221914009,1.6933744221879816,2.1053639846743293,0.0085616438356164,0.0,2010-02-09,0.47,bmo,1304720000.0,2025-04-16,2009-12-31,0.0638297872340426,29.09875,1524580.75
2009-09-30,CE,USD,1306830,2009-10-27,2009-10-27 17:30:57,2009,Q3,1304000000.0,1038000000.0,266000000.0,0.2039877301,18000000,0.0,0.0,110000000.0,0.0,148000000.0,1186000000.0,2000000.0,51000000.0,86000000.0,185000000.0,0.1418711656,65000000.0,0.0498466258,-17000000.0,49000000.0,0.0375766871,-350000000.0,395000000.0,0.3029141104,2.75,2.53,143591231,157562916,https://www.sec.gov/Archives/edgar/data/1306830/000095012309053754/0000950123-09-053754-index.htm,https://www.sec.gov/Archives/edgar/data/1306830/000095012309053754/d69595e10vq.htm,9.081334500154815,2.7508643616266517,0.7590992795374809,0.7590992795374809,9.03258500513865,4.777450511584513,-3.0294329045761854,4.763522084437036,25.26616684552276,3589780775.0,5873780775.0,2.2720131487341773,2.7528993673312883,32.93376857798165,32.93376857798165,5.248217507309942,5.248217507309942,4.5044331096625765,31.75016635135135,53.88789701834863,53.88789701834863,0.110034574465066,0.0303639711814992,5.22953216374269,0.4335757575757575,12.345945945945946,1.9429735234215888,1.2745098039215683,0.2731829573934837,0.0022285483435962,0.020253164556962,0.0,0.013803680981595,0.1358787878787878,0.0,0.0,0.0,0.0,17.170776645298698,0.0751612772345518,0.0554074905316313,-38.21612198588924,1389000000.0,-435000000.0,-4702000000.0,5197000000.0,715000000.0,557500000.0,470000000.0,50.24539877300614,48.38150289017341,40.49132947976879,1.7912087912087913,1.8602150537634408,2.222698072805139,0.577485380116959,0.0,2009-10-27,0.43,bmo,966758620.0,2025-04-16,2009-09-30,0.3488372093023255,25.150625,1686450.390625
2009-06-30,CE,USD,1306830,2009-07-29,2009-07-29 17:14:10,2009,Q2,1244000000.0,996000000.0,248000000.0,0.1993569132,18000000,0.0,0.0,114000000.0,0.0,153000000.0,1149000000.0,2000000.0,54000000.0,21000000.0,145000000.0,0.1165594855,89000000.0,0.0715434084,33000000.0,122000000.0,0.0980707395,17000000.0,107000000.0,0.0860128617,0.71,0.66,143500000,157100000,https://www.sec.gov/Archives/edgar/data/1306830/000095012309027072/0000950123-09-027072-index.htm,https://www.sec.gov/Archives/edgar/data/1306830/000095012309027072/d68385e10vq.htm,8.668989547038327,0.7456445993031359,0.6968641114982579,0.6968641114982579,8.020905923344948,1.7282229965156797,-6.048780487804878,1.7142857142857142,24.71080139372822,3408125000.0,5755125000.0,7.962908878504673,2.7396503215434085,34.08125,34.08125,13.854166666666668,13.854166666666668,4.626306270096463,39.69051724137931,57.55125,57.55125,0.0313955620759215,0.0293416467999266,14.195121951219512,0.4580873671782762,16.186206896551724,2.070044709388972,1.648148148148148,0.9615384615384616,0.0023473317439941,0.0747663551401869,0.0,0.0144694533762057,0.1463990554899645,0.0,0.0,0.0,0.0,5.362888904470461,0.0117753052506898,0.016443829721838,-38.05574912891986,1436000000.0,-868000000.0,-4597000000.0,5085000000.0,663000000.0,530500000.0,497500000.0,50.78778135048231,50.33132530120482,42.74096385542169,1.772079772079772,1.7881508078994617,2.105708245243129,0.4349593495934959,0.0,2009-07-28,0.46,bmo,1079698113.0,2025-04-16,2009-06-30,0.1521739130434782,20.023174603174603,2951140.587301587
2009-03-31,CE,USD,1306830,2009-04-28,2009-04-28 16:04:28,2009,Q1,1146000000.0,946000000.0,200000000.0,0.1745200698,20000000,0.0,0.0,114000000.0,0.0,151000000.0,1097000000.0,3000000.0,51000000.0,74000000.0,109000000.0,0.095113438,27000000.0,0.0235602094,-43000000.0,-16000000.0,-0.0139616056,5000000.0,-20000000.0,-0.017452007,-0.14,-0.14,143506981,143506981,https://www.sec.gov/Archives/edgar/data/1306830/000095013409008602/0000950134-09-008602-index.htm,https://www.sec.gov/Archives/edgar/data/1306830/000095013409008602/d67370e10vq.htm,7.985674230022301,-0.1393660424087661,1.3866921219672232,1.3866921219672232,8.048388949106245,0.3275101996606004,-7.28884401797847,0.3135735954197238,24.528423463942843,1918688335.97,4237688335.97,-23.983604199625,1.6742481116666663,9.641649929497488,9.641649929497486,42.63751857711111,42.63751857711111,3.69780832109075,38.8778746419266,21.294916261155777,21.294916261155777,-0.0104237877643056,0.1037166882548409,77.08888888888889,0.4728090500204443,21.275229357798164,1.9930715935334875,0.5294117647058824,-9.95,0.0046907044939375,-0.45,0.0,0.0174520069808027,0.148970969060924,0.0,0.0,0.0,0.0,,0.0056854644633402,-0.0032030749519538,-37.67064126308949,1290000000.0,-1046000000.0,-4701000000.0,4865000000.0,627500000.0,513500000.0,549500000.0,49.00523560209424,47.94926004228329,49.66173361522198,1.8365384615384617,1.876984126984127,1.8122605363984672,-0.4444444444444444,0.0,2009-04-28,-0.1,bmo,1432500000.0,2025-04-16,2009-03-31,-1.7999999999999998,11.318360655737704,2601121.7540983604
2008-12-31,CE,USD,1306830,2009-02-13,2009-02-13 08:14:48,2008,Q4,1286000000.0,1177000000.0,109000000.0,0.0847589425,21000000,0.0,0.0,124000000.0,0.0,296000000.0,1473000000.0,0.0,0.0,88000000.0,-99000000.0,-0.0769828927,-152000000.0,-0.1181959565,-31000000.0,-183000000.0,-0.1423017107,-43000000.0,-155000000.0,-0.1205287714,-1.08,-1.08,143470347,143506981,https://www.sec.gov/Archives/edgar/data/1306830/000095013409002731/0000950134-09-002731-index.htm,https://www.sec.gov/Archives/edgar/data/1306830/000095013409002731/d66003e10vk.htm,8.963524706607142,-1.0803626201587146,1.679789622311292,1.2476445742478062,4.7535955286983445,1.2824949813497002,-6.684308082143274,1.2685548185089426,24.62529765819832,1783336413.21,4640336413.21,-2.876349053564516,1.386731269992224,7.39973615439834,9.962773258156425,9.798551720934064,9.798551720934064,3.6083486883437015,-46.8720849819192,19.254507938630702,25.92366711290503,-0.0869157377440639,0.1003736584270157,19.412087912087912,0.4930226067541167,-28.85858585858585,1.6683710737764792,0.0,-1.5548387096774194,0.0044859735609839,-0.0516129032258064,0.0,0.0163297045101088,0.1595032096008931,0.2572614107883817,0.0482115085536547,0.7045454545454546,0.0,,-0.0192842708135098,-0.0257346837124356,-38.60205342641292,915000000.0,-959000000.0,-4698000000.0,4530000000.0,315500000.0,638500000.0,660000000.0,44.160186625194406,39.99150382327952,44.120645709430754,2.038034865293185,2.2504780114722758,2.039861351819757,-0.8516483516483516,0.4321450480634859,2009-02-03,0.05,bmo,169210526.0,2025-04-16,2008-12-31,-8.6,13.7871875,3332205.0625
2008-09-30,CE,USD,1306830,2008-10-22,2008-10-22 17:03:58,2008,Q3,1823000000.0,1490000000.0,333000000.0,0.1826659353,18000000,0.0,0.0,142000000.0,0.0,170000000.0,1660000000.0,0.0,0.0,94000000.0,257000000.0,0.1409764125,151000000.0,0.0828304992,1000000.0,152000000.0,0.0833790455,-12000000.0,155000000.0,0.0850246846,1.05,0.97,147063241,162911689,https://www.sec.gov/Archives/edgar/data/1306830/000095012308013194/0000950123-08-013194-index.htm,https://www.sec.gov/Archives/edgar/data/1306830/000095012308013194/y71871e10vq.htm,12.396027638204982,1.0539683400558266,-0.0067997957422956,-0.1019969361344348,4.086677241119689,7.010589410306822,-1.183164459159444,6.996989818822231,24.61526058711027,4104535056.31,7140535056.309999,6.620217832758065,2.2515277324794294,-4104.53505631,-273.63567042066666,3.988858169397473,3.988858169397473,3.916914457657706,27.784183098482487,-7140.535056309999,-476.0356704206666,0.0377631078486501,-0.0036544943079338,3.5179786200194365,0.4540893125940792,11.813229571984436,1.6607773851590106,0.0,-0.0063291139240506,0.0021926965847603,0.0580645161290322,0.0,0.0098738343390016,0.1511540391369794,-14.0,0.0076796489303346,0.1489361702127659,0.0,12.8813287069487,0.0247750992444615,0.022905275602187,-40.584580887891626,1122000000.0,-174000000.0,-4121000000.0,4854000000.0,721000000.0,791500000.0,748500000.0,0.0,45.54362416107382,44.87919463087248,0.0,1.976127320954907,2.005383580080754,0.1506316812439261,0.0951971403921391,2008-10-21,0.77,bmo,1799628205.0,2025-04-16,2008-09-30,0.0129870129870129,37.7834375,2256602.65625
2008-06-30,CE,USD,1306830,2008-07-23,2008-07-23 17:14:38,2008,Q2,1868000000.0,1472000000.0,396000000.0,0.2119914347,18000000,0.0,0.0,138000000.0,0.0,189000000.0,1661000000.0,0.0,0.0,92000000.0,207000000.0,0.1108137045,207000000.0,0.1108137045,40000000.0,247000000.0,0.1322269807,45000000.0,132000000.0,0.0706638116,0.87,0.8,150905770,167814803,https://www.sec.gov/Archives/edgar/data/1306830/000095012308008224/0000950123-08-008224-index.htm,https://www.sec.gov/Archives/edgar/data/1306830/000095012308008224/y63346e10vq.htm,12.378585656466283,0.8747180442470821,1.192797333064203,0.6030253183824581,6.67303841330918,8.19054168704086,-0.6494118813349549,8.164035079639433,24.008359653842263,6890357458.2,9530357458.2,13.04991942840909,3.688628189614561,38.27976365666666,75.71821382637363,5.592822612175325,5.592822612175325,5.101904420877945,46.0403741942029,52.94643032333334,104.72920283736264,0.0191572064005055,0.0132068619882272,2.9407467532467533,0.4205943812398421,12.753623188405795,1.6730866700456155,0.0,1.3432835820895523,0.0011610428121518,0.0606060606060606,0.0,0.0096359743040685,0.1548641745994892,0.4944444444444444,0.047644539614561,0.967391304347826,0.0,12.67586872587447,0.0245593282159745,0.0181318681318681,-32.5534272148772,1328000000.0,-98000000.0,-4077000000.0,5204000000.0,721000000.0,825500000.0,731500000.0,69.47537473233405,50.68614130434783,46.10054347826087,1.2954230235783637,1.775633293124246,1.9522546419098143,0.1071428571428571,0.5897720146817448,2008-07-21,1.14,bmo,1774600000.0,2025-04-16,2008-06-30,0.0526315789473684,46.0146875,1413203.734375
2008-03-31,CE,USD,1306830,2008-04-23,2008-04-23 16:56:27,2008,Q1,1846000000.0,1428000000.0,418000000.0,0.2264355363,23000000,0.0,0.0,136000000.0,0.0,168000000.0,1596000000.0,9000000.0,67000000.0,86000000.0,371000000.0,0.2009750813,234000000.0,0.1267605634,-16000000.0,218000000.0,0.1180931744,73000000.0,142000000.0,0.0769230769,0.93,0.87,151993753,167306016,https://www.sec.gov/Archives/edgar/data/1306830/000095012308004521/0000950123-08-004521-index.htm,https://www.sec.gov/Archives/edgar/data/1306830/000095012308004521/y54876e10vq.htm,12.145235995324096,0.9342489227172384,1.0921501490919827,0.3750154126400182,5.177844381538496,7.401619986316148,-1.4605863439663866,7.362144679722462,24.152308417570293,5935356054.65,8776356054.65,10.44957051875,3.215252467307692,35.75515695572289,104.12905359035086,5.304160906747095,5.304160906747095,4.754255717578548,23.655946238948783,52.86961478704819,153.97115885350877,0.0239244282385976,0.0096034676732399,3.220732797140304,0.4334335538184005,7.657681940700809,1.5019193857965452,3.492537313432836,1.1448275862068966,0.0015163370010378,0.0633802816901408,0.0,0.0124593716143011,0.1619963920625375,0.6566265060240963,0.0590465872156013,1.2674418604651163,0.0,12.4401247605553,0.0240040409985907,0.0203788748564867,-39.79439865531842,1046000000.0,-222000000.0,-4060000000.0,4870000000.0,504500000.0,820000000.0,672500000.0,0.0,51.806722689075634,44.68487394957983,0.0,1.7372262773722629,2.01410437235543,0.1268990169794459,0.7171347364519646,2008-04-21,0.95,bmo,1654433962.0,2025-04-16,2008-03-31,0.1157894736842106,38.65606557377049,1590190.491803279
2007-12-31,CE,USD,1306830,2008-02-29,2008-02-29 10:06:34,2007,Q4,1760000000.0,1348000000.0,412000000.0,0.2340909091,19000000,0.0,0.0,145000000.0,0.0,114000000.0,1462000000.0,0.0,0.0,73000000.0,371000000.0,0.2107954545,324000000.0,0.1840909091,-11000000.0,313000000.0,0.1778409091,104000000.0,211000000.0,0.1198863636,1.41,1.41,151628290,151993753,https://www.sec.gov/Archives/edgar/data/1306830/000095012308002318/0000950123-08-002318-index.htm,https://www.sec.gov/Archives/edgar/data/1306830/000095012308002318/y48011e10vk.htm,11.607332642213402,1.3915609019926294,1.892786629724572,1.4245362788170994,5.440937176037532,7.036945414341875,-1.4772968817362513,7.003970037517405,23.452087997562987,6416909232.8,9147909232.8,7.60297302464455,3.645971155,22.358568755400697,29.70791311481481,6.042287413182675,6.042287413182675,5.197675700454545,24.6574372851752,31.87424819790941,42.35143163333333,0.0328818738656103,0.0336610651894399,3.3483992467043318,0.4413005708612559,7.361185983827493,1.5081240768094537,0.0,1.341121495327103,0.0014025443828933,0.0426540284360189,0.0,0.0107954545454545,0.1602134524695954,0.2473867595818815,0.040340909090909,0.9726027397260274,0.0,14.808617235112942,0.0343459355331517,0.0311807300132998,-33.57717745151647,1032000000.0,-224000000.0,-3928000000.0,4685000000.0,1178500000.0,746500000.0,605500000.0,51.59659090909091,54.61424332344214,42.46290801186944,1.7443012884043607,1.647921760391198,2.119496855345912,0.1986817325800376,0.4682503509074724,2008-02-05,0.81,bmo,1532903225.0,2025-04-16,2007-12-31,0.1481481481481481,40.283125,1605476.609375
2007-09-30,CE,USD,1306830,2007-10-24,2007-10-24 14:40:17,2007,Q3,1573000000.0,1236000000.0,337000000.0,0.2142403051,18000000,0.0,0.0,133000000.0,0.0,184000000.0,1420000000.0,0.0,0.0,80000000.0,233000000.0,0.1481246027,147000000.0,0.0934520025,-16000000.0,131000000.0,0.083280356,1000000.0,126000000.0,0.0801017165,0.84,0.76,150154309,167410047,https://www.sec.gov/Archives/edgar/data/1306830/000095012307014192/0000950123-07-014192-index.htm,https://www.sec.gov/Archives/edgar/data/1306830/000095012307014192/y41083e10vq.htm,10.47588983943178,0.839136757640435,1.33196310736577,0.6593217381460561,3.5363620500561197,4.522014749506789,-4.182364157128518,4.488715671822645,23.27605530121683,5979144584.38,8943144584.380001,11.86338211186508,3.801109080979021,29.8957229219,60.39539984222223,8.871134398189911,8.871134398189911,5.685406601640179,38.38259478274679,44.7157229219,90.33479378161616,0.0210732485595287,0.0165575524396297,5.185459940652819,0.4634663837687309,12.721030042918455,1.4461194863204914,0.0,1.5625,0.0013379840355256,0.0634920634920634,0.0,0.0114431023521932,0.1733191884365468,0.505,0.0642085187539732,1.2625,0.0,9.20595144911806,0.0243413753705022,0.0202117420596727,-33.51552168909119,799000000.0,-628000000.0,-4272000000.0,4376000000.0,1336000000.0,671000000.0,575000000.0,77.1265098537826,49.1504854368932,41.86893203883495,1.166913946587537,1.8311111111111111,2.1495652173913045,0.1869436201780415,0.6726413692197138,2007-10-22,0.57,bmo,1228232876.0,2025-04-16,2007-09-30,0.280701754385965,36.89428571428572,2322483.8571428573
2007-06-30,CE,USD,1306830,2007-07-27,2007-07-27 14:40:54,2007,Q2,1556000000.0,1219000000.0,337000000.0,0.2165809769,19000000,0.0,0.0,122000000.0,0.0,164000000.0,1383000000.0,0.0,0.0,77000000.0,250000000.0,0.1606683805,71000000.0,0.0456298201,-27000000.0,168000000.0,0.1079691517,-44000000.0,-117000000.0,-0.0751928021,-0.75,-0.75,156932929,156932929,https://www.sec.gov/Archives/edgar/data/1306830/000095012307010398/0000950123-07-010398-index.htm,https://www.sec.gov/Archives/edgar/data/1306830/000095012307010398/y37318e10vq.htm,9.915063778615895,-0.7455414280835859,0.4269339801846176,0.0,2.9949100102503023,4.211990461224362,-4.110036077896692,4.180129716434465,21.56972422276016,6085858986.62,9000858986.619999,-13.00397219363248,3.911220428419023,90.83371621820896,0.0,9.277224064969513,9.277224064969513,5.784613744614395,36.00343594648,134.34117890477611,0.0,-0.0192248949995767,0.0,5.160060975609756,0.460231135282121,11.66,1.5561097256857854,0.0,-0.5726495726495726,0.0016431534187672,-0.0854700854700854,0.0,0.012210796915167,0.1775662814411964,1.0,0.0430591259640102,0.8701298701298701,0.0,,0.0150884537041492,-0.0193420400066126,-31.500718373771,892000000.0,-645000000.0,-4198000000.0,4374000000.0,1372000000.0,699000000.0,579500000.0,76.58097686375322,49.24528301886792,42.45283018867924,1.1752265861027191,1.827586206896552,2.12,-0.1783536585365853,0.4269339801846176,2007-07-26,0.83,bmo,1537476190.0,2025-04-16,2007-06-30,0.0120481927710843,35.182857142857145,1575877.9523809524
2007-03-31,CE,USD,1306830,2007-05-09,2007-05-09 11:38:02,2007,Q1,1631000000.0,1240000000.0,391000000.0,0.2397302269,17000000,0.0,0.0,116000000.0,0.0,152000000.0,1392000000.0,0.0,0.0,81000000.0,287000000.0,0.1759656652,239000000.0,0.1465358676,-2000000.0,204000000.0,0.1250766401,60000000.0,199000000.0,0.1220110362,1.25,1.15,159284888,174442332,https://www.sec.gov/Archives/edgar/data/1306830/000095012307007071/0000950123-07-007071-index.htm,https://www.sec.gov/Archives/edgar/data/1306830/000095012307007071/y33957e10vq.htm,10.239515000318171,1.2493338351093295,0.0753367136749344,-0.2322882004977145,7.000036312295991,6.177610521344624,-2.1094279828981644,6.146220223980068,21.904149500987188,4912345945.92,7286345945.92,6.171288876783919,3.0118614015450644,409.36216216,-132.7661066464865,5.017718024433095,5.017718024433095,4.467410144647456,25.38796496836237,607.1954954933333,-196.92826880864865,0.040510176235711,-0.007532042817695,3.563840653728294,0.4423735260555344,8.27177700348432,1.8592762780011487,0.0,0.0597014925373134,0.0016285497984205,0.0402010050251256,0.0,0.0104230533415082,0.1673640167364016,4.083333333333333,0.0300429184549356,0.6049382716049383,0.0,13.144212410283837,0.0266517981600223,0.0303030303030303,-27.81808152446954,1496000000.0,-336000000.0,-3666000000.0,4863000000.0,1210500000.0,777000000.0,618500000.0,78.35683629675046,53.05645161290322,42.38709677419354,1.1485915492957746,1.6963064295485637,2.1232876712328768,0.2032686414708886,0.3076249141726489,2007-05-01,0.73,bmo,1247417582.0,2025-04-16,2007-03-31,0.2465753424657535,28.15295081967213,1388368.5409836066
2006-12-31,CE,USD,1306830,2007-02-21,2007-02-21 17:06:44,2006,Q4,1656000000.0,1298000000.0,358000000.0,0.2161835749,18000000,0.0,0.0,86000000.0,0.0,173000000.0,1471000000.0,0.0,0.0,75000000.0,260000000.0,0.1570048309,185000000.0,0.1117149758,-11000000.0,174000000.0,0.1050724638,94000000.0,75000000.0,0.0452898551,0.48,0.48,158655447,159284888,https://www.sec.gov/Archives/edgar/data/1306830/000095012307002533/0000950123-07-002533-index.htm,https://www.sec.gov/Archives/edgar/data/1306830/000095012307002533/y29676e10vk.htm,10.437712863397625,0.4727225028712692,2.1177968128632862,1.3677437749742056,4.985646663615652,5.42685433296217,-3.006515118261272,4.960434796795852,22.047777533916,4106002968.36,6813002968.36,13.6866765612,2.479470391521739,12.220246929642856,18.921672665253453,5.217284584955527,5.217284584955527,4.114132227270531,26.203857570615384,20.276794548690475,31.39632704313364,0.0182659390599408,0.0528494503467622,4.444726810673443,0.4430652311589613,10.41153846153846,1.4038808664259927,0.0,4.363636363636363,0.0021919126871929,0.12,0.0,0.0108695652173913,0.1694743508549715,0.3541666666666667,0.0718599033816425,1.586666666666667,0.0120772946859903,7.263639303448313,0.0142046545197675,0.0114381576940674,-32.559550256096784,895000000.0,-477000000.0,-3923000000.0,4388000000.0,1270000000.0,782000000.0,646000000.0,54.40217391304348,57.06471494607088,45.27734976887519,1.6543456543456545,1.577156743620899,1.987748851454824,0.0952986022871664,0.7500530378890805,2007-02-06,0.57,bmo,1058571428.0,2025-04-16,2006-12-31,0.3508771929824563,21.223650793650798,1543407.9365079366
2006-09-30,CE,USD,1306830,2006-11-01,2006-11-01 17:10:21,2006,Q3,1685000000.0,1318000000.0,367000000.0,0.2178041543,16000000,0.0,0.0,147000000.0,0.0,167000000.0,1485000000.0,0.0,0.0,73000000.0,254000000.0,0.1507418398,200000000.0,0.118694362,-22000000.0,181000000.0,0.1074183976,72000000.0,106000000.0,0.0629080119,0.67,0.64,158609246,171176126,https://www.sec.gov/Archives/edgar/data/1306830/000095012306013349/0000950123-06-013349-index.htm,https://www.sec.gov/Archives/edgar/data/1306830/000095012306013349/y26082e10vq.htm,10.62359252372967,0.6683090845788398,1.7086015275553357,1.3240085637882677,3.234363777254196,3.883758453778918,-4.5962011571507,3.4424222658494954,21.74526445955112,2839105503.4,5775105503.4,6.696003545754716,1.6849290821364984,10.476404071586714,13.519550016190474,5.199826929304029,5.199826929304029,3.427362316557863,22.73663584015748,21.31035241107011,27.500502397142856,0.0373357030490971,0.0739669588708529,6.316849816849817,0.4522685549436139,11.559055118110235,1.4586543400102725,0.0,2.486238532110092,0.0031700125230365,0.0849056603773584,0.0,0.0094955489614243,0.1763703120902176,0.2250922509225092,0.0362017804154302,0.8356164383561644,0.0,7.194688780449996,0.0204694066876744,0.0168762935838242,-31.67060008594959,893000000.0,-729000000.0,-4170000000.0,4323000000.0,1546000000.0,742500000.0,647000000.0,82.20178041543026,50.59939301972686,43.63429438543248,1.0948667966211827,1.7786774628879891,2.0625978090766823,0.1941391941391941,0.3845929637670681,2006-10-31,0.64,bmo,1191696202.0,2025-04-16,2006-09-30,0.234375,18.67761904761905,731260.3174603175
2006-06-30,CE,USD,1306830,2006-08-02,2006-08-02 17:14:05,2006,Q2,1674000000.0,1326000000.0,348000000.0,0.2078853047,18000000,0.0,0.0,153000000.0,0.0,171000000.0,1497000000.0,0.0,0.0,75000000.0,163000000.0,0.0973715651,163000000.0,0.0973715651,-18000000.0,146000000.0,0.0872162485,42000000.0,101000000.0,0.0603345281,0.64,0.6,158562161,172066546,https://www.sec.gov/Archives/edgar/data/1306830/000095012306009781/0000950123-06-009781-index.htm,https://www.sec.gov/Archives/edgar/data/1306830/000095012306009781/y23477e10vq.htm,10.557373773431356,0.6369741643468141,1.0406013575962805,0.5928274400851538,2.232562912661111,3.065043998738135,-5.726460804226805,2.636190105910577,22.035522081463053,3237839327.6200004,6377839327.620001,8.014453781237625,1.934193146726404,19.623268652242427,34.445099230000004,7.746027099569378,7.746027099569378,3.809939861182796,39.127848635705526,38.65357168254546,67.84935454914894,0.0311936417407842,0.0290317061745912,8.358851674641148,0.4616807610993657,19.2638036809816,1.42781875658588,0.0,1.6019417475728157,0.0027796314422481,0.0891089108910891,0.0,0.010752688172043,0.1841966173361522,0.4303030303030303,0.0424133811230585,0.9466666666666668,0.0,6.146678962648359,0.0198681706093593,0.0163589245221898,-33.02017307899834,812000000.0,-908000000.0,-4372000000.0,4288000000.0,1548000000.0,747000000.0,666500000.0,83.49462365591398,50.49773755656109,44.45701357466063,1.0779137153895686,1.782258064516129,2.0244274809160308,0.2416267942583732,0.4477739175111268,2006-08-01,0.74,bmo,1518563380.0,2025-04-16,2006-06-30,-0.0405405405405405,20.48920634920635,958177.7777777778
2006-03-31,CE,USD,1306830,2006-05-09,2006-05-09 17:10:14,2006,Q1,1652000000.0,1285000000.0,367000000.0,0.2221549637,18000000,0.0,0.0,152000000.0,0.0,169000000.0,1454000000.0,0.0,0.0,73000000.0,242000000.0,0.1464891041,197000000.0,0.1192493947,-36000000.0,161000000.0,0.0974576271,45000000.0,114000000.0,0.0690072639,0.72,0.68,158562161,171487669,https://www.sec.gov/Archives/edgar/data/1306830/000095012306005982/0000950123-06-005982-index.htm,https://www.sec.gov/Archives/edgar/data/1306830/000095012306005982/y20503e10vq.htm,10.41862692575185,0.718960937975612,-0.1324401727849811,-0.4099338681439893,1.9676825670911489,2.566816682070826,-6.357128293679096,2.156882813926836,22.18688227893161,3325048516.17,6531048516.17,7.291773061776315,2.012741232548426,-158.33564362714284,-51.15459255646153,9.72236408236842,9.72236408236842,3.953419198650121,26.987803785826447,-311.0023102938095,-100.47766947953846,0.0342852140188656,-0.0195485869405812,10.286549707602338,0.4677569472144661,13.24793388429752,1.3521410579345088,0.0,-0.1794871794871795,0.002706727422542,0.0789473684210526,0.0,0.0108958837772397,0.1881398750166201,-2.095238095238096,0.0266343825665859,0.6027397260273972,0.0030266343825665,5.90686685541473,0.0246934391438339,0.0186701604978709,-33.461640321614944,699000000.0,-1008000000.0,-4430000000.0,4149000000.0,1470500000.0,780500000.0,669500000.0,84.06174334140435,52.52918287937743,47.4863813229572,1.0706416072585871,1.7133333333333334,1.8952802359882008,0.3333333333333333,0.2774936953590081,2006-05-09,0.67,bmo,1321388888.0,2025-04-16,2006-03-31,0.0746268656716416,20.539516129032258,431469.3548387097
2005-12-31,CE,USD,1306830,2006-03-31,2006-03-31 10:49:48,2005,Q4,1508000000.0,1220000000.0,288000000.0,0.1909814324,23000000,0.0,0.0,121000000.0,0.0,123000000.0,1343000000.0,0.0,0.0,89000000.0,254000000.0,0.1684350133,151000000.0,0.100132626,-9000000.0,142000000.0,0.0941644562,-20000000.0,172000000.0,0.1140583554,1.1,1.1,158562161,158562161,https://www.sec.gov/Archives/edgar/data/1306830/000095013606002553/0000950136-06-002553-index.htm,https://www.sec.gov/Archives/edgar/data/1306830/000095013606002553/file001.htm,9.510465740940552,1.084748081857941,1.2487216291155363,0.7441876375537037,2.459603208863936,1.8856957934623504,-7.132849305705413,1.4820686002128842,21.67604161247525,3031708518.32,6078708518.32,4.406553078953489,2.0104167893368703,15.311659183434346,25.69244507050848,12.900887312000002,12.900887312000002,4.030973818514589,23.93192330047244,30.70054807232323,51.51447896881355,0.0567336862896412,0.0389219475708004,14.625531914893616,0.4616521155137676,11.996062992125983,1.2811723795330352,0.0,1.1314285714285717,0.0032984701331186,0.0581395348837209,0.0,0.0152519893899204,0.1920752182672934,0.404040404040404,0.053050397877984,0.898876404494382,0.0,6.014366059977827,0.0308336505519604,0.0285951787198669,-33.9109909078497,566000000.0,-1131000000.0,-4567000000.0,4036000000.0,1432000000.0,754500000.0,643000000.0,83.43501326259947,59.82786885245901,48.76229508196721,1.0786838340486409,1.504315659679408,1.8456883509833584,0.7319148936170212,0.504533991561833,2006-02-16,0.54,bmo,1386000000.0,2025-04-16,2005-12-31,0.111111111111111,17.537142857142857,510807.9365079365
2005-09-30,CE,USD,1306830,2005-11-10,2005-11-10 12:53:06,2005,Q3,1536000000.0,1253000000.0,283000000.0,0.1842447917,22000000,0.0,0.0,144000000.0,0.0,167000000.0,1420000000.0,0.0,0.0,73000000.0,192000000.0,0.125,92000000.0,0.0598958333,-21000000.0,74000000.0,0.0481770833,26000000.0,42000000.0,0.02734375,0.26,0.26,158546594,171930270,https://www.sec.gov/Archives/edgar/data/1306830/000095013605007125/0000950136-05-007125-index.htm,https://www.sec.gov/Archives/edgar/data/1306830/000095013605007125/file001.htm,9.688003767523382,0.2649063530182174,2.056177882950926,1.766042353454783,2.5292249419120285,1.3119171768521247,-7.739049884603639,0.3721303530494007,22.050300241706864,2734928746.5,5829928746.5,16.279337776785713,1.7805525693359374,8.389351983128835,9.76760266607143,46.35472451694916,46.35472451694916,3.7955265276692702,30.364212221354165,17.88321701380368,20.821174094642856,0.0153568900300415,0.1023792668669439,59.25423728813559,0.4762942779291553,16.119791666666668,1.3509316770186337,0.0,7.2444444444444445,0.2968998739141374,19.33333333333333,0.0,0.0143229166666666,0.1955040871934605,0.1411042944785276,0.0299479166666666,0.6301369863013698,0.0013020833333333,1.4893096152775671,0.0106773440106773,0.0071126164267569,-33.5484974215214,678000000.0,-1227000000.0,-4522000000.0,4095000000.0,1472000000.0,690000000.0,605500000.0,85.8984375,50.13567438148444,44.892258579409415,1.0477489768076398,1.7951289398280803,2.0048,0.711864406779661,0.2901355294961429,2005-11-07,0.49,bmo,1526000000.0,2025-04-16,2005-09-30,0.0,18.29765625,432765.625
2005-06-30,CE,USD,1306830,2005-08-12,2005-08-12 16:23:04,2005,Q2,1517000000.0,1175000000.0,342000000.0,0.2254449572,23000000,0.0,0.0,136000000.0,0.0,159000000.0,1334000000.0,0.0,0.0,71000000.0,254000000.0,0.1674357284,152000000.0,0.1001977587,-29000000.0,123000000.0,0.0810810811,43000000.0,65000000.0,0.0428477258,0.41,0.39,158530397,170530397,https://www.sec.gov/Archives/edgar/data/1306830/000095013605004938/0000950136-05-004938-index.htm,https://www.sec.gov/Archives/edgar/data/1306830/000095013605004938/file001.htm,9.569142755631905,0.4100160046908859,0.9335749029884786,0.6434097304380055,6.049313053823993,4.0938521083751525,-3.4882900091393827,0.794800255246948,21.40283544486424,2519048008.33,4953048008.33,9.688646185884616,1.6605458195978906,17.02059465087838,24.69654910127451,19.99244451055556,19.99244451055556,3.2650283509096902,19.500189009173223,33.46654059682432,48.559294199313726,0.0258033986589607,0.0404914871263691,26.928571428571427,0.4587614926987561,9.582677165354331,1.7698675496688745,0.0,2.208955223880597,0.0,0.0,0.0,0.015161502966381,0.1625202812330989,0.3108108108108108,0.030323005932762,0.647887323943662,0.000659195781147,2.707825431343779,0.0172714515405112,0.010494026477236,-27.66977237810109,1395000000.0,-553000000.0,-3540000000.0,4353000000.0,1510000000.0,1133500000.0,613500000.0,87.68622280817402,52.238297872340425,44.88510638297872,1.0263870094722598,1.7228739002932552,2.005119453924914,0.5158730158730159,0.2901651725504731,2005-08-09,0.43,bmo,1208056603.0,2025-04-16,2005-06-30,0.2325581395348838,15.68984375,494092.1875
2005-03-31,CE,USD,1306830,2005-05-16,2005-05-16 12:15:24,2005,Q1,1509000000.0,1125000000.0,384000000.0,0.254473161,23000000,0.0,0.0,161000000.0,0.0,180000000.0,1305000000.0,0.0,0.0,94000000.0,288000000.0,0.1908548708,166000000.0,0.1100066269,-164000000.0,23000000.0,0.015241882,-8000000.0,-10000000.0,-0.0066269052,-0.0706,-0.0706,141742428,141742428,https://www.sec.gov/Archives/edgar/data/1306830/000095013605002849/0000950136-05-002849-index.htm,https://www.sec.gov/Archives/edgar/data/1306830/000095013605002849/file001.htm,10.64607133722868,-0.0705505058795804,0.2963121246942376,0.014110101175916,12.261677921871073,4.190700049247075,-4.09898439160362,0.4303580858654404,24.262318971987696,2549946279.72,4250946279.72,-63.74865699299999,1.6898252350695824,60.71300666,1274.97313986,41.80239802819672,41.80239802819672,2.817061815586481,14.760230137916666,101.21300666,2125.47313986,-0.0039216512440011,0.0007843302488002,56.377049180327866,0.4092585981197191,5.90625,1.4690961057520544,0.0,-4.2,0.0,0.0,0.0,0.0152418820410868,0.1398310127335475,0.9523809523809524,0.0265076209410205,0.425531914893617,0.0,,0.0389585809567791,-0.0013835085777531,-32.410902401079234,1313000000.0,-581000000.0,-3697000000.0,4327000000.0,1543500000.0,1153500000.0,629500000.0,91.96819085487078,126.8,51.28,0.9785992217898832,0.7097791798107256,1.7550702028081124,-0.1639344262295081,0.2822020235183216,2005-05-16,,amc,,2025-04-16,2005-03-31,,16.657083333333333,63779200.833333336
2004-12-31,CE,USD,1306830,2005-03-31,2005-03-31 15:57:48,2004,Q4,1332000000.0,1029000000.0,303000000.0,0.2274774775,22000000,0.0,0.0,220000000.0,0.0,242000000.0,1271000000.0,0.0,0.0,37000000.0,98000000.0,0.0735735736,28000000.0,0.021021021,-337000000.0,-309000000.0,-0.231981982,12000000.0,-57000000.0,-0.0427927928,-0.57,-0.57,99377884,99737362,https://www.sec.gov/Archives/edgar/data/1306830/000095013605001793/0000950136-05-001793-index.htm,https://www.sec.gov/Archives/edgar/data/1306830/000095013605001793/file001.htm,13.403384600139,-0.5735682599158581,-1.7307673807987298,-2.334523443868054,8.43245968086823,4.085416026769095,-7.456387378906156,-1.1270113177294054,34.08202976026336,1590046144.0,4139046144.0,-6.973886596491228,1.1937283363363362,-9.244454325581396,-6.853647172413793,-14.196840571428572,-14.196840571428572,3.107392,42.23516473469388,-24.06422176744186,-17.840716137931036,-0.0358480162447411,-0.1459077152417534,-30.241071428571427,0.457085020242915,26.01020408163265,1.5794486215538848,0.0,2.9655172413793105,0.0,0.0,0.0,0.0165165165165165,0.1547908232118758,-0.3488372093023256,0.045045045045045,1.6216216216216215,0.0,,0.0052324840152503,-0.0091010697748682,-47.27661538859088,1156000000.0,-741000000.0,-3853000000.0,4005000000.0,1473000000.0,652500000.0,591500000.0,104.39189189189187,63.14868804664723,54.05247813411079,0.8621359223300971,1.425207756232687,1.6650485436893203,0.5089285714285714,0.6037560630693244,2005-05-10,0.68,bmo,1621032258.0,2025-04-16,2004-12-31,-0.0882352941176471,,
2004-09-30,CE,USD,1306830,2004-09-30,2004-09-29 20:00:00,2004,Q3,1247000000.0,1032000000.0,215000000.0,0.1724137931,23000000,0.0,0.0,139000000.0,0.0,160000000.0,1192000000.0,0.0,0.0,102000000.0,185000000.0,0.1483560545,25000000.0,0.0200481155,-56000000.0,68000000.0,0.0545308741,29000000.0,-99000000.0,-0.0793905373,-1.0,-1.0,99377884,99377884,,,12.548063510790792,-0.9961975040643852,3.250220139523196,3.129468926909331,8.241270260896277,-6.06774843384671,-15.46621781562586,-10.112914056411183,31.19406325858176,1590046144.0,3871046144.0,-4.01526804040404,1.2750971483560545,4.922743479876161,5.112688565916399,-1.5821354666666667,-1.5821354666666667,3.104287204490778,20.92457375135135,11.984662984520124,12.447093710610933,-0.062262344004024,0.1955918079318332,-3.084577114427861,0.4387206340220775,12.32972972972973,1.0679287305122491,0.0,-2.1824324324324325,0.3144562828486064,-5.05050505050505,0.0,0.0184442662389735,0.1321822813472969,0.0371517027863777,0.0096230954290296,0.1176470588235294,0.0,,0.0031869827281879,-0.0161448140900195,-55.51285434896159,183000000.0,-1537000000.0,-4792000000.0,3065000000.0,,,,101.11467522052926,50.843023255813954,49.27325581395349,0.8900785153461813,1.7701543739279588,1.826548672566372,0.0985074626865671,0.1207512126138648,2004-09-29,,amc,,2025-04-16,2004-09-30,,,
2004-06-30,CE,USD,1306830,2004-06-30,2004-06-29 20:00:00,2004,Q2,1229000000.0,1058000000.0,171000000.0,0.1391375102,22000000,0.0,0.0,125000000.0,0.0,146000000.0,1204000000.0,0.0,0.0,71000000.0,96000000.0,0.0781122864,25000000.0,0.0203417413,-129000000.0,-104000000.0,-0.0846216436,10000000.0,-125000000.0,-0.1017087063,-1.26,-1.26,99377884,99377884,,,12.366936691869991,-1.2578251313944258,-1.0766983124736285,-1.579828365031399,,,,,,1590046144.0,,-3.180092288,1.2937722896663957,-14.8602443364486,-10.127682445859872,0.0,0.0,,,,,-0.0786140707121516,-0.0987392728144624,0.0,0.0,,0.0,0.0,0.856,0.0,0.0,0.0,0.0179007323026851,0.0,-0.4672897196261682,0.0406834825061025,0.704225352112676,0.0,,0.0,0.0,,,,,,,,,,,,0.0,0.0,0.0,0.0,0.5031300525577703,2004-06-29,,amc,,2025-04-16,2004-06-30,,,
2004-03-31,CE,USD,1306830,2004-03-31,2004-03-30 19:00:00,2004,Q1,1243000000.0,1002000000.0,241000000.0,0.1938857603,23000000,0.0,0.0,137000000.0,0.0,189000000.0,1191000000.0,0.0,0.0,72000000.0,124000000.0,0.0997586484,52000000.0,0.0418342719,20000000.0,72000000.0,0.0579243765,17000000.0,78000000.0,0.0627514079,1.58,1.57,49321468,49712421,,,25.202007369285926,1.5814614439294468,-2.169440698723728,-3.0615471542736725,,,,,,789143488.0,,2.529306051282051,0.6348700627514079,-7.37517278504673,-5.226115814569536,0.0,0.0,,,,,0.0988413402455904,-0.1913466971421045,0.0,0.0,,0.0,0.0,-1.3717948717948718,0.0,0.0,0.0,0.0185036202735317,0.0,-0.411214953271028,0.0353982300884955,0.6111111111111112,0.0,,0.0,0.0,,,,,,,,,,,,0.0,0.0,0.0,0.0,0.8921064555499443,2004-03-30,,amc,,2025-04-16,2004-03-31,,,
