date,symbol,reportedCurrency,cik,fillingDate,acceptedDate,calendarYear,period,revenue,costOfRevenue,grossProfit,grossProfitRatio,researchAndDevelopmentExpenses,generalAndAdministrativeExpenses,sellingAndMarketingExpenses,sellingGeneralAndAdministrativeExpenses,otherExpenses,operatingExpenses,costAndExpenses,interestIncome,interestExpense,depreciationAndAmortization,ebitda,ebitdaratio,operatingIncome,operatingIncomeRatio,totalOtherIncomeExpensesNet,incomeBeforeTax,incomeBeforeTaxRatio,incomeTaxExpense,netIncome,netIncomeRatio,eps,epsdiluted,weightedAverageShsOut,weightedAverageShsOutDil,link,finalLink,revenuePerShare,netIncomePerShare,operatingCashFlowPerShare,freeCashFlowPerShare,cashPerShare,bookValuePerShare,tangibleBookValuePerShare,shareholdersEquityPerShare,interestDebtPerShare,marketCap,enterpriseValue,peRatio,priceToSalesRatio,pocfratio,pfcfRatio,pbRatio,ptbRatio,evToSales,enterpriseValueOverEBITDA,evToOperatingCashFlow,evToFreeCashFlow,earningsYield,freeCashFlowYield,debtToEquity,debtToAssets,netDebtToEBITDA,currentRatio,interestCoverage,incomeQuality,dividendYield,payoutRatio,salesGeneralAndAdministrativeToRevenue,researchAndDdevelopementToRevenue,intangiblesToTotalAssets,capexToOperatingCashFlow,capexToRevenue,capexToDepreciation,stockBasedCompensationToRevenue,grahamNumber,roic,returnOnTangibleAssets,grahamNetNet,workingCapital,tangibleAssetValue,netCurrentAssetValue,investedCapital,averageReceivables,averagePayables,averageInventory,daysSalesOutstanding,daysPayablesOutstanding,daysOfInventoryOnHand,receivablesTurnover,payablesTurnover,inventoryTurnover,roe,capexPerShare,report_date,epsEstimated,time,revenueEstimated,updatedFromDate,fiscalDateEnding,surprise(%),QuarterAvgPrice,QuarterAvgVolume
2025-03-31,CHRW,USD,1043277,2025-05-02,2025-05-02 11:30:37,2025,Q1,4046740000.0,0.0,4046740000.0,1.0,0,0.0,0.0,147682000.0,0.0,147682000.0,3869887000.0,0.0,-20051000.0,40102000.0,176853000.0,0.0437025853,176853000.0,0.0437025853,-20051000.0,156802000.0,0.0387477327,21500000.0,135302000.0,0.0334348142,1.12,1.11,120969000,121932000,https://www.sec.gov/Archives/edgar/data/1043277/000104327725000022/0001043277-25-000022-index.htm,https://www.sec.gov/Archives/edgar/data/1043277/000104327725000022/chrw-20250331.htm,33.452702758557976,1.118484901090362,0.8806471079367442,0.8529705957724706,1.074176028569303,14.340244194793708,2.2886359315196456,14.340244194793708,14.125428828873511,12387225600.0,13986073600.0,22.88810512778821,3.06103816899529,116.27813124818128,120.0510316621924,7.140743114902939,7.140743114902939,3.4561334802828942,79.08304411008012,131.28641991532982,135.54629735518446,0.0109227041122105,0.0083297909743405,0.9965787084408192,0.3307983714094258,9.040547799584964,1.291760277286253,-8.820158595581267,0.7873571713647988,0.0062556380663641,0.572718806817342,0.0,0.0,0.2789588975671024,0.0314274718157156,0.0008273326183545,0.1305670384525388,0.0057196657062227,18.996981305488333,0.0435943546803932,0.03590585851284,-12.394212566855972,660360000.0,276854000.0,-567664000.0,2552307000.0,2533441500.0,1215707000.0,0.0,55.21871432313418,0.0,0.0,1.6298822075669737,0.0,0.0,0.0779962241853896,0.0276765121642734,2025-04-30,1.02,amc,4246633540.0,2025-05-11,2025-03-31,0.1470588235294117,101.0735,1321009.35
2024-12-31,CHRW,USD,1043277,2025-02-14,2025-02-14 11:32:56,2024,Q4,4184656000.0,3854414000.0,330242000.0,0.078917359,21105000,0.0,0.0,146443000.0,0.0,146443000.0,4000857000.0,0.0,15350000.0,24280000.0,208129000.0,0.0497362268,183799000.0,0.0439221288,-15350000.0,168449000.0,0.0402539659,19143000.0,149306000.0,0.0356793963,1.24,1.22,120589000,122291000,https://www.sec.gov/Archives/edgar/data/1043277/000104327725000012/0001043277-25-000012-index.htm,https://www.sec.gov/Archives/edgar/data/1043277/000104327725000012/chrw-20241231.htm,34.701805305624895,1.2381394654570483,2.2218444468400933,2.199653368051812,1.208750383534153,14.280332368624004,1.372347394870179,14.280332368624004,14.565855923840482,12459255480.0,14054625480.0,20.861947075134285,2.977366713058373,46.50190527376553,46.97103711913864,7.235125719273122,7.235125719273122,3.358609520113481,67.52843419225576,52.45633366924197,52.98553642923387,0.0119835410903701,0.0212897151379385,1.0110803919279976,0.3286440769463371,7.66529412047336,1.2773046387411404,11.97387622149837,1.7945025652016664,0.0059807747035619,0.4990824213360481,0.0,0.0050434253138131,0.2938057269958093,0.0099876833501287,0.0006394790874088,0.1102141680395387,0.0048608535564213,19.94551251340348,0.0465240747049759,0.0399068254500697,-12.37328653525612,644705000.0,165490000.0,-606272000.0,2663193000.0,2743821000.0,1275571000.0,0.0,55.57534239373559,27.51394894269271,0.0,1.619423221225979,3.2710680748683525,0.0,0.0867024263509036,0.0221910787882808,2025-01-29,1.1,amc,4435736560.0,2025-04-29,2024-12-31,0.0999999999999998,107.61734375,1161002.5625
2024-09-30,CHRW,USD,1043277,2024-11-01,2024-11-01 16:40:09,2024,Q3,4644641000.0,4270947000.0,373694000.0,0.0804570256,0,0.0,0.0,193575000.0,0.0,193575000.0,4464522000.0,0.0,36282000.0,23948000.0,204067000.0,0.0439360114,180119000.0,0.0387799617,-36282000.0,143837000.0,0.0309683784,46608000.0,97229000.0,0.0209335878,0.81,0.8,119860000,121179000,https://www.sec.gov/Archives/edgar/data/1043277/000104327724000051/0001043277-24-000051-index.htm,https://www.sec.gov/Archives/edgar/data/1043277/000104327724000051/chrw-20240930.htm,38.75055064241615,0.8111880527281828,0.9015100951109628,0.7572751543467379,1.0988152844985817,13.683180377106623,1.3547805773402302,13.683180377106623,16.295603203737695,13228948200.0,15014153200.0,34.01492404529513,2.848217590982812,122.4279135625376,145.74623155992816,8.066107217636363,8.066107217636363,3.23257560702754,73.57462598068281,138.94917588265236,165.41422763779786,0.0073497150740978,0.0068612408656948,1.1687999141497964,0.3414907840320094,8.748131741045833,1.490061972379071,4.964417617551403,1.111345380493474,0.005516160385298,0.7505271061103169,0.0,0.0,0.2632439957921778,0.1599925963629633,0.0037221391276527,0.7218974444630032,0.0047375028554413,15.80321897645401,0.0331611878117647,0.0235098374557176,-13.881897630568997,1098149000.0,162384000.0,-634303000.0,3042399000.0,2907401000.0,1402234500.0,0.5,56.26357128570324,28.92862636787579,0.0,1.5996140654311664,3.11110520269783,0.0,0.0592835898067516,0.1442349407642249,2024-10-30,1.15,amc,4528964144.0,2025-04-25,2024-09-30,0.1130434782608696,97.10265625,1410314.234375
2024-06-30,CHRW,USD,1043277,2024-08-02,2024-08-02 13:06:04,2024,Q2,4483348000.0,4147692000.0,335656000.0,0.0748672644,10883000,0.0,0.0,142357000.0,686778000.0,142357000.0,4290049000.0,1375000.0,22900000.0,25054000.0,218353000.0,0.048703112,193299000.0,0.0431148775,-21525000.0,156565000.0,0.0349214471,30314000.0,126251000.0,0.0281599822,1.06,1.05,119418000,119920000,https://www.sec.gov/Archives/edgar/data/1043277/000104327724000042/0001043277-24-000042-index.htm,https://www.sec.gov/Archives/edgar/data/1043277/000104327724000042/chrw-20240630.htm,37.54331842770772,1.0572191796881545,1.3936090036677888,1.231681990989633,0.9476460835049992,12.648352844629787,0.0424810330100989,12.648352844629787,16.79523187459177,10366676580.0,12236263580.0,20.527909838337912,2.312262304866809,62.29150340700148,70.48085515178298,6.863344268329581,6.863344268329581,2.72926919346881,56.03890754878568,73.52551693886626,83.19178420641126,0.0121785414086874,0.0141882500977955,1.3126980795674903,0.3596931324702767,8.562222639487436,1.4166097424798805,8.441004366812226,1.3181836183475777,0.0070131444189416,0.5758607852611068,0.0,0.0024274270032127,0.2730902595736915,0.1161925706937784,0.0043130713921828,0.7718128841701923,0.0043654875775871,17.345657307324256,0.0432453385216874,0.0315077846696438,-14.280412077743724,934961000.0,5073000.0,-822731000.0,2931788000.0,2869551500.0,1407717500.0,1.0,58.44027499092197,31.065368402475404,2.1698814666084176e-08,1.5400338210930815,2.8971167775634195,4147692000.0,0.0835855223739292,0.1619270126781557,2024-07-31,0.96,amc,4532300000.0,2025-04-25,2024-06-30,0.1979166666666666,79.83603174603175,1670808.492063492
2024-03-31,CHRW,USD,1043277,2024-05-03,2024-05-03 14:19:39,2024,Q1,4412311000.0,4125727000.0,286584000.0,0.0649509973,10222000,0.0,0.0,146540000.0,678673000.0,146540000.0,4272267000.0,5320000.0,22100000.0,23878000.0,163922000.0,0.037151053,140044000.0,0.0317393765,-16780000.0,110353000.0,0.0250102497,17449000.0,92904000.0,0.0210556328,0.78,0.78,119344000,119604000,https://www.sec.gov/Archives/edgar/data/1043277/000104327724000026/0001043277-24-000026-index.htm,https://www.sec.gov/Archives/edgar/data/1043277/000104327724000026/chrw-20240331.htm,36.97136848102963,0.7784555570451803,-0.2792180587210082,-0.4675308352326049,1.0208975734012602,11.982118916744872,-0.6464589757340126,11.982118916744872,17.66304967153774,8752688960.0,10716729960.0,23.553046585722896,1.9836971963218368,-262.66209404915526,-156.86665878093805,6.1207871921140935,6.1207871921140935,2.428824704332945,65.37700833323166,-321.6015952945413,-192.06641862465725,0.0106143381107878,-0.0063748409494492,1.4586627636199871,0.3811852075478318,11.9815583021193,1.3736975033043335,6.33683257918552,-0.3586820804271075,0.0085208100437285,0.8027641436321364,0.0,0.002316699797453,0.2754241159864388,-0.6744290730126339,0.0050934759585169,0.9412011056202362,0.005138577040467,14.48688402514892,0.0325023511123383,0.0234313582818214,-15.076832513574203,849895000.0,-77151000.0,-917913000.0,2867141000.0,2699882500.0,1343862000.0,0.5,57.68205822300377,30.186090839262995,2.18143372065093e-08,1.5602771948957213,2.981505637124008,4125727000.0,0.0649681047612787,0.1883127765115967,2024-05-01,0.62,amc,4269819674.0,2025-04-25,2024-03-31,0.3870967741935484,78.1883606557377,1687314.0327868853
2023-12-31,CHRW,USD,1043277,2024-02-16,2024-02-16 13:26:51,2023,Q4,4221887000.0,3966418000.0,255469000.0,0.0605106198,9321000,0.0,0.0,152316000.0,2547247000.0,152316000.0,4118734000.0,0.0,21600000.0,23086000.0,130515000.0,0.0309139018,103153000.0,0.0244329135,-38149000.0,69280000.0,0.0164097239,38307000.0,30973000.0,0.007336293,0.26,0.26,118605000,119613000,https://www.sec.gov/Archives/edgar/data/1043277/000104327724000011/0001043277-24-000011-index.htm,https://www.sec.gov/Archives/edgar/data/1043277/000104327724000011/chrw-20231231.htm,35.59619745373298,0.2611441338898023,0.3990641203996459,0.2630158930905105,1.2269634501074995,11.96152776021247,-1.6954934446271237,11.96152776021247,16.644332026474434,10246285950.0,12053262950.0,82.7033702741097,2.4269446227307707,216.48150155289343,328.45923866004165,7.22232157395131,7.22232157395131,2.854946840797716,92.35155307819024,254.6589539625193,386.3844510338195,0.0030228514167126,0.0030445178040341,1.376263571432096,0.3736643777941086,13.844975673294256,1.4038517675255229,4.775601851851852,1.52813741000226,0.0070881293333415,2.344848739224486,0.0,0.0022077805498365,0.3099912349194684,0.3409182142781686,0.0038219876571357,0.6989517456467123,0.0049409185998916,8.38348752943183,0.0132435653022514,0.0085905129650929,-14.604458075123308,828701000.0,-201094000.0,-925889000.0,2947100000.0,2609448500.0,1339740000.0,0.5,54.825643143652506,29.5872976574834,0.0,1.641567610327611,3.041845897583575,0.0,0.0218320050017727,0.1360482273091353,2024-01-31,0.8,amc,4342040000.0,2025-04-25,2023-12-31,-0.375,83.80015873015873,1175392.619047619
2023-09-30,CHRW,USD,1043277,2023-11-03,2023-11-03 12:42:44,2023,Q3,4341030000.0,4049713000.0,291317000.0,0.0671078062,8233000,0.0,0.0,177795000.0,627753000.0,177795000.0,4227508000.0,21800000.0,20748000.0,25544000.0,139066000.0,0.0320352543,113522000.0,0.0261509365,-20748000.0,92774000.0,0.0213714257,10825000.0,81949000.0,0.0188777779,0.69,0.68,118464000,119751000,https://www.sec.gov/Archives/edgar/data/1043277/000104327723000036/0001043277-23-000036-index.htm,https://www.sec.gov/Archives/edgar/data/1043277/000104327723000036/chrw-20230930.htm,36.64429700162074,0.6917628984332793,1.7325010129659644,1.591749392220421,1.4749881820637494,11.856631550513235,-3.816231091301999,11.856631550513235,16.65371758508914,10203304320.0,11980689320.0,31.12699459419883,2.350433956918059,49.71425664712847,54.11027666852279,7.264289156077528,7.264289156077528,2.759872500305227,86.15110321717745,58.37433099946891,63.536124519396495,0.0080316138213546,0.0184807778035576,1.3898193344079102,0.3671004596564621,12.780873829692377,1.1168880822088942,5.471467129361867,2.5044722937436696,0.007129749120332,0.8877106493062759,0.0,0.0018965545043457,0.3491512349306566,0.0812418692353792,0.003841023904465,0.6527560288130285,0.0036090513080996,13.584715700314318,0.0288277930407931,0.0236778592989245,-14.798373341268231,309700000.0,-452086000.0,-953840000.0,2668124000.0,2670185500.0,1367074000.0,1.0,54.8793857678938,30.569477392595477,2.2223797093769362e-08,1.639960045847541,2.9441131375638028,4049713000.0,0.0583439651882692,0.1407516207455429,2023-11-01,0.82,amc,4362750000.0,2025-04-25,2023-09-30,0.024390243902439,93.35015873015874,912521.8095238096
2023-06-30,CHRW,USD,1043277,2023-08-04,2023-08-04 13:39:53,2023,Q2,4421856000.0,4133637000.0,288219000.0,0.0651805486,8749000,0.0,0.0,155596000.0,680077000.0,155596000.0,4289233000.0,21759000.0,18259000.0,25975000.0,158598000.0,0.0358668396,132623000.0,0.0299926094,-18259000.0,114364000.0,0.0258633479,17048000.0,97316000.0,0.0220079532,0.82,0.81,118500000,119807000,https://www.sec.gov/Archives/edgar/data/1043277/000104327723000029/0001043277-23-000029-index.htm,https://www.sec.gov/Archives/edgar/data/1043277/000104327723000029/chrw-20230630.htm,37.31524050632911,0.8212320675105486,1.8973164556962023,1.6918227848101266,1.7734599156118145,11.713983122362867,-3.904751054852321,11.713983122362867,17.854852320675107,11180475000.0,13067861000.0,28.72208835135024,2.528457507435792,49.728130337318525,55.768252353090816,8.054476348004872,8.054476348004872,2.955288684208622,82.39612731560297,58.12278056504413,65.18254098892164,0.0087041024643407,0.0179313490705895,1.5110801977081016,0.3880554519013975,11.900440106432615,1.1050135597037978,7.263431732296402,2.3103292367133874,0.0065077735963811,0.7476673928233795,0.0,0.0019785809397682,0.3424108475057911,0.108307536293766,0.0055069635917587,0.9374783445620788,0.0013648115180593,14.7121622480565,0.0313126236755477,0.0273787073691756,-15.080137126582278,289994000.0,-462713000.0,-965669000.0,2643770000.0,2783314000.0,1384995000.0,0.5,54.818684733288464,29.580659840232705,2.1772593965072403e-08,1.6417759827307166,3.042528479286688,4133637000.0,0.0701069874296433,0.2054936708860759,2023-08-02,0.91,amc,4655710000.0,2025-04-25,2023-06-30,-0.0109890109890109,96.6591935483871,1179756.3870967743
2023-03-31,CHRW,USD,1043277,2023-04-28,2023-04-28 11:56:56,2023,Q1,4611670000.0,4309136000.0,302534000.0,0.0656018319,7317000,0.0,0.0,141501000.0,638105000.0,141501000.0,4450637000.0,18665000.0,28265000.0,24380000.0,185413000.0,0.0402051751,161033000.0,0.034918587,-28265000.0,132768000.0,0.0287895708,17877000.0,114891000.0,0.0249131009,0.97,0.96,118636000,119909000,https://www.sec.gov/Archives/edgar/data/1043277/000104327723000016/0001043277-23-000016-index.htm,https://www.sec.gov/Archives/edgar/data/1043277/000104327723000016/chrw-20230331.htm,38.87243332546613,0.9684328534340336,2.1455881857109143,1.918422738460501,2.0159142250244444,11.643919215078052,-3.891247176236555,11.643919215078052,19.17986108769682,11788859320.0,13796856320.0,25.652268933162738,2.556310256371336,46.31364054937457,51.7977596948953,8.534068140160477,8.534068140160477,2.99172671071434,74.41148312146397,54.20224526997297,60.62047470495707,0.0097457266119959,0.0193058542664838,1.6267384688443798,0.4015947218377921,10.829860905114527,1.097283189070881,5.697258093047939,2.215526020314907,0.0062291862178231,0.6391710403774011,0.0,0.0015866269702732,0.3293722335327286,0.1058756050034571,0.0058438700080448,1.105414273995078,0.0033842404161616,15.928526704902804,0.0371958406670314,0.0306167479535271,-15.341614265484338,286778000.0,-461642000.0,-979550000.0,2647716000.0,3061320500.0,1439184500.0,0.5,56.07430496978319,29.477693440169908,0.0,1.6050132061110414,3.0531561155783984,0.0,0.0831706949821484,0.227165447250413,2023-04-26,0.99,amc,4821260000.0,2025-04-25,2023-03-31,-0.0101010101010101,98.4533870967742,1507997.0483870967
2022-12-31,CHRW,USD,1043277,2023-02-17,2023-02-17 14:06:38,2022,Q4,5066821000.0,4725957000.0,340864000.0,0.0672737403,6656000,0.0,0.0,176830000.0,2790713000.0,176830000.0,4902787000.0,24217000.0,42476000.0,24053000.0,188087000.0,0.0371213035,164034000.0,0.0323741454,-42476000.0,121558000.0,0.0239909797,25365000.0,96193000.0,0.0189848822,0.81,0.8,119212000,120472000,https://www.sec.gov/Archives/edgar/data/1043277/000104327723000005/0001043277-23-000005-index.htm,https://www.sec.gov/Archives/edgar/data/1043277/000104327723000005/chrw-20221231.htm,42.502608797772034,0.8069070227829414,6.487450927758951,6.253892225614871,1.824329765459853,11.35306848303862,-4.029216857363353,11.35306848303862,20.162768848773613,10915050720.0,13058736720.0,28.367580593182456,2.1542207076192352,14.11340155317812,14.640482550208642,8.064780031653099,8.064780031653099,2.577303741339984,69.42923604502172,16.8852348774603,17.515833135489896,0.0088128770509277,0.0683037595632904,1.7445911179218307,0.3965307955376749,11.397310818929538,1.080167879881499,3.8618043130238258,8.03989895314628,0.0063269518183237,0.7179212624619256,0.0,0.0013136441962327,0.3079575599489736,0.0360016136915521,0.005495161561855,1.157568702448759,0.0024336758689521,14.35686562257722,0.0338669740150166,0.0233432205456644,-16.32929151008288,266386000.0,-480331000.0,-1011904000.0,2631712000.0,3707603500.0,1564802000.0,1.0,57.71695901631417,27.937160663967106,1.904376193012336e-08,1.5593337128964255,3.221515639421458,4725957000.0,0.0710739148617356,0.2335587021440794,2023-02-01,1.38,amc,5683693669.0,2025-04-25,2022-12-31,-0.253623188405797,95.21746031746032,1422661.4444444445
2022-09-30,CHRW,USD,1043277,2022-11-04,2022-11-04 12:52:23,2022,Q3,6015376000.0,5565727000.0,449649000.0,0.0747499408,6457000,0.0,0.0,162040000.0,703186000.0,162040000.0,5727767000.0,21172000.0,15972000.0,22975000.0,310584000.0,0.0516316852,287609000.0,0.0478123063,-15972000.0,271637000.0,0.0451571107,45839000.0,225798000.0,0.0375368057,1.81,1.78,124980000,127190000,https://www.sec.gov/Archives/edgar/data/1043277/000104327722000045/0001043277-22-000045-index.htm,https://www.sec.gov/Archives/edgar/data/1043277/000104327722000045/chrw-20220930.htm,48.13070891342615,1.8066730676908305,5.004480716914706,4.754432709233478,1.5004960793726996,13.422635621699472,-1.4123139702352376,13.422635621699472,20.63273323731797,12036823800.0,14411998800.0,13.32698230276619,2.0010093799622832,19.24475394109935,20.25688570856382,7.175192913998359,7.175192913998359,2.39586000941587,46.40290163047678,23.04223899210181,24.25409039580349,0.0187589353929065,0.049365929905861,1.5276386372835324,0.3771165751604363,7.647448033382274,1.3198949172908334,18.007074881041824,2.769997962780893,0.0058977352480643,0.3143960531094164,0.0,0.0010734158596237,0.272836997261435,0.0499648258881463,0.0051951864688092,1.3602176278563656,0.0042908373474908,23.35876861461066,0.054863144298848,0.0456946107808667,-14.450666102576411,1074488000.0,-176511000.0,-684603000.0,3436652000.0,4493465000.0,1767551500.0,1.0,62.328128781974726,26.88499453889851,1.617039427194327e-08,1.4439708324121543,3.347592273815925,5565727000.0,0.1345989803053361,0.250048007681229,2022-11-02,2.17,bmo,6340542606.0,2025-04-25,2022-09-30,-0.1797235023041474,107.44703125,1251056.15625
2022-06-30,CHRW,USD,1043277,2022-07-29,2022-07-29 14:56:02,2022,Q2,6798475000.0,6211626000.0,586849000.0,0.0863206822,6640000,0.0,0.0,117184000.0,744752000.0,117184000.0,6328810000.0,0.0,0.0,23262000.0,492927000.0,0.0725055251,469665000.0,0.0690838754,-27395000.0,442270000.0,0.0650542953,94085000.0,348185000.0,0.0512151622,2.71,2.67,128405000,130338000,https://www.sec.gov/Archives/edgar/data/1043277/000104327722000038/0001043277-22-000038-index.htm,https://www.sec.gov/Archives/edgar/data/1043277/000104327722000038/chrw-20220630.htm,52.94556286748959,2.711615591293174,2.065784042677466,1.7295510299443169,1.86071414664538,15.98391807172618,2.003691445037187,15.98391807172618,20.42023285697597,13016414850.0,15399549850.0,9.34590436836739,1.9146080334192592,49.070957034121626,58.61058635735288,6.341999473790632,6.341999473790632,2.26514767650098,31.24103538657854,58.05520627165353,69.3414167225767,0.0267496852253445,0.0170617641308505,1.277548643914608,0.3516032782836037,4.834661116149045,1.4826812020368645,0.0,0.7618277639760472,0.0055632062157269,0.2079727730947628,0.0,0.0009766896252468,0.2407168198090524,0.1627629054087168,0.0063505418494588,1.8559883071103087,0.0041081271902889,31.228199318853186,0.0771754326907439,0.0614917097409748,-12.073472602312997,1682506000.0,257284000.0,-236768000.0,3971689000.0,4858594500.0,1936838500.0,1.0,63.82263228150431,27.13053393749076,1.4488959895524938e-08,1.4101580706203785,3.317295568430817,6211626000.0,0.1696464896231999,0.336233012733149,2022-07-27,1.98,amc,6770164960.0,2025-04-25,2022-06-30,0.3484848484848484,104.40225806451612,1297386.4516129033
2022-03-31,CHRW,USD,1043277,2022-04-29,2022-04-29 14:54:56,2022,Q1,6815953000.0,6323118000.0,492835000.0,0.072306103,5734000,0.0,0.0,147361000.0,672894000.0,147361000.0,6470479000.0,0.0,14174000.0,22486000.0,367960000.0,0.053985114,345474000.0,0.0506860889,-14174000.0,331300000.0,0.0486065558,60952000.0,270348000.0,0.0396640059,2.07,2.05,130499000,132155000,https://www.sec.gov/Archives/edgar/data/1043277/000104327722000019/0001043277-22-000019-index.htm,https://www.sec.gov/Archives/edgar/data/1043277/000104327722000019/chrw-20220331.htm,52.22992513352592,2.071648058605813,-0.1067287871937716,-0.3077188330945065,1.860619621606296,16.057609636855453,2.2279557697760137,16.057609636855453,19.10159464823485,14056047290.0,16291803290.0,12.998105488111618,2.0622277310304225,-1009.1935159391154,-350.02732499937747,6.707723156551509,6.707723156551509,2.3902458379627918,44.27601720295685,-1169.7159168581277,-405.70269915581343,0.0192335721716257,-0.0028569198133367,1.182802497921739,0.3295377763903178,6.076084356995326,1.4908015722340684,24.373782982926485,-0.0515187831979522,0.0051831783499925,0.2694859958275999,0.0,0.000841261669498,0.2399514554458262,-1.8831849511774843,0.0038481779437152,1.1664591301254117,0.0036100601045811,27.35833705063113,0.0601205660211326,0.0472918957516921,-11.578173008988577,1738028000.0,290746000.0,-146605000.0,3980135000.0,4656631500.0,1907326500.0,1.0,64.64986480980723,28.48376386459971,1.423348417663564e-08,1.392114279972125,3.159694780079753,6323118000.0,0.1290134774388189,0.2009900459007348,2022-04-27,1.54,amc,5961303143.0,2025-04-25,2022-03-31,0.331168831168831,101.57790322580644,1430280.1129032257
2021-12-31,CHRW,USD,1043277,2022-02-23,2022-02-23 14:45:00,2021,Q4,6501848000.0,6065501000.0,436347000.0,0.0671112275,5607000,0.0,0.0,148941000.0,2499085000.0,148941000.0,6214442000.0,0.0,18398000.0,22638000.0,310044000.0,0.0476855196,287406000.0,0.0442037402,-18398000.0,269008000.0,0.0413740832,38910000.0,230098000.0,0.0353896308,1.77,1.74,130348000,132617000,https://www.sec.gov/Archives/edgar/data/1043277/000104327722000006/0001043277-22-000006-index.htm,https://www.sec.gov/Archives/edgar/data/1043277/000104327722000006/chrw-20211231.htm,49.88068861816062,1.7652591524227452,0.5819421855341087,0.4411114861754687,1.974813575965876,15.511814527265471,1.7673075152668245,15.511814527265471,17.221031392886733,14029355240.0,15998271240.0,15.242804413771523,2.1577488800107294,184.9496439259113,243.99727364430063,6.938582189131791,6.938582189131791,2.460572938647597,51.60000270929287,210.905955309472,278.24048210372536,0.0164011813845837,0.0040984064496466,1.1010888584889518,0.3167748322735892,6.350440582626982,1.44427512264223,15.621589303185129,0.3296638823457831,0.0048751349459734,0.2972429138888647,0.0,0.0008623702061321,0.2549146911716831,0.2420011864741942,0.002823351145705,0.8108931884442089,0.0055391943951934,24.821429908672428,0.0563920075497818,0.0439408212631883,-11.015932346487864,1477811000.0,230365000.0,-202025000.0,3701770000.0,4277844500.0,1805457000.0,1.0,61.14311346558702,26.908341124665547,1.483801585392534e-08,1.471956446095183,3.3446877896720824,6065501000.0,0.1138009450357924,0.1408306993586399,2022-02-02,1.85,bmo,6217748657.0,2025-04-25,2021-12-31,-0.0594594594594595,97.1259375,1063200.75
2021-09-30,CHRW,USD,1043277,2021-10-29,2021-10-29 11:21:19,2021,Q3,6263695000.0,5819383000.0,444312000.0,0.0709344883,5152000,0.0,0.0,133543000.0,638993000.0,133543000.0,5952926000.0,0.0,16662000.0,22406000.0,333175000.0,0.0531914469,310769000.0,0.0496143251,-16662000.0,294107000.0,0.0469542339,47054000.0,247053000.0,0.0394420546,1.87,1.85,131845000,133436000,https://www.sec.gov/Archives/edgar/data/1043277/000104327721000030/0001043277-21-000030-index.htm,https://www.sec.gov/Archives/edgar/data/1043277/000104327721000030/chrw-20210930.htm,47.50802078197883,1.8738139481967464,-0.5574576206909628,-0.7298418597595662,1.5370245363874246,14.796162160112251,1.9228943077098108,14.796162160112251,15.586362774470022,11470515000.0,13306188000.0,11.607342351641146,1.8312697217856235,-156.06567525646958,-119.2039053893958,5.879903116670084,5.879903116670084,2.1243352366294976,39.93753432880618,-181.04149772782927,-138.28058944567996,0.0215380913585832,-0.0083889868937881,1.0448646709042444,0.3087147711070447,5.50963607713664,1.3625711283322255,18.65136238146681,-0.2974989172363825,0.0060302436289913,0.2799804090620231,0.0,0.0008225176992174,0.2570615299474177,-0.3092329042967155,0.0036285291668895,1.0143711505846649,0.0065156429232266,24.976353582868796,0.0634253110489841,0.0503641956810245,-10.203272778641589,1178970000.0,253524000.0,-221143000.0,3350913000.0,3799035500.0,1710194000.0,0.5,59.464705736789554,27.79842639675031,1.5465557087409438e-08,1.5135028229748544,3.237593334078837,5819383000.0,0.1266418905064588,0.1723842390686032,2021-10-26,1.42,amc,5394730000.0,2025-04-25,2021-09-30,0.3028169014084508,90.46328125,1048681.90625
2021-06-30,CHRW,USD,1043277,2021-07-30,2021-07-30 11:47:59,2021,Q2,5532726000.0,5146451000.0,386275000.0,0.0698163979,4802000,0.0,0.0,125671000.0,627146000.0,125671000.0,5272122000.0,0.0,13497000.0,22937000.0,283541000.0,0.0512479743,260604000.0,0.0471022783,-13497000.0,247107000.0,0.0446627937,53318000.0,193789000.0,0.0350259528,1.45,1.44,133275000,134856000,https://www.sec.gov/Archives/edgar/data/1043277/000104327721000024/0001043277-21-000024-index.htm,https://www.sec.gov/Archives/edgar/data/1043277/000104327721000024/chrw-20210630.htm,41.51360720315138,1.454053648471206,1.120165072219096,0.9976289626711686,1.2965897580191337,14.302532357906584,1.4682048396173326,14.302532357906584,12.721343087600824,12483869250.0,13993006250.0,16.10497661115956,2.2563686056385226,83.62160392524616,93.89262291383058,6.549189867640347,6.549189867640347,2.529134146531023,49.35090956863381,93.73036539620873,105.24301664422867,0.0155231520067386,0.0106504639977705,0.8823662107786818,0.2847577711847361,5.322464828719656,1.4392948597247348,19.308290731273612,0.7703739634344571,0.0055852875902236,0.3598037040286084,0.0,0.0008679265880869,0.289592223160538,0.1093911179583361,0.0029517095189604,0.7119937219339931,0.0052706387411919,21.631565143126146,0.0548931748768262,0.0461834636179719,-9.25112924404427,1136183000.0,195675000.0,-277832000.0,3320185000.0,3287240000.0,1511205500.0,0.0,56.27562434864839,28.381739182982603,0.0,1.5992714615197618,3.171053028841977,0.0,0.1016640698363734,0.1225361095479272,2021-07-27,1.33,amc,5394730000.0,2025-04-25,2021-06-30,0.0827067669172931,97.4873015873016,1041695.0476190476
2021-03-31,CHRW,USD,1043277,2021-04-30,2021-04-30 12:22:35,2021,Q1,4803869000.0,4462324000.0,341545000.0,0.0710979005,4647000,0.0,0.0,118216000.0,581039000.0,118216000.0,4580540000.0,0.0,11260000.0,23278000.0,246607000.0,0.0513350801,223329000.0,0.0464894026,-11260000.0,212069000.0,0.0441454586,38764000.0,173305000.0,0.0360761295,1.29,1.28,134508000,135745000,https://www.sec.gov/Archives/edgar/data/1043277/000104327721000016/0001043277-21-000016-index.htm,https://www.sec.gov/Archives/edgar/data/1043277/000104327721000016/chrw-20210331.htm,35.71437386623844,1.2884363755315669,-0.4214767894846403,-0.5218871739970857,1.617829422785262,13.889040057096976,1.2583266422815,13.889040057096976,12.516162607428557,12836098440.0,14290751440.0,18.516630276102827,2.672033404741053,-226.41816199816552,-182.8556146898772,6.870885216522757,6.870885216522757,2.974842036700001,57.94949632411083,-252.0770380300571,-203.57775777087667,0.0135013766690932,-0.0054687957036265,0.8951266655854044,0.2987987577508794,5.898668732031126,1.482071635229064,19.833836589698045,-0.3271227027494879,0.0054557076145327,0.4040852831712876,0.0,0.0009673452793987,0.3035637740830497,-0.2382346715585973,0.0028114838268903,0.580204484921385,0.0049936832165906,20.065910138653628,0.0496199631526085,0.0444635041618229,-8.732653448122045,1109202000.0,169255000.0,-318327000.0,3295716000.0,2880852000.0,1297281500.0,0.0,58.35829203502427,28.22559724484372,0.0,1.5421972929911256,3.1885950621094934,0.0,0.0927664093583779,0.1004103845124453,2021-04-27,0.98,amc,4353520000.0,2025-04-25,2021-03-31,0.3061224489795919,93.38852459016393,1138105.163934426
2020-12-31,CHRW,USD,1043277,2021-02-19,2021-02-19 14:14:17,2020,Q4,4549452000.0,4218134000.0,331318000.0,0.072825914,4510000,0.0,0.0,124516000.0,2203108000.0,124516000.0,4342650000.0,0.0,12033000.0,24660000.0,231462000.0,0.0508768968,206802000.0,0.0454564638,-12033000.0,194769000.0,0.0428115298,46962000.0,147807000.0,0.0324889679,1.09,1.08,135970000,137176000,https://www.sec.gov/Archives/edgar/data/1043277/000104327721000009/0001043277-21-000009-index.htm,https://www.sec.gov/Archives/edgar/data/1043277/000104327721000009/chrw-20201231.htm,33.45923365448261,1.0870559682282857,1.1924836360961977,1.0913730970066926,1.7930131646686769,13.826086636758108,1.2952121791571671,13.826086636758108,10.591159814665,12763503900.0,13947754900.0,21.588124885830847,2.805503585926393,78.71806132895857,86.01091620955025,6.789339779662361,6.789339779662361,3.0658098821572355,60.25937259679775,86.02185060009128,93.99136690162676,0.0115804406970095,0.0116264312027984,0.7596265398820065,0.2776001903481512,5.116394915796113,1.5989834388921864,17.18623784592371,1.0969845812444607,0.0001980647336191,0.0171033848193928,0.0,0.0009913281863398,0.3312086990971292,0.0847898755411922,0.0030219024181373,0.5575020275750203,0.0023888591417164,18.38936988871309,0.0456631946256088,0.0429617185036194,-7.6153875854968,1101969000.0,176110000.0,-322624000.0,3304526000.0,2590555000.0,1195948000.0,0.0,52.35966221865843,25.49916858971289,0.0,1.7188804546551946,3.529526842546099,0.0,0.0786235466902278,0.101110539089505,2021-01-26,0.97,amc,4033534762.0,2025-04-25,2020-12-31,0.1134020618556702,95.3928125,1248131.0
2020-09-30,CHRW,USD,1043277,2020-10-30,2020-10-30 11:48:40,2020,Q3,4224800000.0,3938431000.0,286369000.0,0.0677828536,4388000,0.0,0.0,118130000.0,559780000.0,118130000.0,4056561000.0,0.0,7465000.0,26916000.0,195155000.0,0.0461927192,168239000.0,0.0398217667,-7465000.0,160774000.0,0.0380548192,24245000.0,136529000.0,0.032316086,1.01,1.0,135671000,137128000,https://www.sec.gov/Archives/edgar/data/1043277/000104327720000042/0001043277-20-000042-index.htm,https://www.sec.gov/Archives/edgar/data/1043277/000104327720000042/chrw-20200930.htm,31.140037296106023,1.0063241223253312,-1.2426679246117447,-1.3548658150968151,1.8616284983526328,13.808101952517488,1.2846002461837829,13.808101952517488,11.103588828858046,13864219490.0,15110620490.0,25.386949823846948,3.2816274119484947,-82.23435881466717,-75.42444341080211,7.40072751138463,7.40072751138463,3.5766475312440824,77.42881550562373,-89.62727315325576,-82.20514258824042,0.0098475792379423,-0.013258301351373,0.800150958785796,0.2953729754526154,6.386723373728575,1.6199506070202996,22.5370395177495,-1.2348585282247728,0.0050723374691754,0.5150847072783071,0.0,0.0010386290475288,0.3348039878317298,-0.0902879106018007,0.0036030107934103,0.5655372269282212,0.0025506532853626,17.68182928214108,0.0407354495843138,0.040443905701883,-7.725617486419352,1091720000.0,174283000.0,-348780000.0,3313859000.0,2353481500.0,1221736000.0,0.5,53.98885864419617,27.348893506068784,0.0,1.667010606635135,3.290809552497207,0.0,0.0728792505867802,0.1121978904850705,2020-10-27,0.97,amc,4098056000.0,2025-04-25,2020-09-30,0.0309278350515464,93.88046875,1479703.546875
2020-06-30,CHRW,USD,1043277,2020-07-31,2020-07-31 11:34:33,2020,Q2,3627846000.0,3313876000.0,313970000.0,0.0865444674,0,0.0,0.0,125183000.0,551286000.0,125183000.0,3439059000.0,0.0,10211000.0,25758000.0,214545000.0,0.0591383978,188787000.0,0.052038317,-10211000.0,178576000.0,0.0492236991,34637000.0,143939000.0,0.0396761605,1.07,1.06,135010000,135610000,https://www.sec.gov/Archives/edgar/data/1043277/000104327720000036/0001043277-20-000036-index.htm,https://www.sec.gov/Archives/edgar/data/1043277/000104327720000036/chrw-20200630.htm,26.87094289311903,1.066135841789497,3.311932449448189,3.2353751573957483,2.6830308866009926,12.623716761721354,0.0763795274424116,12.623716761721354,10.726072142804236,10673890600.0,11749570600.0,18.5389133591313,2.942211604351453,23.87125981786628,24.43611518104064,6.262814786825071,6.262814786825071,3.238718126403381,54.76506373954182,26.276927790599892,26.898707441255656,0.0134851485174487,0.040923035130227,0.8436850183767444,0.2979711290967984,5.013773334265538,1.556087678829674,18.488590735481345,3.1064826072155567,0.0062988279081668,0.4670936994143352,0.0,0.0,0.3510412709977787,0.0231155958706814,0.0028490735273768,0.4012733907912105,0.0030194225443968,17.401678946758974,0.0463719329558956,0.0459623338707457,-8.367309825198133,930546000.0,10312000.0,-517435000.0,3152309000.0,2194388500.0,1172790000.0,0.5,53.89824705899864,33.85786010098145,2.7158529769973285e-08,1.6698131184393306,2.658171536286522,3313876000.0,0.0844549875376101,0.0765572920524405,2020-07-28,0.6,amc,3142621594.0,2025-04-25,2020-06-30,0.7666666666666668,75.48698412698413,1951839.238095238
2020-03-31,CHRW,USD,1043277,2020-05-01,2020-05-01 14:06:37,2020,Q1,3805008000.0,3567275000.0,237733000.0,0.0624789751,3745000,0.0,0.0,128293000.0,567162000.0,128293000.0,3695568000.0,0.0,15228000.0,24393000.0,133833000.0,0.0351728564,109440000.0,0.0287620946,-15228000.0,94212000.0,0.0247600005,16066000.0,78146000.0,0.0205376704,0.58,0.57,135474000,135969000,https://www.sec.gov/Archives/edgar/data/1043277/000104327720000027/0001043277-20-000027-index.htm,https://www.sec.gov/Archives/edgar/data/1043277/000104327720000027/chrw-20200331.htm,28.08662916869657,0.5768339312340375,0.4318097937611645,0.3232797437146611,2.174380323899789,11.715295923941126,-0.7149416124127139,11.715295923941126,13.179193055494045,8968378800.0,10444016800.0,28.691099992322066,2.356993414994134,153.30824116651567,204.77620787286511,5.650732207687141,5.650732207687141,2.744808105528293,78.03767979496835,178.5332535598899,238.46965019636497,0.0087135034929612,0.0048833798144208,1.115361302688269,0.3651182265197016,11.025965195430125,1.444341381650944,7.1867612293144205,0.7485859800885521,0.0077908172210567,0.8941084636449722,0.0,0.0009842292052999,0.3473314467691901,0.2513376297030718,0.0038641180255074,0.6027548886975772,0.0029952630848607,12.330857819956554,0.0258966886384774,0.0246957823196325,-9.62916685120392,801914000.0,-96856000.0,-654563000.0,3043595000.0,2161713000.0,1041754500.0,0.5,52.41917756808922,27.72464976767981,0.0,1.7169288831953853,3.246208725959023,0.0,0.0492376748294707,0.1085300500465033,2020-04-28,0.68,amc,4539307789.0,2025-04-25,2020-03-31,-0.161764705882353,71.84854838709677,1955367.5
2019-12-31,CHRW,USD,1043277,2020-02-19,2020-02-19 15:44:34,2019,Q4,3793326000.0,3513444000.0,279882000.0,0.0737827437,11492000,0.0,0.0,143076000.0,2182293000.0,143076000.0,3656520000.0,0.0,10784000.0,25327000.0,162133000.0,0.0427416468,136806000.0,0.0360649203,-10784000.0,126022000.0,0.0332220326,26916000.0,99106000.0,0.0261264125,0.73,0.73,135997000,136621000,https://www.sec.gov/Archives/edgar/data/1043277/000104327720000016/0001043277-20-000016-index.htm,https://www.sec.gov/Archives/edgar/data/1043277/000104327720000016/chrw-20191231.htm,27.89271822172548,0.7287366633087494,1.5556299036008148,1.412082619469547,3.2931461723420368,12.285050405523652,1.3902586086457789,12.285050405523652,11.521143848761367,10634965400.0,11743164400.0,26.827249107016733,2.8035991106485443,50.26902595468919,55.379195892501,6.365460247915582,6.365460247915582,3.0957435242844933,72.42920565214978,55.50722675729459,61.14989351121387,0.0093188831625159,0.0180573224996105,0.9313635356999634,0.335280517812741,6.835123016289096,1.6966924972269315,12.686016320474778,2.134694165842633,0.0065746335197291,0.7055173248844672,0.0,0.003029531340043,0.3192501282034707,0.0922759865948828,0.0051464071371666,0.7707979626485568,-0.0004149392907437,14.19270056841808,0.0321109667243315,0.0313686043651945,-6.926849485650418,1084080000.0,189071000.0,-330212000.0,3085022000.0,2166136500.0,1001942000.0,0.5,49.996480661034674,25.22150915170414,2.5615891415944016e-08,1.8001267051211174,3.5683828219263787,3513444000.0,0.0593189803259653,0.1435472841312676,2020-01-28,0.96,amc,4988483506.0,2025-04-25,2019-12-31,-0.2395833333333333,79.62046875,1610103.828125
2019-09-30,CHRW,USD,1043277,2019-11-04,2019-11-04 16:03:42,2019,Q3,3856132000.0,3543264000.0,312868000.0,0.0811351894,0,0.0,0.0,111783000.0,543285000.0,111783000.0,3655047000.0,0.0,13180000.0,25480000.0,226565000.0,0.0587544721,201085000.0,0.0521468145,-13180000.0,187905000.0,0.0487288817,41011000.0,146894000.0,0.038093613,1.08,1.07,136380000,137476000,https://www.sec.gov/Archives/edgar/data/1043277/000104327719000047/0001043277-19-000047-index.htm,https://www.sec.gov/Archives/edgar/data/1043277/000104327719000047/chrw-10qq393019.htm,28.27490834433201,1.077093415456812,1.2269540988414724,1.0848584836486288,2.818771080803637,12.267898518844405,1.4156547880920956,12.267898518844405,11.282651415163514,11562296400.0,12703420400.0,19.677958936375887,2.9984182076754635,69.09793942581216,78.14844173487526,6.91071905019198,6.91071905019198,3.294342724782243,56.06965065213073,75.91745990007888,85.86118835035451,0.0127045696562492,0.0127961604582286,0.9118113963574116,0.3290266100929808,5.036629664776113,1.8709233408174937,15.256828528072838,1.1391343417702562,0.0059551318888521,0.4687393630781379,0.0,0.0,0.3192091790683113,0.1158116797743408,0.0050255022390312,0.7605572998430141,0.0022950459164779,17.24261105845466,0.0474328690247208,0.0465366923067175,-6.674479395805837,1249026000.0,193067000.0,-280287000.0,3202409000.0,2252139500.0,1041856000.0,0.5,51.93069635583014,25.890026822726163,0.0,1.7330790132933755,3.476242053214033,0.0,0.0877977115479327,0.1420956151928435,2019-10-29,1.14,amc,4108402317.0,2025-04-25,2019-09-30,-0.0614035087719296,84.048125,1280563.71875
2019-06-30,CHRW,USD,1043277,2019-08-08,2019-08-08 10:04:40,2019,Q2,3908840000.0,3552510000.0,356330000.0,0.0911600372,0,0.0,0.0,128795000.0,579512000.0,128795000.0,3681305000.0,0.0,6615000.0,25082000.0,252617000.0,0.0646271016,227535000.0,0.0582103642,-6615000.0,220920000.0,0.0565180463,51740000.0,169180000.0,0.0432813827,1.23,1.22,137185000,138256000,https://www.sec.gov/Archives/edgar/data/1043277/000104327719000033/0001043277-19-000033-index.htm,https://www.sec.gov/Archives/edgar/data/1043277/000104327719000033/chrw-10qq263019.htm,28.493202609614755,1.2332252068374825,1.4549331195101505,1.3259175565841748,2.589984327732624,12.095425884754164,1.21383533185115,12.095425884754164,11.16073914786602,11566067350.0,12735231350.0,17.091363266934625,2.958951338504518,57.94768080362735,63.586155550424415,6.970403589200578,6.970403589200578,3.258059002159208,50.41320002216795,63.8053626092838,70.01380651581124,0.0146272708674828,0.0157266938273535,0.9187373554445188,0.3254559191513263,4.628207919498688,1.808795460924656,34.3968253968254,1.179778933680104,0.0059888982057501,0.4094337392126729,0.0,0.0,0.3186926264952416,0.0886745659961422,0.0045279417934732,0.7056454828163623,0.0037566132151738,18.31989743398012,0.0528441301099913,0.053012579755449,-6.99817946204031,1210233000.0,166520000.0,-318225000.0,3187769000.0,2251374000.0,1030201500.0,1.0,52.47937751353343,26.9665335213694,2.5334200325966708e-08,1.7149593662156286,3.33747012491169,3552510000.0,0.1019579813549117,0.1290155629259758,2019-07-30,1.22,amc,3908840000.0,2025-04-25,2019-06-30,0.0,84.10825396825396,1346014.0
2019-03-31,CHRW,USD,1043277,2019-05-08,2019-05-08 15:37:56,2019,Q1,3751210000.0,3412508000.0,338702000.0,0.0902913993,0,0.0,0.0,114152000.0,559252000.0,114152000.0,3526660000.0,0.0,17140000.0,24560000.0,249110000.0,0.0664079057,224550000.0,0.059860685,-17140000.0,207410000.0,0.0552914926,45622000.0,161788000.0,0.0431295502,1.17,1.16,137854000,138955000,https://www.sec.gov/Archives/edgar/data/1043277/000104327719000019/0001043277-19-000019-index.htm,https://www.sec.gov/Archives/edgar/data/1043277/000104327719000019/chrw-10qq12019.htm,27.211470106054232,1.1736184659132125,1.8637906770931565,1.7632132546026955,3.231484033832896,11.98776241530895,1.2054347352996648,11.98776241530895,11.776829109057408,12172508200.0,13333378200.0,18.809349580933077,3.244955147805641,47.37656491431552,50.07902462705603,7.365845012680318,7.365845012680318,3.5544206269443728,53.524058448075145,51.89478186750528,54.85497025499247,0.013291262354623,0.0199684400294756,0.9720324998593092,0.3419610750016392,4.660069848661234,1.9083882646551915,13.10093348891482,1.588072044898262,0.0057294683112228,0.4310702895146735,0.0,0.0,0.3164246343330543,0.0539639047059327,0.0036961407119302,0.5645358306188925,0.0045646604695551,17.79195984288146,0.0518968159435232,0.0503846552708344,-6.759286995662078,1298690000.0,166174000.0,-316529000.0,3267780000.0,2272780000.0,983497000.0,1.0,53.34647487077503,26.267305453935933,2.6373564545489716e-08,1.687084295972947,3.426312613519872,3412508000.0,0.0979013785270256,0.1005774224904609,2019-04-30,1.14,amc,3686533965.0,2025-04-25,2019-03-31,0.0175438596491228,87.81327868852459,1175719.3278688523
2018-12-31,CHRW,USD,1043277,2019-02-25,2019-02-25 11:11:01,2018,Q4,4137908000.0,3763441000.0,374467000.0,0.0904966954,0,0.0,0.0,118950000.0,2347302000.0,118950000.0,3882391000.0,0.0,9456000.0,24327000.0,279844000.0,0.0676293431,255517000.0,0.0617502854,-9456000.0,246061000.0,0.0594650727,58911000.0,187150000.0,0.0452281684,1.36,1.34,137797000,139182000,https://www.sec.gov/Archives/edgar/data/1043277/000104327719000006/0001043277-19-000006-index.htm,https://www.sec.gov/Archives/edgar/data/1043277/000104327719000006/chrw10-k2018.htm,30.0290136940572,1.358157289345922,1.915956080321052,1.8122963489771184,2.7476287582458254,11.575629367838197,1.081663606609723,11.575629367838197,9.839169212682425,11587349730.0,12555086730.0,15.478693200641198,2.80029177304087,43.8893150337294,46.39969619067069,7.264399828974846,7.264399828974846,3.034162849923198,44.864591450951245,47.554804990663335,50.274844851819374,0.0161512342650246,0.0215518652512441,0.8440617972561998,0.304094581665316,3.458130243993082,1.9207631496878232,27.021679357021995,1.4107026449372162,0.0060463351527752,0.3743574672722415,0.0,0.0,0.3266099924741587,0.0541033964236609,0.0034519858827214,0.5871665227936038,0.0046680593188635,18.80782607335744,0.0648003710502355,0.0627730493480357,-5.168147706408703,1319751000.0,149050000.0,-79251000.0,2994089000.0,2387714000.0,1024401500.0,0.5,50.50536889655353,23.221320594636666,2.3914284826040853e-08,1.7819887660723843,3.87574856620286,3763441000.0,0.1173290234325776,0.1036597313439334,2019-01-29,1.21,amc,3736469164.0,2025-04-25,2018-12-31,0.1074380165289257,89.50190476190475,1248938.5238095238
2018-09-30,CHRW,USD,1043277,2018-11-07,2018-11-07 09:14:23,2018,Q3,4291900000.0,3933155000.0,358745000.0,0.0835865235,0,0.0,0.0,112772000.0,573635000.0,112772000.0,4045927000.0,0.0,6526000.0,23923000.0,269896000.0,0.0628849694,245973000.0,0.0573109812,-6526000.0,239447000.0,0.0557904425,63552000.0,175895000.0,0.0409830145,1.27,1.25,138797000,140160000,https://www.sec.gov/Archives/edgar/data/1043277/000104327718000038/0001043277-18-000038-index.htm,https://www.sec.gov/Archives/edgar/data/1043277/000104327718000038/chrw-10qq32018.htm,30.922138086558068,1.267282434058373,1.58802423683509,1.4475024676325856,2.1455867201740677,11.287009085210777,0.7990662622390974,11.287009085210777,9.710793460953766,13579898480.0,14623400480.0,19.30114340942039,3.1640761620727416,61.61115034049716,67.5922854625726,8.668372574289721,8.668372574289721,3.4072090402851885,54.181612472952544,66.34545367106296,72.78618917022135,0.012952600511635,0.0147945877722054,0.8561856449911049,0.2985501885048752,3.866311468121054,1.851122394300391,37.69123505976096,1.2530941755024303,0.0047569575056204,0.3672588760339975,0.0,0.0,0.3240118128831474,0.0884884285409662,0.0045443742864465,0.8152823642519751,0.0055385726601272,17.93979202225488,0.0606870192378887,0.0579168377495491,-5.679530177165213,1289733000.0,110908000.0,-121054000.0,2977390000.0,2419031000.0,1068724500.0,0.0,51.44620098324752,24.66218595504118,0.0,1.749400311002688,3.6493115478112417,0.0,0.1122779670407882,0.1405217692025043,2018-10-30,1.17,amc,4017218399.0,2025-04-25,2018-09-30,0.0683760683760684,93.82349206349208,1018074.7777777778
2018-06-30,CHRW,USD,1043277,2018-08-08,2018-08-08 15:31:27,2018,Q2,4276037000.0,3945184000.0,330853000.0,0.0773737458,0,0.0,0.0,111845000.0,631988000.0,111845000.0,4057029000.0,0.0,5128000.0,24238000.0,243246000.0,0.0568858501,219008000.0,0.0512175175,-5128000.0,213880000.0,0.0500182763,54717000.0,159163000.0,0.037222082,1.14,1.13,139464000,140611000,https://www.sec.gov/Archives/edgar/data/1043277/000104327718000031/0001043277-18-000031-index.htm,https://www.sec.gov/Archives/edgar/data/1043277/000104327718000031/chrw-10qq22018.htm,30.66050737107784,1.1412479206103368,0.7736763609246831,0.6688464406585212,2.2269187747375665,10.885669420065394,0.3718235530316067,10.885669420065394,10.125781563701029,11667558240.0,12764037240.0,18.32642988634293,2.7285915065748965,108.13306987951808,125.08102744425386,7.685333512497702,7.685333512497702,2.9850156207722245,52.47378061715301,118.2950624652456,136.83573370497427,0.0136415003658897,0.0079948176028988,0.9268159659166136,0.3159587396626849,4.507695912779655,1.8092786446360565,42.708268330733226,0.6779213761992423,0.0055861731014594,0.4094984387074885,0.0,0.0,0.3292633032162332,0.135495829471733,0.0034190536704897,0.6031850812773332,0.0062136974025248,16.718943470724344,0.054425112579759,0.053285574966831,-5.994520091206333,1233929000.0,51856000.0,-176469000.0,2928557000.0,2282534000.0,1024867000.0,0.5,50.19218262143195,24.173830675578124,0.0,1.7931079164023085,3.723034268247915,0.0,0.1048394799227221,0.1048299202661618,2018-07-31,1.06,amc,4011115044.0,2025-04-25,2018-06-30,0.0660377358490564,89.23921875,1436584.875
2018-03-31,CHRW,USD,1043277,2018-05-09,2018-05-09 15:21:58,2018,Q1,3925327000.0,3627699000.0,297628000.0,0.0758224729,0,0.0,0.0,106043000.0,586097000.0,106043000.0,3733742000.0,0.0,10700000.0,24241000.0,215826000.0,0.0549829352,191585000.0,0.0488073987,-10700000.0,180885000.0,0.0460815112,38588000.0,142297000.0,0.0362509926,1.02,1.01,140032000,141270000,https://www.sec.gov/Archives/edgar/data/1043277/000104327718000016/0001043277-18-000016-index.htm,https://www.sec.gov/Archives/edgar/data/1043277/000104327718000016/chrw-10qq12018.htm,28.03164276736745,1.0161748743144423,1.432315470749543,1.3218907106946984,2.497871914990859,10.602376599634368,-0.0105832952468007,10.602376599634368,10.08126713893967,13122398720.0,14173616720.0,23.054594826313977,3.343007785083892,65.42553083711422,70.89088321889501,8.838584360720752,8.838584360720752,3.61081171581374,65.67149796595406,70.66668355187716,76.56985808208225,0.0108438253581735,0.0141061862201974,0.9436427709285284,0.3252258241839872,4.8706735981763085,1.299137589562828,17.905140186915887,1.4095167150396706,0.0049824732044112,0.4594756038426671,0.0,0.0,0.3449933329866734,0.0770952784563992,0.0039392896438946,0.6378862258157667,0.0046197425080763,15.56958721170142,0.0508420284999281,0.0504309223560065,-5.984712419304159,596603000.0,-1482000.0,-232091000.0,2313366000.0,2147145500.0,995185000.0,1.0,49.991373967060575,24.562635984959066,2.480911453789303e-08,1.8003105907691432,3.6641018518986126,3627699000.0,0.0958440652211397,0.1104247600548446,2018-05-01,1.0,amc,3886435643.0,2025-04-25,2018-03-31,0.01,92.11377049180328,1518841.1475409835
2017-12-31,CHRW,USD,1043277,2018-02-28,2018-02-28 15:54:51,2017,Q4,3959786000.0,3639536000.0,320250000.0,0.0808755827,0,0.0,0.0,109374000.0,2423567000.0,109374000.0,3748910000.0,0.0,17502000.0,23637000.0,234513000.0,0.059223655,210876000.0,0.053254393,-17502000.0,193374000.0,0.0488344572,40818000.0,152556000.0,0.0385263244,1.09,1.08,139572000,140724000,https://www.sec.gov/Archives/edgar/data/1043277/000104327718000007/0001043277-18-000007-index.htm,https://www.sec.gov/Archives/edgar/data/1043277/000104327718000007/chrw-10k2017.htm,28.370919668701458,1.0930272547502364,1.1617802997735935,1.0791921015676498,2.3922419969621416,10.215121944229502,-0.4931289943541684,10.215121944229502,10.621772275241453,12434469480.0,13565579480.0,20.37689353417761,3.1401872424418897,76.68403399279688,82.55249447302904,8.721383894034346,8.721383894034346,3.425836517427962,57.84574620596726,83.65964946469978,90.06193845643153,0.0122687984594257,0.0121135043390689,1.027532973989037,0.3458586904019374,4.823229415853279,1.2633964443867491,12.048680150839903,1.062901491911167,0.0052641570358335,0.429068669865492,0.0,0.0,0.3528400782466924,0.0710876214909467,0.0029110158983338,0.4876676397173922,0.0043679128114499,15.849973206661948,0.0561397260495999,0.0556517399650234,-6.382021462041097,523487000.0,-68827000.0,-299153000.0,2248385000.0,2109122000.0,1017015500.0,1.5,48.04646008647942,24.73596909056539,2.4728426920354682e-08,1.873186907797325,3.6384262799846048,3639536000.0,0.1070009012831887,0.0825881982059438,2018-01-30,0.84,amc,3867711627.0,2025-04-25,2017-12-31,0.0238095238095238,81.62444444444445,1604611.3015873015
2017-09-30,CHRW,USD,1043277,2017-11-08,2017-11-08 15:42:17,2017,Q3,3784451000.0,3483809000.0,300642000.0,0.0794413774,0,0.0,0.0,106177000.0,614193000.0,106177000.0,3589986000.0,0.0,10484000.0,23963000.0,218428000.0,0.0577172224,194465000.0,0.0513852604,-10484000.0,183981000.0,0.0486149774,64795000.0,119186000.0,0.0314936037,0.85,0.85,140422000,141022000,https://www.sec.gov/Archives/edgar/data/1043277/000104327717000025/0001043277-17-000025-index.htm,https://www.sec.gov/Archives/edgar/data/1043277/000104327717000025/chrw-10q9x30x17.htm,26.950556180655457,0.848770135733717,0.4866616342168606,0.3908931648886926,2.117239463901668,9.648594949509336,-0.9468744213869622,9.648594949509336,10.535984389910412,10686114200.0,11857807200.0,22.414784874062388,2.8236894069972105,156.37147999648803,194.6823501548552,7.8871587415813265,7.8871587415813265,3.1332965336319587,54.28702913545882,173.51703590974276,216.02855164875209,0.0111533526377623,0.0051365724689709,1.0842328628102222,0.3518067395538065,5.364206969802407,1.2358875941322116,18.548740938573065,0.5733727115600825,0.0059852439158847,0.5366318191733929,0.0,0.0,0.356317960488439,0.1967865609177909,0.0035534876789262,0.5611985143763302,0.0020259213291439,13.574328086908414,0.0433168238330479,0.0443441375335736,-6.730928907151301,468544000.0,-132962000.0,-365867000.0,2189286000.0,2026259000.0,1006078500.0,1.5,50.043787064491,26.705063337283992,5.1667585679926787e-08,1.7984250449315071,3.3701474085008987,1741904500.0,0.0879682627548666,0.0957684693281679,2017-10-31,0.82,amc,3650929411.0,2025-04-25,2017-09-30,0.0365853658536585,69.30698412698413,1836705.9206349207
2017-06-30,CHRW,USD,1043277,2017-08-03,2017-08-03 12:10:34,2017,Q2,3710018000.0,3420449000.0,289569000.0,0.0780505647,0,0.0,0.0,107749000.0,639094000.0,107749000.0,3528198000.0,0.0,9368000.0,22946000.0,204766000.0,0.0551927241,181820000.0,0.0490078485,-9368000.0,172452000.0,0.0464827933,61381000.0,111071000.0,0.0299381297,0.79,0.78,141061000,141587000,https://www.sec.gov/Archives/edgar/data/1043277/000104327717000017/0001043277-17-000017-index.htm,https://www.sec.gov/Archives/edgar/data/1043277/000104327717000017/chrw-10q6x30x17.htm,26.300806034268863,0.7873969417486052,0.4063135806495062,0.2911151913002176,1.9366231630287607,9.479643558460523,-0.7751752787801022,9.479643558460523,9.58002566265658,9688069480.000002,10756887480.000002,21.806028306218547,2.611326812969641,169.03200697897586,235.9203574820407,7.244998145389499,7.244998145389499,2.899416520351114,52.532585878515,187.68014446479984,261.94782612930726,0.0114647195944759,0.0042387185687276,1.003583586098797,0.3383856683835579,5.21970444312044,1.2712264964444944,19.40862510674637,0.5160212836834097,0.0066276362006437,0.5780896903782266,0.0,0.0,0.3647492403342605,0.2835208933089069,0.0043800326575234,0.7081844330166478,0.0012194010918545,12.959377022178586,0.0424231456324106,0.0440874453327744,-6.340136533131057,487528000.0,-109347000.0,-343659000.0,2168395000.0,1875490500.0,935834000.0,1.0,47.26078417948376,25.7448042640016,2.6312335018004948e-08,1.9043272675756748,3.4958510104442726,3420449000.0,0.0830618721993885,0.1151983893492886,2017-07-19,0.9,amc,4280769230.0,2025-04-25,2017-06-30,-0.1333333333333333,70.84730158730159,1443307.3015873015
2017-03-31,CHRW,USD,1043277,2017-05-09,2017-05-09 15:25:45,2017,Q1,3415125000.0,3137063000.0,278062000.0,0.0814207386,0,0.0,0.0,90104000.0,573178000.0,90104000.0,3227167000.0,0.0,9302000.0,22431000.0,210389000.0,0.0616050657,187958000.0,0.0550369313,-9302000.0,178656000.0,0.0523131657,56576000.0,122080000.0,0.0357468614,0.86,0.86,141484000,141858000,https://www.sec.gov/Archives/edgar/data/1043277/000104327717000010/0001043277-17-000010-index.htm,https://www.sec.gov/Archives/edgar/data/1043277/000104327717000010/chrw-10q3x31x17.htm,24.13788838313873,0.8628537502473778,0.6551694891295129,0.5369935823131944,1.624169517401261,9.300514545814368,-0.9343883407311074,9.300514545814368,8.829987843148341,10935298360.0,11945504360.0,22.39371387614679,3.2020199436331027,117.96947397945976,143.93095661787933,8.31029290038408,8.31029290038408,3.497823464734087,56.77817927743371,128.8675278329162,157.2273396862167,0.011163847202062,0.0069477756800775,0.9423394641128254,0.3284120957353041,4.801610350351017,1.1146515305744695,20.206192216727587,0.759305373525557,0.0059072005055013,0.529136631716907,0.0,0.0,0.383520439945081,0.1803745576939673,0.004895867647597,0.7453969952298158,0.0036068957944438,13.437341133551676,0.048680034490977,0.0524473196146015,-6.205600983150038,215243000.0,-132201000.0,-367260000.0,1898377000.0,1756984000.0,866486500.0,0.5,47.50922147798397,25.62630396648075,2.86892548858598e-08,1.8943690761530685,3.5120164077394915,3137063000.0,0.0927748401442691,0.1181759068163184,2017-04-25,0.81,amc,3216547674.0,2025-04-25,2017-03-31,0.0617283950617283,76.82516129032258,1176273.8709677418
2016-12-31,CHRW,USD,1043277,2017-03-01,2017-03-01 15:03:35,2016,Q4,3414975000.0,3113764000.0,301211000.0,0.0882029883,0,0.0,0.0,107646000.0,2381887000.0,107646000.0,3221410000.0,0.0,3118000.0,21953000.0,215518000.0,0.063109686,193565000.0,0.0566812349,-3118000.0,190447000.0,0.0557681974,68144000.0,122303000.0,0.0358137322,0.86,0.86,141711000,142164000,https://www.sec.gov/Archives/edgar/data/1043277/000104327717000004/0001043277-17-000004-index.htm,https://www.sec.gov/Archives/edgar/data/1043277/000104327717000004/chrw-10k2016.htm,24.09816457438025,0.8630452117337398,1.0766983508690222,0.9332655898271834,1.747683666052741,8.876142289589376,-1.3326841247327308,8.876142289589376,8.772205403955939,10381747860.0,11374081860.0,21.221367954997017,3.04006555245646,68.04134132913882,78.49855475070697,8.253585579168213,8.253585579168213,3.3306486460369404,52.77555406044971,74.54503775068817,86.00179850892978,0.0117805789207444,0.012739088040229,0.9858114699164524,0.3394869913512951,4.604413552464296,1.0896886547033189,62.07985888389994,1.247557296223314,0.0052304294741367,0.443987473733269,0.0,0.0,0.3960781039103973,0.1332153624328221,0.0059520201465603,0.9258871224889536,0.0020319328838424,13.128652721745404,0.0481423005910042,0.055444412559778,-6.094542766616565,162384000.0,-188856000.0,-421809000.0,1842040000.0,1696938500.0,830017500.0,0.5,45.09760393560715,24.271666060754765,0.0,1.9956714358595853,3.708027284765688,0.0,0.0972320162945095,0.1434327610418386,2017-01-31,0.84,amc,3333666071.0,2025-04-25,2016-12-31,0.0238095238095238,72.35365079365079,1534084.857142857
2016-09-30,CHRW,USD,1043277,2016-11-09,2016-11-09 14:05:03,2016,Q3,3355754000.0,3054175000.0,301579000.0,0.0898692216,0,0.0,0.0,90312000.0,584236000.0,90312000.0,3144487000.0,0.0,7426000.0,17657000.0,228924000.0,0.0682183497,211267000.0,0.062956641,-7426000.0,203841000.0,0.0607437256,74813000.0,129028000.0,0.0384497791,0.9,0.9,142611000,142883000,https://www.sec.gov/Archives/edgar/data/1043277/000104327716000036/0001043277-16-000036-index.htm,https://www.sec.gov/Archives/edgar/data/1043277/000104327716000036/chrw-10q9x30x16.htm,23.530821605626496,0.9047548926800878,0.9085344047794348,0.7182615646759366,1.5738547517372432,8.903008884307662,-1.405052906157309,8.903008884307662,8.641871945361858,10048371060.0,11048922060.0,19.469361417676783,2.9943705825874005,77.55347472736113,98.09796801780692,7.91417833179881,7.91417833179881,3.292530400023363,48.264585888766575,85.2757419713353,107.86592139175258,0.0128406882299189,0.0101938910683499,0.9648199094723262,0.3343284038315945,4.370668868270693,1.0932054597238134,28.449636412604363,1.0041773878537992,0.0063302797657633,0.4929860185386118,0.0,0.0,0.4012058202071908,0.2094283266572507,0.0080861111988542,1.536784278189953,0.0014425968053677,13.462481906103422,0.0516473159357329,0.0588089711164762,-6.366489958698838,167751000.0,-200376000.0,-426846000.0,1864264000.0,1642658500.0,789045500.0,1.0,45.12897548509218,24.172455736819277,2.9467859569278126e-08,1.9942841385736847,3.723246035896667,3054175000.0,0.1016234965546084,0.1902728401034983,2016-10-25,0.96,amc,3579520000.0,2025-04-25,2016-09-30,-0.0624999999999999,70.13328125,1398611.328125
2016-06-30,CHRW,USD,1043277,2016-08-08,2016-08-08 13:25:06,2016,Q2,3299741000.0,2975777000.0,323964000.0,0.0981786146,0,0.0,0.0,90217000.0,650782000.0,90217000.0,3065994000.0,0.0,6265000.0,18184000.0,251931000.0,0.0763487195,233747000.0,0.070837984,-6265000.0,227482000.0,0.0689393501,84392000.0,143090000.0,0.0433640095,1.0,1.0,142998000,143216000,https://www.sec.gov/Archives/edgar/data/1043277/000104327716000029/0001043277-16-000029-index.htm,https://www.sec.gov/Archives/edgar/data/1043277/000104327716000029/chrw-10q6x30x16.htm,23.07543462146324,1.0006433656414775,1.0007902208422494,0.8179135372522692,1.4481531210226717,8.831172463950544,0.0334060616232394,8.831172463950544,6.792157932278773,10617601500.0,11375518500.0,18.55056520371794,3.2177075412888465,74.19137243118978,90.77976658686732,8.407717129644295,8.407717129644295,3.447397386643376,45.15330983483573,79.4873804249848,97.25990509575924,0.0134766783251377,0.011015670535384,0.7641506445788857,0.2881396925116525,3.0084308798837776,1.259910275656623,37.309976057462094,1.0001467607799288,0.0059930672666515,0.4446991404011461,0.0,0.0,0.3756454776997793,0.1827322847300347,0.0079251674601127,1.438132424109107,0.0032141916592847,14.100681475729314,0.0633040417238378,0.0684311434634126,-4.7355469971608,387645000.0,4777000.0,-207128000.0,1857613000.0,1532935500.0,724242000.0,1.0,43.711548876108765,22.91881414501153,3.024420176646301e-08,2.05895243508955,3.926904744309784,2975777000.0,0.1133080992049665,0.1828766835899802,2016-07-26,1.0,amc,3299700000.0,2025-04-25,2016-06-30,0.0,73.10640625,1328105.609375
2016-03-31,CHRW,USD,1043277,2016-05-10,2016-05-10 14:29:26,2016,Q1,3073943000.0,2788105000.0,285838000.0,0.0929874106,0,0.0,0.0,86886000.0,608483000.0,86886000.0,2874991000.0,0.0,8772000.0,16875000.0,215827000.0,0.0702117769,198952000.0,0.064722085,-8772000.0,190180000.0,0.0618684211,71217000.0,118963000.0,0.0387004574,0.83,0.83,143525000,143658000,https://www.sec.gov/Archives/edgar/data/1043277/000104327716000025/0001043277-16-000025-index.htm,https://www.sec.gov/Archives/edgar/data/1043277/000104327716000025/chrw-10q3x31x16.htm,21.417474307611915,0.8288660512105905,0.725657550949312,0.6014631597282704,1.2499982581431806,8.303821633861697,-0.4793798989723045,8.303821633861697,6.819522731231492,10653860750.0,11444454750.0,22.389021691618403,3.46586151727602,102.29343014882382,123.41570518389804,8.939257521777874,8.939257521777874,3.723053664300216,53.02605674915557,109.88434709553528,132.57404865334493,0.0111661868679858,0.0081026964802407,0.813890851363393,0.3067441011053856,3.6630912721763274,1.2431834000823585,22.68034655722754,0.875482292813732,0.0059966993655328,0.5370409286921144,0.0,0.0,0.3986436851034629,0.171147383581373,0.0057987412258457,1.0562962962962965,0.0049379575353218,12.44435641451017,0.0550618025629511,0.0625582393265588,-4.832628458456715,333661000.0,-68803000.0,-264723000.0,1790190000.0,1484430000.0,694138500.0,0.5,42.84126283408638,22.295530476793378,3.227998945520344e-08,2.100778409556874,4.036683500026061,2788105000.0,0.0998174199492199,0.1241943912210416,2016-04-26,0.82,amc,3036865060.0,2025-04-25,2016-03-31,0.0121951219512195,68.62114754098361,1796139.31147541
2015-12-31,CHRW,USD,1043277,2016-02-29,2016-02-29 14:29:48,2015,Q4,3210853000.0,2908266000.0,302587000.0,0.0942388206,0,0.0,0.0,88008000.0,2416743000.0,88008000.0,2996274000.0,0.0,13471000.0,16896000.0,221851000.0,0.0690941005,214579000.0,0.0668292818,-13471000.0,201108000.0,0.0626338235,74525000.0,126583000.0,0.0394234803,0.88,0.88,143484000,144144000,https://www.sec.gov/Archives/edgar/data/1043277/000104327716000020/0001043277-16-000020-index.htm,https://www.sec.gov/Archives/edgar/data/1043277/000104327716000020/chrw-10k2015.htm,22.3777773131499,0.8822098631206267,1.769486493267542,1.6870313066265228,1.172458253185024,7.929838867051378,-0.8710448551754899,7.929838867051378,6.714832315798277,8898877680.0,9680648680.0,17.575183239455537,2.771499561020078,35.04971653413052,36.76280324875445,7.821092085199134,7.821092085199134,3.014977228792473,43.63581268509044,38.128852233027295,39.992434500252,0.01422460275912,0.0272014077172931,0.8349409608852132,0.2983332904152108,3.5238561016177523,1.194740842346077,15.92895850345186,2.0057432672633766,0.0072106845725291,0.5069164105764598,0.0,0.0,0.3965590552318552,0.0465983701795638,0.0036846906413965,0.7002249053030303,0.0044066171824122,12.546118777656917,0.0617917623066255,0.0658747109137726,-5.2208538931170025,282101000.0,-124981000.0,-315855000.0,1735761000.0,1578707000.0,748446000.0,0.5,42.2024303199181,21.58765738759797,0.0,2.132578605491425,4.169048933104926,0.0,0.1112519280544557,0.0824551866410192,2016-02-02,0.87,amc,3174412500.0,2025-04-25,2015-12-31,0.0114942528735632,67.32375,1613055.734375
2015-09-30,CHRW,USD,1043277,2015-11-09,2015-11-09 14:42:03,2015,Q3,3419253000.0,3094755000.0,324498000.0,0.094903185,0,0.0,0.0,91787000.0,610346000.0,91787000.0,3186542000.0,0.0,6559000.0,16831000.0,249542000.0,0.0729814378,232711000.0,0.0680590176,-6559000.0,226152000.0,0.0661407623,86720000.0,139432000.0,0.0407784975,0.96,0.96,144578000,144782000,https://www.sec.gov/Archives/edgar/data/1043277/000104327715000017/0001043277-15-000017-index.htm,https://www.sec.gov/Archives/edgar/data/1043277/000104327715000017/chrw-10q9x30x15.htm,23.6498844914164,0.9644067562146384,1.474961612416827,1.3836199145098147,0.98968722765566,7.82527770476836,-0.9320021026712224,7.82527770476836,7.169548617355337,9799496840.0,10686409840.0,17.57038707039991,2.865975942698596,45.95373834098486,48.98744177443624,8.661673432841626,8.661673432841626,3.125363885035708,42.82409309855655,50.11282615933636,53.42109787493564,0.014228485633146,0.0204133950207998,0.910406297536688,0.310937294815347,3.5541632270319226,1.1738816980646434,35.47964628754383,1.5293978426759998,0.0058095839949268,0.4083065580354581,0.0,0.0,0.3822143867365621,0.0619281865629997,0.00386224710485,0.7846236111936308,0.0036537220264192,13.030805442259648,0.0634482431799693,0.0681334307375437,-5.52829268284248,274952000.0,-134747000.0,-324991000.0,1731306000.0,1679111500.0,816084000.0,1.0,43.477759615916106,23.24501616444597,2.9081462022034056e-08,2.070023864961369,3.87179769475308,3094755000.0,0.1232424959981897,0.0913416979070121,2015-10-27,0.94,amc,3348064583.0,2025-04-25,2015-09-30,0.0212765957446808,67.1371875,1509282.8125
2015-06-30,CHRW,USD,1043277,2015-08-10,2015-08-10 11:55:36,2015,Q2,3545088000.0,3225069000.0,320019000.0,0.0902711019,0,0.0,0.0,90924000.0,642695000.0,90924000.0,3315993000.0,0.0,5894000.0,16439000.0,245534000.0,0.0692603399,229095000.0,0.0646232195,-5894000.0,223201000.0,0.0629606374,85993000.0,137208000.0,0.0387036937,0.94,0.94,145515000,145679000,https://www.sec.gov/Archives/edgar/data/1043277/000104327715000012/0001043277-15-000012-index.htm,https://www.sec.gov/Archives/edgar/data/1043277/000104327715000012/chrw-10q6x30x15.htm,24.362354396453973,0.9429131017420884,1.0363261519430986,0.9474074837645604,1.178235920695461,7.640799917534275,-1.078754767549737,7.640799917534275,7.806026870082122,9078680850.0,10037229850.0,16.54182126771034,2.560918332633774,60.203054687966265,65.85339578709144,8.16537544149351,8.16537544149351,2.831306260944721,40.87918516376551,66.55943826632449,72.80635599367483,0.0151132088754942,0.015185245772793,1.0163232303609029,0.3319610318876479,3.903935911116179,1.147225837818574,38.869189005768575,1.0990685674304703,0.0062984921427213,0.4167541251238995,0.0,0.0,0.3727440603945812,0.0858018182903296,0.0036498388756499,0.7870916722428372,0.0044238676162622,12.731996421447072,0.0602049633114886,0.0642603836289825,-5.778718685358898,249521000.0,-156975000.0,-347824000.0,1709196000.0,1678928000.0,812291500.0,0.5,43.32152262510832,23.2421352845474,2.7906379677458063e-08,2.077489306616332,3.872277606947618,3225069000.0,0.1234050245941227,0.0889186681785383,2015-07-28,0.86,amc,3243389361.0,2025-04-25,2015-06-30,0.0930232558139534,65.86,1705760.238095238
2015-03-31,CHRW,USD,1043277,2015-05-11,2015-05-11 13:45:29,2015,Q1,3300890000.0,3030924000.0,269966000.0,0.0817858214,0,0.0,0.0,88041000.0,578812000.0,88041000.0,3118965000.0,0.0,9605000.0,16243000.0,198168000.0,0.0600347179,181925000.0,0.0551139238,-9605000.0,172320000.0,0.0522041025,65844000.0,106476000.0,0.032256755,0.73,0.73,146204000,146383000,https://www.sec.gov/Archives/edgar/data/1043277/000104327715000004/0001043277-15-000004-index.htm,https://www.sec.gov/Archives/edgar/data/1043277/000104327715000004/chrw-10q3x31x15.htm,22.57728926705152,0.7282700883696752,0.6866775190829252,0.6410836912806763,0.9287228803589505,7.236600913791689,-1.4578807693359963,7.236600913791689,7.794622582145496,10705056880.0,11699273880.0,25.13490570645028,3.243081980920297,106.62938273818418,114.2128570666496,10.118009943101264,10.118009943101264,3.5442786278852068,59.03714969117113,116.53243567906767,124.82021444803635,0.009946327347305,0.0087555816891652,1.0680327404018828,0.3414697826439068,5.017041096443422,1.1185994030631774,18.94065590838105,0.9428885382621436,0.0053558799960341,0.5384781547015289,0.0,0.0,0.3841287262512299,0.0663977289705662,0.0020194553590092,0.4103921689343102,0.0046460197098358,10.889421458788377,0.0491278897289128,0.0522439030134598,-5.9974470602719485,195819000.0,-213148000.0,-404289000.0,1658128000.0,1611509000.0,754188000.0,179694000.0,45.0267745971541,23.509325868942938,0.0,1.998810725511936,3.8282680031627274,0.0,0.1006370389973724,0.0455938278022489,2015-04-27,0.74,amc,3346117808.0,2025-04-25,2015-03-31,-0.0135135135135135,73.08065573770492,2019825.508196721
2014-12-31,CHRW,USD,1043277,2015-03-02,2015-03-02 12:14:06,2014,Q4,3357202000.0,3090503000.0,266699000.0,0.0794408558,0,0.0,0.0,78971000.0,2359186000.0,78971000.0,3169474000.0,0.0,6400000.0,13567000.0,192374000.0,0.0573018841,187728000.0,0.0559179936,-6400000.0,181328000.0,0.0540116442,68381000.0,112947000.0,0.0336431945,0.77,0.77,145856000,146650000,https://www.sec.gov/Archives/edgar/data/1043277/000162828015001350/0001628280-15-001350-index.htm,https://www.sec.gov/Archives/edgar/data/1043277/000162828015001350/chrw-10k2014.htm,23.01723617814831,0.7743733545414656,1.4267770952172003,1.3968434620447563,0.8840225976305397,7.178415697674419,0.6212085892935498,7.178415697674419,7.619844229925405,10923155840.0,11899215840.0,24.17761392511532,3.2536486752956777,52.48892784377042,53.613738428766354,10.432664135661858,10.432664135661858,3.5443848299864,61.85459490367721,57.17917887210241,58.40449911160412,0.0103401436045061,0.0186519356662405,1.0553812505073947,0.3437721857502229,5.073762566667013,1.336069828538068,29.3325,1.8424924964806504,0.0052565394874014,0.5083623292340655,0.0,0.0,0.2975443155013567,0.0209798946680505,0.0013004877275779,0.3218102749318198,0.004259499428393,11.183577759030348,0.052121519335314,0.0500223656180661,-4.662103375932427,529599000.0,90607000.0,-61864000.0,1638478000.0,1606112500.0,741909000.0,179694000.5,42.13127181504121,20.8700201876523,10.465907976792128,2.136180469346032,4.312405986710463,8.59934944961991,0.1078752453403246,0.029933633172444,2015-02-03,0.76,amc,3313600000.0,2025-04-25,2014-12-31,0.0131578947368421,71.37515625,1472110.9375
2014-09-30,CHRW,USD,1043277,2014-11-10,2014-11-10 12:12:16,2014,Q3,3467362000.0,3184419000.0,282943000.0,0.0816018056,0,0.0,0.0,79606000.0,609350000.0,79606000.0,3264025000.0,0.0,6204000.0,14093000.0,217430000.0,0.0627076146,203337000.0,0.0586431414,-6204000.0,197133000.0,0.0568538849,72152000.0,124981000.0,0.0360449817,0.85,0.85,146646000,146856000,https://www.sec.gov/Archives/edgar/data/1043277/000104327714000018/0001043277-14-000018-index.htm,https://www.sec.gov/Archives/edgar/data/1043277/000104327714000018/chrw-10q9x30x14.htm,23.644436261473206,0.8522632734612604,1.2066745768721956,1.1636321481663323,0.870913628738595,6.946776591246948,0.3994994749260123,6.946776591246948,5.804481540580718,9725562719.999998,10442846719.999998,19.454082460534,2.804888188772906,54.96096567469512,56.99395647027108,9.546873881558865,9.546873881558865,3.011755542109534,48.0285458308421,59.01447110548503,61.1973999367096,0.0128507731221541,0.0175457199663198,0.8294747216351548,0.2872406675677072,3.298919192383756,1.372790591648222,32.77514506769826,1.415847208775734,0.0054167559776942,0.4215120698346148,0.0,0.0,0.3263774634711454,0.0356702871932818,0.0018204040997161,0.4478819271978996,0.0049426624621253,11.541700808258463,0.0658538413180927,0.063069095885655,-3.851966637344353,495514000.0,58585000.0,-98351000.0,1612582000.0,1670210500.0,791206500.0,0.5,42.58484115589892,21.682058799423064,2.826261242631701e-08,2.113428101575366,4.150897330948793,3184419000.0,0.1226847102777317,0.0430424287058631,2014-10-28,0.8,amc,3263435294.0,2025-04-25,2014-09-30,0.0249999999999998,66.60203125,1465804.09375
2014-06-30,CHRW,USD,1043277,2014-08-11,2014-08-11 14:00:14,2014,Q2,3502918000.0,3220867000.0,282051000.0,0.0805188703,0,0.0,0.0,81669000.0,665496000.0,81669000.0,3302536000.0,0.0,6252000.0,14800000.0,215182000.0,0.0614293569,200382000.0,0.057204308,-6252000.0,194130000.0,0.0554195102,75534000.0,118596000.0,0.0338563449,0.8,0.8,147826000,147974000,https://www.sec.gov/Archives/edgar/data/1043277/000104327714000015/0001043277-14-000015-index.htm,https://www.sec.gov/Archives/edgar/data/1043277/000104327714000015/chrw-10q6x30x14.htm,23.696223938955256,0.8022675307456063,0.7706898651116854,0.7285524873838161,0.975572632689784,6.833040195905998,0.2872566395627292,6.833040195905998,6.130531841489319,9429820540.0,10185605540.0,19.87803243785625,2.691990089405462,82.76999982445052,87.55717824678038,9.335522427955224,9.335522427955224,2.907748779731641,47.33483999591043,89.40388262762447,94.57474572651556,0.012576697456429,0.0114211081264119,0.8910000089100001,0.2963347344478592,3.5123058620144807,1.3341744712431465,32.050863723608444,0.9606394819386824,0.0055662777226087,0.4425865965125299,0.0,0.0,0.318604948263248,0.0546748823818552,0.0017782317485022,0.4208783783783784,0.0033200891371136,11.106004746205407,0.0610213461403662,0.0573074542310128,-4.112603669178629,478203000.0,42464000.0,-117804000.0,1606108000.0,1655910500.0,799081000.0,0.0,43.67239826910022,22.78032902321021,0.0,2.060798205892856,3.950777001873047,0.0,0.1174100411741004,0.0421373777278692,2014-07-29,0.76,amc,3327755000.0,2025-04-25,2014-06-30,0.0526315789473684,58.77507936507936,1649594.5555555555
2014-03-31,CHRW,USD,1043277,2014-05-12,2014-05-12 13:02:20,2014,Q1,3142585000.0,2905647000.0,236938000.0,0.0753958922,0,0.0,0.0,79967000.0,529822000.0,79967000.0,2985614000.0,0.0,0.0,14549000.0,171520000.0,0.0545792715,156971000.0,0.0499496434,-6131000.0,150840000.0,0.0479987017,57653000.0,93187000.0,0.0296529768,0.63,0.63,148517000,149008000,https://www.sec.gov/Archives/edgar/data/1043277/000104327714000008/0001043277-14-000008-index.htm,https://www.sec.gov/Archives/edgar/data/1043277/000104327714000008/chrw-10q3x31x14.htm,21.159766222048653,0.62745005622252,0.097227926769326,0.0124228202831999,0.9615936222789312,6.609324185110122,0.0570170418201283,6.609324185110122,6.127244692526782,7780805630.0,8547992630.0,20.87417137047013,2.4759252748931213,538.8369549861496,4217.238823848238,7.926680328077612,7.926680328077612,2.720051368538958,49.836710762593285,591.9662486149584,4633.05833604336,0.0119765233102217,0.0002371219752471,0.9270606980257682,0.3074149845549306,4.472871968283582,1.3206059591927208,0.0,0.1549572365244079,0.0067370915677275,0.5625248156931761,0.0,0.0,0.3287411390164342,0.872229916897507,0.0040078470431189,0.8656952367860334,0.0015251775210535,9.65960499759978,0.0487388430292322,0.0468974187220281,-4.219937784900045,442593000.0,8468000.0,-155489000.0,1579679000.0,1530807500.0,734401500.0,0.5,46.16678944244945,24.25007924224794,0.0,1.9494532993720977,3.711328078598771,0.0,0.094934071721898,0.0848051064861261,2014-04-29,0.61,amc,3042834920.0,2025-04-25,2014-03-31,0.0327868852459016,54.45836065573771,1996026.475409836
2013-12-31,CHRW,USD,1043277,2014-03-03,2014-03-03 14:31:49,2013,Q4,3152882000.0,2912036000.0,240846000.0,0.0763891576,0,0.0,0.0,85733000.0,2371327000.0,85733000.0,2997769000.0,0.0,0.0,14830000.0,161184000.0,0.0511227506,155113000.0,0.0491972107,-6005000.0,149108000.0,0.047292604,56156000.0,92952000.0,0.0294815981,0.62,0.62,150856000,151130000,https://www.sec.gov/Archives/edgar/data/1043277/000104327714000004/0001043277-14-000004-index.htm,https://www.sec.gov/Archives/edgar/data/1043277/000104327714000004/chrw-10k2013.htm,20.89994431775998,0.6161637588163547,1.0927507026568384,1.0001458344381398,1.0741833271464178,6.229278252107971,-0.2512727369146736,6.229278252107971,5.800233335101024,8802447600.0,9515400600.0,23.674712754970308,2.7918734668788745,53.397357565757545,58.34149180132293,9.367056284611229,9.367056284611229,3.0180008639714395,59.03439919594997,57.72226899932058,63.06685268892747,0.0105597902110772,0.017140459887543,0.93112445781953,0.3121858072839549,4.42322438951757,1.3106377182020834,0.0,1.7734744814527927,0.0060354804043366,0.5715530596436871,0.0,0.0,0.3488025266000147,0.0847447345433368,0.0044308667435064,0.9420094403236684,-0.0005588537725167,9.293048413032505,0.0506832813213166,0.050927356524369,-4.06918683711619,394504000.0,-37906000.0,-198609000.0,1532837000.0,1507289000.0,721724000.0,0.5,41.37874173533928,21.198261285231364,3.0906211324310555e-08,2.175029887946931,4.245631223665602,2912036000.0,0.0989141492608468,0.0926048682186986,2014-02-04,0.68,amc,3458019354.0,2025-04-25,2013-12-31,-0.0882352941176471,58.7896875,1779617.078125
2013-09-30,CHRW,USD,1043277,2013-11-08,2013-11-08 08:23:10,2013,Q3,3316665000.0,3057747000.0,258918000.0,0.0780657679,0,0.0,0.0,82563000.0,606824000.0,82563000.0,3140310000.0,0.0,2635000.0,14100000.0,190455000.0,0.0574236469,176355000.0,0.0531723885,-2635000.0,173720000.0,0.0523779158,65983000.0,107737000.0,0.0324835339,0.69,0.69,156924000,157044000,https://www.sec.gov/Archives/edgar/data/1043277/000104327713000027/0001043277-13-000027-index.htm,https://www.sec.gov/Archives/edgar/data/1043277/000104327713000027/chrw-10q9302013.htm,21.1354859677296,0.686555275165048,0.7943845428360226,0.7200874308582499,0.8266613137569779,6.299629119828707,0.0390571231933929,6.299629119828707,5.433426372001733,9351101160.0,10071378160.0,21.698908360173387,2.819428902225579,75.014047714547,82.75383994548625,9.45928702571308,9.45928702571308,3.0365979560793748,52.88061830878685,80.7920723900592,89.12802909760264,0.0115213169183595,0.0120840313955067,0.8598339205493226,0.2939581569584391,3.781874983591925,1.3423667023673451,66.92789373814041,1.1570583921958102,0.0057853079625972,0.5021394692631129,0.0,0.0,0.3397582211450673,0.0935278923133693,0.0035152781483809,0.8268794326241135,0.000292763966213,9.86475955538397,0.0565127231812595,0.056432392906941,-3.820538923300451,447210000.0,6129000.0,-149564000.0,1585337000.0,1567941500.0,752290000.0,0.0,42.46727661672192,22.29753475352932,0.0,2.119278822898702,4.036320651356068,0.0,0.1089834436449675,0.0742971119777726,2013-11-05,0.73,amc,3508972463.0,2025-04-25,2013-09-30,-0.0547945205479452,58.6921875,1173490.953125
2013-06-30,CHRW,USD,1043277,2013-08-08,2013-08-08 15:10:31,2013,Q2,3288262000.0,3021669000.0,266593000.0,0.0810741358,0,0.0,0.0,84117000.0,634737000.0,84117000.0,3105786000.0,0.0,589000.0,14145000.0,196621000.0,0.0597948095,182476000.0,0.055493145,-589000.0,181887000.0,0.055314023,70015000.0,111872000.0,0.0340216199,0.7,0.7,159818000,159917000,https://www.sec.gov/Archives/edgar/data/1043277/000104327713000017/0001043277-13-000017-index.htm,https://www.sec.gov/Archives/edgar/data/1043277/000104327713000017/chrw-10q6302013.htm,20.57504160983118,0.6999962457295174,0.7278341613585454,0.6502459047166151,0.9386739916655196,9.379825801849604,3.215000813425271,9.379825801849604,2.2916129597417063,9032913360.0,9248548360.0,20.1858225471968,2.747017530841521,77.65505248407425,86.92096265432396,6.025698258581183,6.025698258581183,2.8125947263326343,47.0374393376089,79.50884500649066,88.99595230992773,0.0123849300376772,0.0115047046128205,0.2439200434937778,0.1251570658675461,1.0967038108849003,1.339583331768079,309.80645161290323,1.039768664187643,0.006261324308772,0.5055599256292906,0.0,0.0,0.337235948787371,0.1066015594776523,0.003770989051359,0.8766348533050548,0.0014506143366921,12.154483290336149,0.0573733250642636,0.0577763202404592,-0.5900367918507302,451981000.0,513815000.0,360488000.0,1590558000.0,1520356000.0,724396000.0,0.5,42.99527835677327,22.249948621109723,0.0,2.0932531068454363,4.044953160683353,0.0,0.0746278513606815,0.0775882566419302,2013-08-06,0.74,amc,3379641666.0,2025-04-25,2013-06-30,-0.027027027027027,57.65265625,1530776.96875
2013-03-31,CHRW,USD,1043277,2013-05-09,2013-05-09 17:15:56,2013,Q1,2994267000.0,2751190000.0,243077000.0,0.0811808032,0,0.0,0.0,74371000.0,569260000.0,74371000.0,2825561000.0,0.0,0.0,13807000.0,182513000.0,0.06095415,168706000.0,0.0563430048,-60000.0,168646000.0,0.0563229665,65303000.0,103343000.0,0.0345136222,0.64,0.64,160637000,160690000,https://www.sec.gov/Archives/edgar/data/1043277/000104327713000012/0001043277-13-000012-index.htm,https://www.sec.gov/Archives/edgar/data/1043277/000104327713000012/chrw-10q3312013.htm,18.63995841555806,0.6433324825538326,-0.3613737806358435,-0.4247278024365495,0.9954120159116516,9.273610687450589,3.1163430591955774,9.273610687450589,2.4317498459259075,9413328200.0,9644057200.0,22.772050840405253,3.1437838375802825,-162.15896985357452,-137.97071833731513,6.319005830091597,6.319005830091597,3.2208407600257427,52.84038506846088,-166.13362962962964,-141.3525026748941,0.010978370009451,-0.0072479147173472,0.2622225504049514,0.13800414052343,1.2641784420835775,1.3530834534550638,0.0,-0.5617216453944631,0.0059992596454886,0.5464617826074335,0.0,0.0,0.3494308546718671,-0.1753143841515934,0.0033988284945864,0.7370898819439414,0.0017082644934469,11.585997461608352,0.0524301446305605,0.0561196866642229,-0.4893362021203085,441152000.0,500600000.0,349704000.0,1581133000.0,1440981000.0,670615000.0,1.0,44.17920646355185,22.95708402545808,3.2713116869427414e-08,2.0371574594543844,3.920358522022885,2751190000.0,0.069372384094624,0.0633540218007059,2013-05-07,0.69,amc,3228229687.0,2025-04-25,2013-03-31,-0.0724637681159419,61.06966666666666,1742481.2166666666
2012-12-31,CHRW,USD,1043277,2013-03-01,2013-03-01 14:15:36,2012,Q4,2970876000.0,2752286000.0,218590000.0,0.0735776249,0,731223000.0,-646237000.0,84986000.0,2250270000.0,84986000.0,2837272000.0,0.0,0.0,12009000.0,145613000.0,0.0490134896,133604000.0,0.0449712475,282166000.0,415770000.0,0.1399486212,159378000.0,256392000.0,0.086301818,1.59,1.58,160880000,161799000,https://www.sec.gov/Archives/edgar/data/1043277/000104327713000004/0001043277-13-000004-index.htm,https://www.sec.gov/Archives/edgar/data/1043277/000104327713000004/chrw-10k2012.htm,18.466409746394827,1.5936847339632023,1.2008080556936849,1.1276790154152163,1.305438836399801,9.350895077076082,3.246444554947787,9.350895077076082,1.5766161113873696,10170833600.0,10214460600.0,9.917268869543513,3.423513334114248,52.6478813164515,56.06205235336593,6.760850108882643,6.760850108882643,3.43819822840132,70.14799914842769,52.87371031027093,56.3025261684149,0.0252085532104271,0.0178373776560458,0.1686059033271026,0.0904513724825932,0.299609238186151,1.3571392051886966,0.0,0.7534790477081968,0.0110197457168112,0.4371431245904708,0.2461304342557548,0.0,0.3502158350346352,0.0608998581677761,0.0039601114284137,0.9796819052377383,0.0128931668639148,18.311294915915308,0.0451286465036071,0.1407091986844047,-0.1910243628791646,440073000.0,522288000.0,372437000.0,1572008000.0,1373356500.0,684602000.0,36117500.5,42.779382242813234,20.91039957330016,3.2700090034247895e-08,2.1038171960774315,4.30407844118475,2752286000.0,0.1704312497174901,0.0731290402784684,2013-02-05,0.7,amc,3058279411.0,2025-04-25,2012-12-31,-0.0285714285714284,61.06887096774194,1135531.7741935484
2012-09-30,CHRW,USD,1043277,2012-11-08,2012-11-08 13:46:05,2012,Q3,2880409000.0,2447739000.0,432670000.0,0.1502113068,0,245413000.0,0.0,245413000.0,563972000.0,245413000.0,2693152000.0,0.0,0.0,8873000.0,196130000.0,0.0680910246,187257000.0,0.0650105593,76000.0,187333000.0,0.0650369444,71003000.0,116330000.0,0.0403866256,0.72,0.72,160782000,161003000,https://www.sec.gov/Archives/edgar/data/1043277/000144530512003564/0001445305-12-003564-index.htm,https://www.sec.gov/Archives/edgar/data/1043277/000144530512003564/chrw-930x10q.htm,17.914996703611102,0.7235262653779652,0.9772735754002314,0.8906905001803684,1.6976713811247528,8.028728340237091,5.648710676568273,8.028728340237091,0.0,9502216200.0,9229261200.0,20.420820510616352,3.2989121336587965,60.47436612188789,66.35301486659172,7.361066098576547,7.361066098576547,3.204149549595214,47.056856166828126,58.73721551855811,64.44699770262626,0.0122424071975967,0.0150709052483987,0.0,0.0,-1.3917044817213071,1.8401543619510583,0.0,1.3507091893750538,0.0056957239091234,0.4652454225049428,0.0852007475327288,0.0,0.1705833500871719,0.0885965582200499,0.0048329942032537,1.5689169390285134,0.0015685272473457,11.43251530566587,0.0890911250730148,0.0625227412833366,2.224211976465027,788111000.0,908211000.0,773774000.0,1305212000.0,1374983500.0,782218000.0,36117500.0,41.69960932631442,26.83168426045424,2.655981703931669,2.1582936016430674,3.354243405906729,33.88577559354884,0.0901171685871986,0.0865830752198629,2012-10-23,0.73,amc,2920405555.0,2025-04-25,2012-09-30,-0.0136986301369863,56.897777777777776,1381143.111111111
2012-06-30,CHRW,USD,1043277,2012-08-09,2012-08-09 12:18:41,2012,Q2,2955714000.0,2530191000.0,425523000.0,0.1439662295,0,240609000.0,0.0,240609000.0,599576000.0,240609000.0,2770800000.0,0.0,0.0,8791000.0,184914000.0,0.0625615334,184914000.0,0.0625615334,686000.0,185600000.0,0.0627936262,71018000.0,114582000.0,0.0387662676,0.71,0.71,161887000,162200000,https://www.sec.gov/Archives/edgar/data/1043277/000119312512346421/0001193125-12-346421-index.htm,https://www.sec.gov/Archives/edgar/data/1043277/000119312512346421/d356814d10q.htm,18.257883585463933,0.70779000166783,0.2034999722028328,0.1346247691290838,1.4863886538140805,7.895569131554726,5.4238264962597365,7.895569131554726,0.0,9475246110.0,9234619110.0,20.673504804419544,3.2057384814633623,287.6167469038368,434.7639767826007,7.413018494902949,7.413018494902949,3.1243276954400865,49.94007544047504,280.3126247571637,423.723002202441,0.0120927729654507,0.0023000985670439,0.0,0.0,-1.3012914111424772,1.798722482227145,0.0,0.2875146183519226,0.0057440196664189,0.474996072681573,0.0814046961241852,0.0,0.1786353476050659,0.3384531325886352,0.0037723541587582,1.2683426231372996,0.0022982602511609,11.213345174291687,0.0884498380664265,0.0622776999939125,2.1024572695769272,758260000.0,878047000.0,745792000.0,1290658000.0,1330384500.0,791165000.0,0.0,43.09791136760864,29.69035934441313,0.0,2.0882682511533925,3.0312869896920063,0.0,0.0896439496475484,0.0688752030737489,2012-07-24,0.71,amc,2955700000.0,2025-04-25,2012-06-30,0.0,60.65301587301587,1483808.634920635
2012-03-31,CHRW,USD,1043277,2012-05-10,2012-05-10 13:27:25,2012,Q1,2552114000.0,2137368000.0,414746000.0,0.1625107656,0,245201000.0,0.0,245201000.0,511225000.0,245201000.0,2382569000.0,0.0,0.0,8417000.0,169545000.0,0.0664331609,169545000.0,0.0664331609,214000.0,169759000.0,0.066517013,63259000.0,106500000.0,0.0417301108,0.65,0.65,162693000,163023000,https://www.sec.gov/Archives/edgar/data/1043277/000119312512224754/0001193125-12-224754-index.htm,https://www.sec.gov/Archives/edgar/data/1043277/000119312512224754/d326938d10q.htm,15.686685966820946,0.6546071435157014,0.4738003478945007,0.3888550828861721,1.913819279256022,7.6715839034254705,5.198256839569004,7.6715839034254705,0.0,10654764570.0,10343399570.0,25.011184436619715,4.174877991343647,138.22277735976337,168.4174976289833,8.536698656291536,8.536698656291536,4.052875212470917,61.00680981450353,134.18348256447513,163.49582021370765,0.009995528225923,0.0059376253303736,0.0,0.0,-1.8364740924238403,1.836439502814076,0.0,0.7237934272300469,0.0051361998325224,0.5138497652582159,0.0960776046838033,0.0,0.1885376132990673,0.1792849359140677,0.005415118603636,1.6419151716763694,0.0038266315689659,10.629776882343467,0.0842555674648699,0.0614934418543419,2.2080067980798197,729264000.0,845720000.0,714959000.0,1262418000.0,1217508000.0,695155000.0,0.0,43.9181439387112,31.481438853767813,0.0,2.049266929986775,2.8588274004264096,0.0,0.0853288123751615,0.0849452650083285,2012-04-24,0.65,amc,2552100000.0,2025-04-25,2012-03-31,0.0,66.15790322580645,1295506.064516129
2011-12-31,CHRW,USD,1043277,2012-02-29,2012-02-29 13:53:29,2011,Q4,2568284000.0,2166899000.0,401385000.0,0.1562852862,0,229430000.0,0.0,229430000.0,2103313000.0,229430000.0,2396329000.0,0.0,0.0,8784000.0,180739000.0,0.0703734478,171955000.0,0.0669532653,1373000.0,173328000.0,0.0674878635,64114000.0,109214000.0,0.0425241134,0.67,0.67,162920000,163682000,https://www.sec.gov/Archives/edgar/data/1043277/000119312512088389/0001193125-12-088389-index.htm,https://www.sec.gov/Archives/edgar/data/1043277/000119312512088389/d270024d10k.htm,15.76408053032163,0.6703535477534986,0.8357291922415909,0.6901055732875031,2.293573533022342,7.663110729192241,5.393794500368279,7.663110729192241,0.3811686717407316,11368557600.0,11056988600.0,26.023581225850165,4.426518874080903,83.49594659106766,101.11496371139889,9.105962639189924,9.105962639189924,4.305204798223249,61.176550716779445,81.20763971004061,98.3437864664864,0.0096066716502364,0.0098897330651691,0.0497407234752185,0.0290452802355053,-1.7238614798134326,1.8383346717893028,0.0,1.2466991411357518,0.0042555090717928,0.442974343948578,0.0893320209135749,0.0,0.1729232507702144,0.174247376190721,0.0092376855519093,2.700933515482696,0.0025413856100026,10.750923353051736,0.0858951160841075,0.0617613061859704,2.3099051681807024,734911000.0,878757000.0,721976000.0,1231458000.0,1213858000.0,691824500.0,0.0,41.68827512845153,26.692743870388053,0.0,2.158880397970137,3.371702828192297,0.0,0.087477993134018,0.1456236189540879,2012-01-31,0.68,amc,2606632835.0,2025-04-25,2011-12-31,-0.0147058823529411,69.09,1038048.0634920635
2011-09-30,CHRW,USD,1043277,2011-11-09,2011-11-09 11:35:47,2011,Q3,2694928000.0,2271862000.0,423066000.0,0.1569860122,0,239101000.0,0.0,239101000.0,544248000.0,239101000.0,2510963000.0,0.0,0.0,8415000.0,183965000.0,0.0682634193,183965000.0,0.0682634193,50000.0,184015000.0,0.0682819727,69668000.0,114347000.0,0.0424304471,0.7,0.7,163948000,164471000,https://www.sec.gov/Archives/edgar/data/1043277/000119312511303810/0001193125-11-303810-index.htm,https://www.sec.gov/Archives/edgar/data/1043277/000119312511303810/d239089d10q.htm,16.43769975846,0.6974589503989069,1.3095676677971064,1.252866762632054,2.334502403201015,7.735525898455608,5.247639495449777,7.735525898455608,0.0,11225519560.0,10842782560.0,24.542663034447777,4.165424664406618,52.28443071993144,54.65066361578345,8.85136975802382,8.85136975802382,4.023403430444153,58.93937738156715,50.50177949799954,52.787335069740266,0.0101863436599811,0.0182980394717694,0.0,0.0,-2.0804881363302803,1.84758712135152,0.0,1.877626872589574,0.0043433178962809,0.4263863503196411,0.0887225929598119,0.0,0.187150999477847,0.0432974229276994,0.003449442805151,1.1046939988116458,0.0035121532003823,11.01781579593747,0.0891193151308922,0.0645461555222138,2.4402996681874742,760039000.0,860340000.0,745534000.0,1282729000.0,1274635500.0,749500000.0,0.0,41.34697105080358,29.35386480340795,0.0,2.1767011636575697,3.066035787885454,0.0,0.0901630942167945,0.0567009051650523,2011-10-25,0.7,amc,2694900000.0,2025-04-25,2011-09-30,0.0,71.22359375,1419058.265625
2011-06-30,CHRW,USD,1043277,2011-08-09,2011-08-09 13:37:46,2011,Q2,2707662000.0,2289796000.0,417866000.0,0.1543272388,0,237771000.0,0.0,237771000.0,567552000.0,237771000.0,2527567000.0,0.0,0.0,8160000.0,180095000.0,0.0665131024,180095000.0,0.0665131024,326000.0,180421000.0,0.0666335015,69398000.0,111023000.0,0.0410032715,0.67,0.67,164607000,165194000,https://www.sec.gov/Archives/edgar/data/1043277/000119312511216070/0001193125-11-216070-index.htm,https://www.sec.gov/Archives/edgar/data/1043277/000119312511216070/d10q.htm,16.449251854416882,0.6744731390524097,0.1594160637153948,0.097723669102772,1.9190982157502416,7.827285595387803,5.3799777652226215,7.827285595387803,0.0,12977615880.0,12661718880.0,29.22280941786837,4.792923149196613,494.5549285469304,806.7646325997762,10.072457308374714,10.072457308374714,4.676255337630768,70.30577684000112,482.516629701612,787.1266243938829,0.0085549611751954,0.0012395188876556,0.0,0.0,-1.754057580721286,1.8834762166432368,0.0,0.236356430649505,0.0037534629203403,0.4387469263125658,0.087814136328685,0.0,0.1836286584401382,0.3869898250828855,0.0037504681160351,1.244485294117647,0.0037297860663554,10.89881243209877,0.0849923646614983,0.061991018189757,2.393093853845827,786194000.0,885582000.0,770710000.0,1303910000.0,1243483500.0,733573500.0,0.0,43.58272192023968,29.79395107686449,0.0,2.065038529826296,3.020747391569913,0.0,0.0861694812119594,0.0616923946126227,2011-07-26,0.69,amc,2788526865.0,2025-04-25,2011-06-30,-0.0289855072463766,77.92079365079366,930129.9047619049
2011-03-31,CHRW,USD,1043277,2011-05-10,2011-05-10 11:24:42,2011,Q1,2365472000.0,1975131000.0,390341000.0,0.1650161152,0,233626000.0,0.0,233626000.0,502138000.0,233626000.0,2208757000.0,0.0,0.0,7139000.0,156715000.0,0.0662510484,156715000.0,0.0662510484,225000.0,156940000.0,0.0663461669,59912000.0,97028000.0,0.0410184521,0.59,0.59,165124000,165764000,https://www.sec.gov/Archives/edgar/data/1043277/000119312511133640/0001193125-11-133640-index.htm,https://www.sec.gov/Archives/edgar/data/1043277/000119312511133640/d10q.htm,14.325428163077444,0.5876068893679901,0.3186272134880453,0.2603074053438628,2.1820995130931906,7.43396477798503,5.014667764831279,7.43396477798503,0.0,12240642120.0,11881307120.0,31.53894267634085,5.174714441768916,232.65432725752189,284.7786827350348,9.97179865843982,9.97179865843982,5.022806069993642,75.81474089908433,225.82455134662536,276.4187497382686,0.0079267083416699,0.0035114987905552,0.0,0.0,-2.292920269278627,1.8574162409789623,0.0,0.5422455373706558,0.0039908854062633,0.5034732242239354,0.0987650667604604,0.0,0.1905631449950246,0.1830346112177598,0.0040710691143247,1.3489284213475277,0.0052885851111321,9.913909454620672,0.0778489797498894,0.0571812476058579,2.26096902933553,730312000.0,828042000.0,713263000.0,1244575000.0,1105922500.0,638542500.0,0.0,44.73515222331949,32.31236814165744,0.0,2.0118407008143566,2.7853111726580964,0.0,0.0790435396073077,0.0583198081441825,2011-04-26,0.6,amc,2326721311.0,2025-04-25,2011-03-31,0.0166666666666666,74.94322580645161,1380351.677419355
2010-12-31,CHRW,USD,1043277,2011-03-01,2011-03-01 11:52:53,2010,Q4,2325349000.0,1937185000.0,388164000.0,0.166927201,0,224099000.0,0.0,224099000.0,2135861000.0,224099000.0,2161284000.0,0.0,0.0,7256000.0,171321000.0,0.0736753924,164065000.0,0.0705550006,256000.0,164321000.0,0.0706650916,61160000.0,103161000.0,0.0443636633,0.63,0.62,164732000,165933000,https://www.sec.gov/Archives/edgar/data/1043277/000119312511051458/0001193125-11-051458-index.htm,https://www.sec.gov/Archives/edgar/data/1043277/000119312511051458/d10k.htm,14.115951970473253,0.6262353398246849,1.2604897651943765,1.2182271811184229,2.476124857344049,7.309253818323095,5.047331423160042,7.309253818323095,0.0,13209859080.0,12811252080.0,32.01272544857068,5.680807087452249,63.6181286149786,65.8251607277221,10.971024128205384,10.971024128205384,5.509388947637538,74.7792277654228,61.69845398111181,63.83888898301284,0.007809394436023,0.0151917593355583,0.0,0.0,-2.326667483846113,1.9203661967815224,0.0,2.0128052267814387,0.0031940537551896,0.4090014637314489,0.0963722004739933,0.0,0.1867070134323863,0.0335287007026482,0.0029939591863414,0.9594818081587652,0.0062265922233608,10.148376402046038,0.0841442332518313,0.0635584761885985,2.387626569215453,710161000.0,831457000.0,690137000.0,1197105000.0,1089263500.0,619435500.0,0.0,40.09991618462433,26.386994530723708,0.0,2.244393718571139,3.41077116210444,0.0,0.0856770547842812,0.0422625840759536,2011-02-01,0.63,amc,2362804838.0,2025-04-25,2010-12-31,-0.0158730158730158,73.996875,1281146.03125
2010-09-30,CHRW,USD,1043277,2010-11-09,2010-11-09 10:35:49,2010,Q3,2420357000.0,2037777000.0,382580000.0,0.1580675909,0,216247000.0,0.0,216247000.0,510134000.0,216247000.0,2254024000.0,0.0,0.0,7412000.0,166333000.0,0.0687225066,166333000.0,0.0687225066,149000.0,166482000.0,0.0687840678,63855000.0,102627000.0,0.0424015961,0.62,0.62,164691000,165576000,https://www.sec.gov/Archives/edgar/data/1043277/000119312510253477/0001193125-10-253477-index.htm,https://www.sec.gov/Archives/edgar/data/1043277/000119312510253477/d10q.htm,14.696352563285185,0.6231488059456801,0.7727380366868863,0.6893880054162037,1.7217455720106138,7.107735091777935,4.685714459199349,7.107735091777935,0.0,11515194720.0,11265761720.0,28.051084802245025,4.757643074967866,90.48344546333183,101.42329058624576,9.837170223308105,9.837170223308105,4.654586790295812,67.73016611255734,88.52346495053551,99.22633983934612,0.0089123112978501,0.0098596682696825,0.0,0.0,-1.4996001995995984,1.8580973672710688,0.0,1.240053787015113,0.0036536941860762,0.4099603418203786,0.0893450842169151,0.0,0.2012452549942384,0.1078632438336358,0.0056714773894925,1.8519967620075557,0.0042088832349938,9.982808938216822,0.0859762163911411,0.0648225523133857,1.997041429100558,677455000.0,771695000.0,655436000.0,1192599000.0,1146370000.0,684142500.0,0.0,42.481803304223305,29.631259946500524,0.0,2.118554133766085,3.037332876242715,0.0,0.0876719233200635,0.0833500312706826,2010-10-26,0.61,amc,2381361290.0,2025-04-25,2010-09-30,0.0163934426229508,64.3384375,1642374.171875
2010-06-30,CHRW,USD,1043277,2010-08-09,2010-08-09 11:35:58,2010,Q2,2453982000.0,2089349000.0,364633000.0,0.1485882945,0,208178000.0,0.0,208178000.0,589351000.0,208178000.0,2297527000.0,0.0,0.0,7142000.0,156455000.0,0.0637555614,156455000.0,0.0637555614,363000.0,156818000.0,0.0639034842,59592000.0,97226000.0,0.0396196875,0.59,0.59,164749000,165765000,https://www.sec.gov/Archives/edgar/data/1043277/000119312510182794/0001193125-10-182794-index.htm,https://www.sec.gov/Archives/edgar/data/1043277/000119312510182794/d10q.htm,14.89527705782736,0.590146222435341,0.036103405786985,0.014130586528598,1.308183964697813,6.706395789959271,4.305167254429465,6.706395789959271,0.1508294435778062,9169929340.0,9028653340.0,23.578902094090058,3.7367549313727646,1541.6828076664424,3938.97308419244,8.299539982912048,8.299539982912048,3.679184826946571,57.70766891438433,1517.9309583053127,3878.2875171821306,0.010602698929848,0.0002538732757563,0.0224903880268483,0.012929433152921,-0.9029816880253108,1.7809948079523032,0.0,0.0611770514060025,0.0046049427901044,0.4343179807870322,0.0848327330844317,0.0,0.205838615449135,0.6086079354404842,0.0014751534444832,0.5068608232987959,0.0031446848428391,9.436602576458151,0.0858627419381873,0.0637007024858906,1.5855164523001657,618683000.0,709272000.0,593834000.0,1129721000.0,1076545000.0,670305000.0,0.0,42.18672753100879,30.039859305458304,0.0,2.1333723961842432,2.9960193583079406,0.0,0.0879975236950524,0.021972819258387,2010-07-27,0.55,amc,2287627118.0,2025-04-25,2010-06-30,0.0727272727272725,58.3068253968254,1874323.9206349207
2010-03-31,CHRW,USD,1043277,2010-05-10,2010-05-10 10:39:39,2010,Q1,2074617000.0,1742016000.0,332601000.0,0.16031923,0,196594000.0,0.0,196594000.0,534472000.0,196594000.0,1938610000.0,0.0,0.0,7559000.0,136007000.0,0.0655576427,136007000.0,0.0655576427,474000.0,136481000.0,0.0657861186,52469000.0,84012000.0,0.0404951854,0.51,0.5,165440000,166575000,https://www.sec.gov/Archives/edgar/data/1043277/000119312510114033/0001193125-10-114033-index.htm,https://www.sec.gov/Archives/edgar/data/1043277/000119312510114033/d10q.htm,12.539996373307543,0.5078094777562863,0.0237246131528046,-0.0026777079303675,1.7067275145067695,6.425864361702128,3.9885698742746616,6.425864361702128,0.1393375241779497,9239824000.0,9033231000.0,27.49554825501119,4.453749294448084,2354.095286624204,-20857.39051918736,8.691437736044286,8.691437736044286,4.354168022338581,66.41739763394531,2301.460127388535,-20391.040632054177,0.0090923809804169,-4.794463617488818e-05,0.0216838570400575,0.0125132517681237,-1.5189879932650523,1.750440441234823,0.0,0.0467195162595819,0.0045898060395955,0.504796933771366,0.0947615873194907,0.0,0.218882025744121,1.1128662420382165,0.0021054488611632,0.577854213520307,0.0022481257986413,8.568552011693429,0.0770800134868162,0.0583829807342834,1.5434855536750482,567378000.0,659869000.0,544326000.0,1086147000.0,944175000.0,586245500.0,0.0,43.50327313427008,33.232272263859805,0.0,2.068809850748948,2.708210840517074,0.0,0.0790258631636871,0.0264023210831721,2010-04-21,0.51,amc,2116092000.0,2025-04-25,2010-03-31,-0.0196078431372549,55.21065573770492,1832093.3934426229
2009-12-31,CHRW,USD,1043277,2010-03-01,2010-03-01 16:03:50,2009,Q4,2008366000.0,1669280000.0,339086000.0,0.1688367559,0,196328000.0,0.0,196328000.0,0.0,196328000.0,1865608000.0,0.0,0.0,8319000.0,151077000.0,0.0752238387,142758000.0,0.0710816654,592000.0,143350000.0,0.0713764324,55616000.0,87734000.0,0.0436842687,0.53,0.52,166276000,167538000,https://www.sec.gov/Archives/edgar/data/1043277/000119312510044679/0001193125-10-044679-index.htm,https://www.sec.gov/Archives/edgar/data/1043277/000119312510044679/d10k.htm,12.078508022805456,0.5276407900117877,0.7830354350597801,0.7501202819408694,2.3191440737087734,6.494623397243138,4.20904399913397,6.494623397243138,0.4648897014602227,9765389480.0,9505381480.0,27.8266962637062,4.862355506914576,75.00299139784946,78.29411017662575,9.042864598573942,9.042864598573942,4.7328930483786325,62.917462486017065,73.00600215053764,76.20949337352778,0.0089841782736555,0.0127723528340008,0.0715807019168441,0.0421426110318779,-1.7210296736101458,1.7863576052155827,0.0,1.4840312763580823,0.0041823216660888,0.4655207787174869,0.0977550904566199,0.0,0.2071895403456893,0.0420353302611367,0.002725100902923,0.657891573506431,0.0020315022261878,8.78086755129493,0.0792529308207342,0.0603309973587051,1.776728150785441,575462000.0,699863000.0,552921000.0,1073198000.0,885054000.0,560027000.0,0.0,39.68343917393543,28.53508099300297,0.0,2.267948591993839,3.154012424989041,0.0,0.0812427076581164,0.0329151531189107,2010-02-02,0.56,amc,2162892307.0,2025-04-25,2009-12-31,-0.0714285714285714,57.83015625,1418327.34375
2009-09-30,CHRW,USD,1043277,2009-11-09,2009-11-09 10:56:04,2009,Q3,1954803000.0,1602237000.0,352566000.0,0.1803588392,0,197765000.0,0.0,197765000.0,497484000.0,197765000.0,1800002000.0,0.0,0.0,7541000.0,154801000.0,0.079190077,154801000.0,0.079190077,439000.0,155240000.0,0.079414652,59780000.0,95460000.0,0.0488335653,0.57,0.57,167191000,168648000,https://www.sec.gov/Archives/edgar/data/1043277/000119312509228752/0001193125-09-228752-index.htm,https://www.sec.gov/Archives/edgar/data/1043277/000119312509228752/d10q.htm,11.692034858335676,0.570963748048639,0.9332679390637056,0.8796286881470893,2.3218474678660934,6.688416242501091,4.2303413461250905,6.688416242501091,0.0,9655280250.0,9279006250.0,25.28619382463859,4.939259991927576,61.879335593524495,65.6527018481498,8.634331044325787,8.634331044325787,4.746773076366263,59.941513620713046,59.467848353563966,63.09416350482096,0.0098868181480283,0.0152316655956205,0.0,0.0,-2.4306948921518594,1.8800007449632603,0.0,1.6345485019903625,0.0042645059422278,0.4313324952859836,0.1011687622742547,0.0,0.2231056664022848,0.0574746529602522,0.0045876745636261,1.1892321973213102,0.0028238139597698,9.269518441773332,0.0832072134132164,0.0667055654355322,1.9607858676603405,614259000.0,707275000.0,588490000.0,1144012000.0,902625500.0,593119000.0,0.0,40.725766228105854,33.185989338655894,0.0,2.209903172745926,2.7119878537164985,0.0,0.085366060865125,0.0536392509166163,2009-10-20,0.55,amc,1886210526.0,2025-04-25,2009-09-30,0.0363636363636361,55.13640625,1431550.765625
2009-06-30,CHRW,USD,1043277,2009-08-10,2009-08-10 11:45:55,2009,Q2,1926020000.0,1574316000.0,351704000.0,0.1826066188,0,201820000.0,0.0,201820000.0,544705000.0,201820000.0,1776136000.0,0.0,0.0,7173000.0,149884000.0,0.0778205834,149884000.0,0.0778205834,729000.0,150613000.0,0.0781990841,58360000.0,92253000.0,0.0478982565,0.55,0.54,167972000,169584000,https://www.sec.gov/Archives/edgar/data/1043277/000119312509170159/0001193125-09-170159-index.htm,https://www.sec.gov/Archives/edgar/data/1043277/000119312509170159/d10q.htm,11.466315814540518,0.5492165360893482,0.1646345819541352,0.1145548067535065,2.1281106374872003,6.556503464863192,4.323982568523325,6.556503464863192,0.0,8759739800.0,8402868800.0,23.73836027012672,4.548104277214152,316.7621248282346,455.2406090842947,7.95393463596502,7.95393463596502,4.362814924040249,56.06248031811268,303.8572647718232,436.694148217441,0.0105314772020968,0.0021966405897124,0.0,0.0,-2.380981292199301,1.9083679079722864,0.0,0.2997626093460375,0.0047118979492975,0.4474109243059846,0.1047860354513452,0.0,0.2079098682631145,0.3041874593187242,0.0043675558924621,1.1727310748640736,0.0031360006645829,9.001175075576208,0.0824398269585644,0.0645726444875303,2.057578048722406,626822000.0,726308000.0,614513000.0,1113618000.0,859745000.0,559245500.0,0.0,43.0222635278969,34.03992591068121,0.0,2.0919401402866997,2.6439540507859736,0.0,0.0837666812856337,0.0500797752006286,2009-07-21,0.53,amc,1890333333.0,2025-04-25,2009-06-30,0.0188679245283019,50.934444444444445,1946672.380952381
2009-03-31,CHRW,USD,1043277,2009-05-11,2009-05-11 16:20:47,2009,Q1,1688000000.0,1349397000.0,338603000.0,0.2005941943,0,201235000.0,0.0,201235000.0,481788000.0,201235000.0,1550632000.0,0.0,0.0,7481000.0,137368000.0,0.0813791469,137368000.0,0.0813791469,490000.0,137858000.0,0.0816694313,52475000.0,85383000.0,0.050582346,0.5,0.5,169140000,170825000,https://www.sec.gov/Archives/edgar/data/1043277/000119312509107173/0001193125-09-107173-index.htm,https://www.sec.gov/Archives/edgar/data/1043277/000119312509107173/d10q.htm,9.97989830909306,0.5048066690315715,0.3469492727917701,0.2782901738205037,2.6704978124630485,6.522425209885302,4.472567104174057,6.522425209885302,0.0,7714475400.0,7264775400.0,22.58785531077615,4.5701868483412325,131.4601400746383,163.89367750159337,6.992797699063545,6.992797699063545,4.303776895734597,52.88550026206977,123.79693267215376,154.33982154238367,0.011067894519438,0.006101516637152,0.0,0.0,-3.2736881952128587,2.0158540775508533,0.0,0.6872913811882928,0.0051297071995329,0.4634763360387899,0.1192150473933649,0.0,0.1981873992523236,0.1978937682122591,0.0068797393364928,1.5523325758588424,0.0033335308056872,8.607129849416664,0.0763081944756308,0.0608701603399712,2.3919474991131606,644533000.0,756490000.0,632790000.0,1099793000.0,813844000.0,521841000.0,0.0,42.59026066350711,34.88564892318569,0.0,2.1131591729635804,2.5798574135218173,0.0,0.0773955473290047,0.0686590989712664,2009-04-21,0.48,bmo,1620480000.0,2025-04-25,2009-03-31,0.0416666666666667,45.47393442622951,2944832.1639344264
2008-12-31,CHRW,USD,1043277,2009-02-27,2009-02-27 16:13:04,2008,Q4,1955103000.0,1610943000.0,344160000.0,0.1760316464,0,0.0,0.0,201776000.0,0.0,201776000.0,1812719000.0,0.0,0.0,7966000.0,150350000.0,0.0769013193,142384000.0,0.0728268536,1023000.0,143407000.0,0.0733500997,54526000.0,88881000.0,0.045461032,0.52,0.52,167928000,171224000,https://www.sec.gov/Archives/edgar/data/1043277/000119312509040954/0001193125-09-040954-index.htm,https://www.sec.gov/Archives/edgar/data/1043277/000119312509040954/d10k.htm,11.642507503215665,0.5292804058882378,1.6212186175027392,1.5757229288742796,2.9619062931732647,6.59342694488114,4.571107855747702,6.59342694488114,0.4978324043637749,9241077840.0,8829934840.0,25.992838289398183,4.726645010518627,33.943602303781844,34.923652497278994,8.346190904977417,8.346190904977417,4.516352765046138,58.72919747256402,32.433424083923484,33.36987105454106,0.009618033906746,0.0286338893126345,0.0755043482737412,0.046042315972553,-2.734572663784503,1.932007745971135,0.0,3.063061846738898,0.0040815585208835,0.4243651624081637,0.0,0.0,0.187035342984963,0.0280626487614234,0.0039077225087373,0.9590760733115742,0.0,8.861143437253203,0.0789280826973291,0.0602127067163375,2.44479777047306,650218000.0,767617000.0,639371000.0,1093910000.0,973424500.0,608165500.0,0.0,38.15633242852167,29.08655985965984,0.0,2.35871726321174,3.0942125997107355,0.0,0.0802739471162487,0.0454956886284598,2009-01-27,0.52,bmo,1955100000.0,2025-04-25,2008-12-31,0.0,48.60171875,2772005.21875
2008-09-30,CHRW,USD,1043277,2008-11-07,2008-11-07 13:20:47,2008,Q3,2316593000.0,1965005000.0,351588000.0,0.1517694304,0,0.0,0.0,202969000.0,0.0,202969000.0,2167974000.0,0.0,0.0,7828000.0,148619000.0,0.0641541263,148619000.0,0.0641541263,1595000.0,150214000.0,0.0648426374,56654000.0,93560000.0,0.0403868958,0.55,0.54,168864000,172446000,https://www.sec.gov/Archives/edgar/data/1043277/000119312508229610/0001193125-08-229610-index.htm,https://www.sec.gov/Archives/edgar/data/1043277/000119312508229610/d10q.htm,13.718690780746636,0.554055334470343,0.6641202387720295,0.6341849061967026,1.864855741898806,6.518328358916051,4.361403259427705,6.518328358916051,0.0,8605309440.0,8293392440.0,22.99409320222317,3.7146401806445937,76.73309293242738,80.35511331484439,7.8179553397758355,7.8179553397758355,3.579995467481772,55.80304294874814,73.95174540331354,77.44247826614748,0.010872357426812,0.0124447587558222,0.0,0.0,-2.098769336356724,1.7981451260489678,0.0,1.1986532706284736,0.0043779948022415,0.4026720820863617,0.0,0.0,0.1894426575347025,0.0450751698678508,0.0021820837756135,0.6457588145120082,0.0,9.014381758027112,0.083202757861999,0.060036049864059,1.9629272669130189,646563000.0,736484000.0,634732000.0,1112542000.0,1133346000.0,726854500.0,0.0,43.43311492351051,31.8640410584197,0.0,2.072151632653974,2.8245005030904125,0.0,0.0849996048008968,0.0299353325753268,2008-10-21,0.53,bmo,2273700000.0,2025-04-25,2008-09-30,0.0188679245283019,52.2834375,2239470.546875
2008-06-30,CHRW,USD,1043277,2008-08-11,2008-08-11 11:56:44,2008,Q2,2321706000.0,1980520000.0,341186000.0,0.1469548685,0,0.0,0.0,196680000.0,0.0,196680000.0,2177200000.0,0.0,0.0,7707000.0,144506000.0,0.0622413001,144506000.0,0.0622413001,1709000.0,146215000.0,0.0629773968,55797000.0,90418000.0,0.0389446381,0.53,0.52,169731000,173483000,https://www.sec.gov/Archives/edgar/data/1043277/000119312508172986/0001193125-08-172986-index.htm,https://www.sec.gov/Archives/edgar/data/1043277/000119312508172986/d10q.htm,13.678738710076534,0.5327135290547985,0.2206609281745821,0.1904660904607879,2.1059853532943302,6.448421325509188,4.535347108071006,6.448421325509188,0.0,9308048040.0,8989335040.0,25.73615884005397,4.009141570896573,248.5261004458922,287.92526726057906,8.504407083801967,8.504407083801967,3.871866222510516,62.20734806859231,240.0164216484661,278.0665379856472,0.0097139593190152,0.0034731234584388,0.0,0.0,-2.205534718281594,1.8006084822663315,0.0,0.4142206197880952,0.0040617538540336,0.4181357694264416,0.0,0.0,0.1659956117301357,0.1368381705070354,0.0022074285030059,0.6649798884131309,0.0,8.791537341429255,0.0807624707509116,0.0554230190215126,2.1055037088098225,680241000.0,769789000.0,668269000.0,1106469000.0,1077541000.0,715316000.0,0.0,44.52994048342038,34.44590814533557,0.0,2.0211120657910886,2.6127921963987237,0.0,0.0826114644443977,0.0301948377137941,2008-07-22,0.55,bmo,2455644230.0,2025-04-25,2008-06-30,-0.0545454545454545,61.2921875,1892177.453125
2008-03-31,CHRW,USD,1043277,2008-05-12,2008-05-12 14:13:59,2008,Q1,1985212000.0,1647183000.0,338029000.0,0.1702735023,0,0.0,0.0,201952000.0,0.0,201952000.0,1849135000.0,0.0,0.0,7663000.0,136077000.0,0.0685453241,136077000.0,0.0685453241,2474000.0,138551000.0,0.0697915386,52233000.0,86318000.0,0.0434804948,0.51,0.5,169858000,174028000,https://www.sec.gov/Archives/edgar/data/1043277/000119312508111288/0001193125-08-111288-index.htm,https://www.sec.gov/Archives/edgar/data/1043277/000119312508111288/d10q.htm,11.687480130461916,0.5081774187851028,0.1514912456287016,0.1165915058460596,2.4416512616420776,6.351999905803671,4.469521600395624,6.351999905803671,0.0,9240275200.0,8860429200.0,26.762306818971712,4.654553367600035,359.0966578579201,466.5863057968088,8.564231865037657,8.564231865037657,4.463215616266676,65.11334905972353,344.33503808487484,447.4060391840033,0.0093414966688438,0.0021432262104055,0.0,0.0,-2.791404866362427,1.854858202872481,0.0,0.2981069996987882,0.0041119987422019,0.4401862879121388,0.0,0.0,0.1706459542338346,0.2303746308098865,0.0029860790686334,0.7735873678715908,0.0041582460714523,8.522248272359052,0.0777020672037463,0.0555445447712788,2.2056791555299133,669130000.0,759184000.0,657020000.0,1091048000.0,959067500.0,601687500.0,0.0,45.62331378210488,36.75127171662165,0.0,1.972675646267967,2.448894848971861,0.0,0.0800027434384552,0.0348997397826419,2008-04-22,0.48,bmo,1905792000.0,2025-04-25,2008-03-31,0.0416666666666667,52.38131147540984,2009595.163934426
2007-12-31,CHRW,USD,1043277,2008-02-29,2008-02-29 14:49:17,2007,Q4,1952022000.0,1629268000.0,322754000.0,0.1653434234,0,0.0,0.0,189881000.0,0.0,189881000.0,1819149000.0,0.0,0.0,7301000.0,140174000.0,0.0718096415,132873000.0,0.0680694173,3337000.0,136210000.0,0.0697789267,50956000.0,85254000.0,0.0436747127,0.5,0.49,169578000,174100000,https://www.sec.gov/Archives/edgar/data/1043277/000119312508043464/0001193125-08-043464-index.htm,https://www.sec.gov/Archives/edgar/data/1043277/000119312508043464/d10k.htm,11.511056858790646,0.50274210098008,0.7592494309403343,0.6897533878215335,2.6815211878899388,6.146133342768519,4.417082404557195,6.146133342768519,0.0,9177561360.0,8838676360.0,26.912406925188257,4.701566560212949,71.28092270411332,78.46282592526097,8.805536258609987,8.805536258609987,4.527959397998588,63.05503417181503,68.64884708587051,75.56555575504203,0.009289395805249,0.0127448889102278,0.0,0.0,-2.4176024084352306,1.833581259181726,0.0,1.510216529429704,0.0033960001766743,0.365578154690689,0.0,0.0,0.16187703133704,0.0915325587175344,0.0060373294973109,1.6141624435008903,0.0,8.338057313730895,0.0789278873401532,0.0561584298246885,2.178961893641864,631537000.0,749040000.0,620098000.0,1026411000.0,924882000.0,577639000.0,0.0,42.03856308996518,29.318491494339792,0.0,2.140891443111277,3.0697350174846254,0.0,0.0817981115837002,0.0694960431188007,2008-01-29,0.48,bmo,1912163265.0,2025-04-25,2007-12-31,0.0208333333333333,50.9484375,1534901.0
2007-09-30,CHRW,USD,1043277,2007-11-08,2007-11-08 15:51:02,2007,Q3,1865150000.0,1551954000.0,313196000.0,0.1679200064,0,0.0,0.0,181368000.0,0.0,181368000.0,1733322000.0,0.0,0.0,6903000.0,131828000.0,0.07067957,131828000.0,0.07067957,3467000.0,135295000.0,0.0725384017,51552000.0,83743000.0,0.0448988017,0.49,0.48,170274000,173349000,https://www.sec.gov/Archives/edgar/data/1043277/000119312507240267/0001193125-07-240267-index.htm,https://www.sec.gov/Archives/edgar/data/1043277/000119312507240267/d10q.htm,10.953815614832564,0.4918131952030257,0.4934693494015528,0.4439785287242914,2.4127758788775737,6.028283824893994,4.15261872041533,6.028283824893994,0.0,9370178220.0,9088421220.0,27.973019297135284,5.023820186044018,111.5165512645046,123.9474353818884,9.128634549811975,9.128634549811975,4.872756196552556,68.94150878417332,108.16329925617376,120.22039233842165,0.0089371832673637,0.008067936193427,0.0,0.0,-2.1373077039779105,1.8285337237134551,0.0,1.0033674456372472,0.0033395309315685,0.3736670527685896,0.0,0.0,0.1789178778385791,0.1002915798869384,0.0045181352706216,1.22077357670578,0.0,8.167482134294278,0.0787330515231524,0.0571362877480689,2.089179792569623,620300000.0,707083000.0,610384000.0,1036376000.0,909289500.0,619653500.0,0.0,45.26100313647696,36.217143033878585,0.0,1.9884667542303496,2.485011032366947,0.0,0.0815842799524579,0.0494908206772613,2007-10-23,0.48,bmo,1865200000.0,2025-04-25,2007-09-30,0.0,50.84285714285714,1330741.9206349207
2007-06-30,CHRW,USD,1043277,2007-08-09,2007-08-09 13:18:18,2007,Q2,1879726000.0,1568828000.0,310898000.0,0.1653953821,0,0.0,0.0,181104000.0,0.0,181104000.0,1749932000.0,0.0,0.0,6610000.0,129794000.0,0.0690494253,129794000.0,0.0690494253,3430000.0,133224000.0,0.0708741593,50925000.0,82299000.0,0.0437824449,0.48,0.47,170942000,174200000,https://www.sec.gov/Archives/edgar/data/1043277/000119312507177088/0001193125-07-177088-index.htm,https://www.sec.gov/Archives/edgar/data/1043277/000119312507177088/d10q.htm,10.996279439809994,0.4814439985492155,0.2367703665570778,0.1580126592645458,2.458986088848849,5.901130207906776,4.094698786722982,5.901130207906776,0.0,8977873840.0,8689181840.0,27.27212311206697,4.77616090855795,221.8182991550131,332.3784324904668,8.899990027271349,8.899990027271349,4.622578950336379,66.94594388030264,214.68552255769137,321.6904905408907,0.009166869736276,0.0030086187978778,0.0,0.0,-2.224232244941985,1.8667688457841265,0.0,0.4917921238411159,0.0034948140906377,0.3812440005346359,0.0,0.0,0.178603446500808,0.3326332954489301,0.0071622140673693,2.0367624810892586,0.0,7.995244447371171,0.0787295291690699,0.0579510430962428,2.109483041031461,615854000.0,699956000.0,606180000.0,1018425000.0,840917000.0,599336500.0,0.0,42.16228854630941,35.2685507907814,0.0,2.134608985969713,2.5518485444410284,0.0,0.0815850492341519,0.0787577072925319,2007-07-24,0.47,bmo,1879700000.0,2025-04-25,2007-06-30,0.0,52.525238095238095,1253799.174603175
2007-03-31,CHRW,USD,1043277,2007-05-10,2007-05-10 11:17:58,2007,Q1,1619325000.0,1322395000.0,296930000.0,0.1833665262,0,0.0,0.0,181741000.0,0.0,181741000.0,1504136000.0,0.0,0.0,6552000.0,115189000.0,0.0711339601,115189000.0,0.0711339601,3596000.0,118785000.0,0.0733546385,45820000.0,72965000.0,0.045058898,0.43,0.42,171183000,174888000,https://www.sec.gov/Archives/edgar/data/1043277/000119312507109583/0001193125-07-109583-index.htm,https://www.sec.gov/Archives/edgar/data/1043277/000119312507109583/d10q.htm,9.459613396190042,0.4262397551158701,0.3223392509770246,0.2637002506089974,2.70362127080376,5.7640244650461785,3.975009200679974,5.7640244650461785,0.0,8225343149.999999,7889353149.999999,28.182495545809637,5.079488768468343,149.06654977437069,182.2144646773443,8.33618946126646,8.33618946126646,4.872001080697204,68.49050820824904,142.977457909712,174.77134201723487,0.0088707545289463,0.0054880385142351,0.0,0.0,-2.916858380574534,1.876264563177315,0.0,0.756239292811622,0.0038111479883972,0.4296306448297128,0.0,0.0,0.1818363722619806,0.1819170336541075,0.006198879162614,1.5320512820512822,0.0075321507418214,7.435002923363331,0.0710530479158466,0.052951771904972,2.139495452235327,603203000.0,680454000.0,594085000.0,995821000.0,783117000.0,526195500.0,0.0,44.531832708072805,39.738716495449545,0.0,2.021026185694905,2.264793831736006,0.0,0.0739482904176839,0.0586390003680271,2007-04-24,0.38,bmo,1465080952.0,2025-04-25,2007-03-31,0.1052631578947368,48.42606557377049,2142848.3606557376
2006-12-31,CHRW,USD,1043277,2007-03-01,2007-03-01 13:36:00,2006,Q4,1642591000.0,1364069000.0,278522000.0,0.1695625996,0,0.0,0.0,168147000.0,0.0,168147000.0,1532216000.0,0.0,0.0,6190000.0,116565000.0,0.0709641049,110375000.0,0.0671956683,3330000.0,113705000.0,0.0692229532,41878000.0,71827000.0,0.0437278665,0.42,0.42,170549000,174181000,https://www.sec.gov/Archives/edgar/data/1043277/000119312507044015/0001193125-07-044015-index.htm,https://www.sec.gov/Archives/edgar/data/1043277/000119312507044015/d10k.htm,9.6311968994248,0.4211516924754762,0.6594351183530833,0.5990888249124885,2.775501468786097,5.533436138587737,3.905030225917478,5.533436138587737,0.4198206966912735,6973748610.0,6696756610.0,24.272726864549544,4.245578241936063,62.00761661302082,68.25365171178578,7.389621742419908,7.389621742419908,4.076947097603725,57.450835242139576,59.544721160172855,65.54266848709065,0.0102996256413665,0.0146512307388723,0.0758698006404428,0.0438808035580222,-2.376287908034144,1.82858989531974,0.0,1.5657900232503097,0.0032681132163724,0.3173040778537319,0.0,0.0,0.1702054246724108,0.0915121014351003,0.0062657106973068,1.662681744749596,0.0,7.241157358244036,0.0738014235971972,0.0530491812964836,2.1057540648142177,569199000.0,665999000.0,568177000.0,928993000.0,775700000.0,505546500.0,0.0,41.915212003475,30.911126929796072,0.0,2.147191811711187,2.911572916911242,0.0,0.0761103375782274,0.0603462934405947,2007-01-30,0.39,bmo,1558355564.0,2025-04-25,2006-12-31,0.0512820512820511,42.62396825396825,1627535.507936508
2006-09-30,CHRW,USD,1043277,2006-11-09,2006-11-09 09:24:04,2006,Q3,1713491000.0,1435145000.0,278346000.0,0.1624438062,0,0.0,0.0,167228000.0,0.0,167228000.0,1602373000.0,0.0,0.0,6195000.0,111118000.0,0.0648488962,111118000.0,0.0648488962,2971000.0,114089000.0,0.0665827833,43699000.0,70390000.0,0.0410798773,0.41,0.4,170925000,174776000,https://www.sec.gov/Archives/edgar/data/1043277/000119312506229478/0001193125-06-229478-index.htm,https://www.sec.gov/Archives/edgar/data/1043277/000119312506229478/d10q.htm,10.02481205206962,0.4118180488518356,0.6741436302471845,0.573813075910487,2.424566330261811,5.364768173175369,3.671616205938277,5.364768173175369,0.0,7619836500.0,7334448500.0,27.06292264526211,4.446966164397712,66.12834120179123,77.69080537118037,8.309771934397196,8.309771934397196,4.280412619616911,66.00594413146385,63.651616794529104,74.78102855861091,0.0092377310195566,0.0128715360231154,0.0,0.0,-2.5683327633686712,1.821330043301165,0.0,1.6369938911777242,0.0029759168717071,0.3221480323909646,0.0,0.0,0.1822773935394636,0.1488266740722741,0.0100082229787025,2.7682001614205003,0.0,7.050492049243011,0.074664201917707,0.0542170948294653,1.951117449173614,549878000.0,627571000.0,548647000.0,918204000.0,787436000.0,540891000.0,0.0,41.30541100011614,34.02684746140634,0.0,2.1788912837532823,2.644970272432058,0.0,0.0767634379638222,0.1003305543366973,2006-10-24,0.39,bmo,1670662500.0,2025-04-25,2006-09-30,0.0256410256410256,46.3836507936508,1209636.9523809524
2006-06-30,CHRW,USD,1043277,2006-08-09,2006-08-09 10:14:40,2006,Q2,1700997000.0,1430378000.0,270619000.0,0.1590943429,0,0.0,0.0,166701000.0,0.0,166701000.0,1597079000.0,0.0,0.0,5980000.0,103918000.0,0.0610924064,103918000.0,0.0610924064,2877000.0,106795000.0,0.0627837674,40201000.0,66594000.0,0.0391499809,0.39,0.38,171215000,175198000,https://www.sec.gov/Archives/edgar/data/1043277/000119312506166989/0001193125-06-166989-index.htm,https://www.sec.gov/Archives/edgar/data/1043277/000119312506166989/d10q.htm,9.934859679350524,0.3889495663347253,0.3480360949683146,0.2935724089594954,2.117577315071693,5.127506351663113,3.447373185760594,5.127506351663113,0.0,9125759500.0,8886353500.0,34.2589403700033,5.364947439648629,153.1450351574955,181.55657130351744,10.394916426132182,10.394916426132182,5.224202923344368,85.51313054523759,149.12741445568813,176.79359979309248,0.0072973652220398,0.0055079251211912,0.0,0.0,-2.303797224734887,1.8103905438985903,0.0,0.8948103432741689,0.002496340167632,0.3420878757846052,0.0,0.0,0.1883295688893253,0.1564886136703082,0.0054820790395279,1.5593645484949832,0.0,6.698707402686218,0.0737076347359504,0.0537141087252154,1.777690330870543,525377000.0,590242000.0,524134000.0,879149000.0,747717500.0,513431000.0,0.0,41.71790426438142,33.92594125468932,0.0,2.1573471052054174,2.6528372293151925,0.0,0.075855501614068,0.0544636860088193,2006-07-25,0.35,bmo,1566710526.0,2025-04-25,2006-06-30,0.0857142857142858,47.40571428571428,1300876.5396825396
2006-03-31,CHRW,USD,1043277,2006-05-10,2006-05-10 10:26:05,2006,Q1,1499115000.0,1244058000.0,255057000.0,0.1701383816,0,0.0,0.0,162623000.0,0.0,162623000.0,1406681000.0,0.0,0.0,5567000.0,92434000.0,0.0616590455,92434000.0,0.0616590455,2665000.0,95099000.0,0.063436761,36985000.0,58114000.0,0.0387655383,0.34,0.33,171219000,175267000,https://www.sec.gov/Archives/edgar/data/1043277/000119312506106847/0001193125-06-106847-index.htm,https://www.sec.gov/Archives/edgar/data/1043277/000119312506106847/d10q.htm,8.75554114905472,0.3394132660510808,0.3276155099609272,0.2897867643193804,2.2231878471431323,4.911306572284618,3.421022199639059,4.911306572284618,0.0,8405140710.000001,8148713710.000001,36.15798564029322,5.606735113717094,149.84028077869291,169.40042142813957,9.995303546519304,9.995303546519304,5.435682859553804,88.15710355496896,145.26890059542913,164.23229356873654,0.006914101977003,0.0059031730356361,0.0,0.0,-2.77416318670619,1.8976419324584284,0.0,0.9652407337302544,0.0026875219320391,0.3887015177065767,0.0,0.0,0.1788825179345208,0.1154668948550647,0.0043205491239831,1.1634632656727142,0.009691718113687,6.124268004932374,0.0670731433972957,0.0496160590946268,1.9001863110986512,524485000.0,585744000.0,523247000.0,842147000.0,711846500.0,480778000.0,0.0,42.443121441650575,35.2802361304698,0.0,2.1204849441558884,2.5510033341945646,0.0,0.0691085480117349,0.0378287456415467,2006-04-25,0.31,bmo,1408245454.0,2025-04-25,2006-03-31,0.0645161290322581,42.43370967741935,925229.5645161292
2005-12-31,CHRW,USD,1043277,2006-03-16,2006-03-16 14:51:54,2005,Q4,1583497000.0,1347415000.0,236082000.0,0.14908901,0,0.0,0.0,143460000.0,0.0,143460000.0,1490875000.0,0.0,0.0,5174000.0,97796000.0,0.0617595108,92622000.0,0.058492059,2109000.0,94731000.0,0.0598239214,36585000.0,58146000.0,0.0367199938,0.35,0.33,169992000,175721000,https://www.sec.gov/Archives/edgar/data/1043277/000119312506056510/0001193125-06-056510-index.htm,https://www.sec.gov/Archives/edgar/data/1043277/000119312506056510/d10k.htm,9.315126594192668,0.3420513906536778,0.426237705303779,0.3928655466139583,2.077621299825874,4.588668878535461,3.1670902160101653,4.588668878535461,0.3711939385382841,6294803760.0,6127275760.0,27.06464657930038,3.975254616838554,86.87640614433388,94.2561655486344,8.06987842884376,8.06987842884376,3.869458394932229,62.65364391181643,84.56430379397436,91.74766051748922,0.0092371426047442,0.0106093855418298,0.0808935986369877,0.045230770112998,-1.713035297967197,1.771120178029431,0.0,1.2461218312523648,0.0020461320941957,0.2215113679358855,0.0,0.0,0.1732223805577936,0.0782947127261686,0.0035825770430888,1.0964437572477774,0.0,5.942652004865075,0.0726457743275004,0.0504122121255996,1.6217924961174643,472298000.0,538380000.0,469750000.0,774676000.0,707489500.0,471507000.0,0.0,40.73594708420666,31.652742473551207,0.0,2.2093508667899124,2.843355518884448,0.0,0.0745426178501789,0.0333721586898207,2006-02-07,0.31,bmo,1487530303.0,2025-04-25,2005-12-31,0.0645161290322581,36.308412698412695,1058610.9682539685
2005-09-30,CHRW,USD,1043277,2005-11-08,2005-11-08 16:22:17,2005,Q3,1485369000.0,1256495000.0,228874000.0,0.1540856178,0,0.0,0.0,143256000.0,0.0,143256000.0,1399751000.0,0.0,0.0,4712000.0,85618000.0,0.057640896,85618000.0,0.057640896,1865000.0,87483000.0,0.0588964762,33394000.0,54089000.0,0.0364145206,0.32,0.31,170105000,174533000,https://www.sec.gov/Archives/edgar/data/1043277/000119312505219810/0001193125-05-219810-index.htm,https://www.sec.gov/Archives/edgar/data/1043277/000119312505219810/d10q.htm,8.732071367684666,0.3179741924105699,0.4513859087034478,0.4296581523176861,1.852520502042856,4.407242585461921,2.941612533435231,4.407242585461921,0.0,5455267350.0,5263325350.0,25.21431044204921,3.672668104693177,71.04785369157236,74.64073433031867,7.27665867674011,7.27665867674011,3.543446342289357,61.47451879277722,68.54805555917325,72.01452173437137,0.0099150044406164,0.0133975102063512,0.0,0.0,-2.241841668807961,1.776190377558453,0.0,1.4195677494499803,0.0023601043127611,0.2380336112703137,0.0,0.0,0.1864775694510411,0.0481356550278056,0.002488270591348,0.7843803056027164,0.0,5.61527038904351,0.0698736232031807,0.0497307008398014,1.478842479644925,449689000.0,500383000.0,441788000.0,757595000.0,682876500.0,463615000.0,0.0,42.30791136747838,33.60290331437849,0.0,2.1272617127864644,2.6783399981241955,0.0,0.0721481030927285,0.0217277563857617,2005-10-25,0.27,bmo,1293735483.0,2025-04-25,2005-09-30,0.148148148148148,30.2784375,1186162.4375
2005-06-30,CHRW,USD,1043277,2005-08-09,2005-08-09 08:59:32,2005,Q2,1405142000.0,1189730000.0,215412000.0,0.1533026555,0,0.0,0.0,135083000.0,0.0,135083000.0,1324813000.0,0.0,0.0,4731000.0,80329000.0,0.0571678877,80329000.0,0.0571678877,1287000.0,81616000.0,0.0580838093,32269000.0,49347000.0,0.0351188705,0.29,0.28,170236000,174394000,https://www.sec.gov/Archives/edgar/data/1043277/000119312505161796/0001193125-05-161796-index.htm,https://www.sec.gov/Archives/edgar/data/1043277/000119312505161796/d10q.htm,8.254082567729505,0.2898740571911934,0.3250428816466552,0.3018397988674546,1.6410042529194764,4.1548673606052775,2.7847870015742853,4.1548673606052775,0.0,4953867600.0,4796920600.0,25.09710620706426,3.525528096092779,89.52664907651716,96.40875758991126,7.003833690556307,7.003833690556307,3.413833334993901,59.7159257553312,86.69029168323273,93.3543632259069,0.0099613078072575,0.0103725016792939,0.0,0.0,-1.9538024872710973,1.7771814642759471,0.0,1.1213244979431374,0.0025981719818268,0.260826392688512,0.0,0.0,0.1851914784145614,0.0713846821122637,0.0028111037887985,0.8349186218558444,0.0,5.205644611906688,0.0679657221748196,0.048087117520951,1.338455144622759,423431000.0,474071000.0,416131000.0,714608000.0,633641500.0,428744500.0,0.0,42.75362205385648,34.653929883250825,0.0,2.105084801625171,2.597108042383944,0.0,0.0697673432224716,0.0232030827792006,2005-07-26,0.25,bmo,1254553571.0,2025-04-25,2005-06-30,0.1200000000000001,27.10125,1301101.03125
2005-03-31,CHRW,USD,1043277,2005-05-10,2005-05-10 12:41:45,2005,Q1,1214940000.0,1015558000.0,199382000.0,0.1641085156,0,0.0,0.0,131590000.0,0.0,131590000.0,1147148000.0,0.0,0.0,3883000.0,67792000.0,0.0557986403,67792000.0,0.0557986403,1131000.0,68923000.0,0.0567295504,27147000.0,41776000.0,0.0343852371,0.25,0.24,169876000,174132000,https://www.sec.gov/Archives/edgar/data/1043277/000119312505102306/0001193125-05-102306-index.htm,https://www.sec.gov/Archives/edgar/data/1043277/000119312505102306/d10q.htm,7.1519225788222,0.2459205538157244,0.1443052579528597,0.0942393275094775,1.4564152676069604,3.935617744707904,2.555581718429913,3.935617744707904,0.0,4377704520.0,4252468520.0,26.197484919571043,3.603226924786409,178.57977155910908,273.45271534761696,6.5478920138146215,6.5478920138146215,3.5001469372973157,62.72817618598064,173.47101737782492,265.62986570054346,0.0095429008077502,0.0036569393678493,0.0,0.0,-1.847356620250177,1.8067898913951543,0.0,0.5867962466487936,0.002931216563698,0.3071620068939104,0.0,0.0,0.2026750145240269,0.346944603083952,0.0070003456960837,2.190316765387587,0.0054093206248868,4.666541454458013,0.0606139982355932,0.0452969795146535,1.2309625844733807,386291000.0,434132000.0,376954000.0,677904000.0,572029000.0,351236500.0,0.0,44.43063855005185,35.3945220263146,0.0,2.025629226521548,2.542766361785819,0.0,0.062485883987693,0.0500659304433822,2005-04-26,0.21,bmo,1063037500.0,2025-04-25,2005-03-31,0.1428571428571428,26.49377049180328,1150430.4590163934
2004-12-31,CHRW,USD,1043277,2005-03-15,2005-03-15 14:26:05,2004,Q4,1194021000.0,1012842000.0,181179000.0,0.1517385373,0,0.0,0.0,119110000.0,0.0,119110000.0,1131952000.0,0.0,0.0,3353000.0,65422000.0,0.0547913311,62069000.0,0.0519831728,1338000.0,63407000.0,0.0531037561,24852000.0,38555000.0,0.0322900519,0.23,0.22,169084000,173528000,https://www.sec.gov/Archives/edgar/data/1043277/000119312505050796/0001193125-05-050796-index.htm,https://www.sec.gov/Archives/edgar/data/1043277/000119312505050796/d10k.htm,7.061703058834662,0.2280227579191407,0.5533344373210949,0.4813820349648695,1.7037448841995697,3.671879066026354,2.62573040618864,3.671879066026354,0.3300134844219441,4693771840.0,4583095840.0,30.4355585527169,3.9310630550048953,50.16857460453185,57.66729537803769,7.560161841071038,7.560161841071038,3.8383712179266527,70.05435235853383,48.985633176571184,56.30753913064845,0.0082140762939171,0.0173408514036336,0.0898759132552475,0.0516333918141642,-1.6917244963467946,1.868267453441662,0.0,2.4266632084035797,0.0021845970254915,0.2659577227337569,0.0,0.0,0.1636787773805029,0.1300342026507054,0.0101891005267076,3.62839248434238,0.0,4.340347889981859,0.0601095775371979,0.0426583492751233,1.398367083816328,393168000.0,443969000.0,386147000.0,621177000.0,546366500.0,319796500.0,0.0,41.02495684749263,26.931525351436846,0.0,2.1937865854330725,3.3418084874720373,0.0,0.0620997461569188,0.0719524023562253,2005-02-08,0.21,bmo,1139727272.0,2025-04-25,2004-12-31,0.0476190476190476,26.24109375,1164246.28125
2004-09-30,CHRW,USD,1043277,2004-11-08,2004-11-08 15:34:40,2004,Q3,1123806000.0,951633000.0,172173000.0,0.1532052685,0,0.0,0.0,111162000.0,0.0,111162000.0,1062795000.0,0.0,0.0,3087000.0,61011000.0,0.0542896194,61011000.0,0.0542896194,557000.0,61568000.0,0.0547852565,24219000.0,37349000.0,0.0332343839,0.22,0.22,169232000,173096000,https://www.sec.gov/Archives/edgar/data/1043277/000119312504189359/0001193125-04-189359-index.htm,https://www.sec.gov/Archives/edgar/data/1043277/000119312504189359/d10q.htm,6.640623522738016,0.2206970312943178,0.1901058901389808,0.1494634584475749,1.3811572279474331,3.4903741609151933,2.46218209322114,3.4903741609151933,0.0,3926182400.0,3738557400.0,26.28037162976251,3.493647836014401,122.0372497824195,155.2218866134261,6.646851864705773,6.646851864705773,3.3266928633589785,61.27677631902444,116.20531518090264,147.80411955404443,0.0095128030730309,0.0064423904503265,0.0,0.0,-3.0752651161266003,1.9299223513673336,0.0,0.8613885244584861,0.0025849537708691,0.2717341829767865,0.0,0.0,0.1719263021957772,0.2137883874176302,0.006120273427976,2.228053126012309,0.0,4.163182958621747,0.0617416720505343,0.0445651707005092,1.32176095537487,383712000.0,416680000.0,374944000.0,599451000.0,534155500.0,335931500.0,0.0,43.92333730198985,31.82528348638603,0.0,2.049024630829287,2.82794024563833,0.0,0.0632301928445545,0.0406424316914058,2004-10-19,0.19,bmo,970554545.0,2025-04-25,2004-09-30,0.1578947368421052,22.0384375,972976.5625
2004-06-30,CHRW,USD,1043277,2004-08-05,2004-08-05 11:04:55,2004,Q2,1077101000.0,919046000.0,158055000.0,0.1467411134,0,0.0,0.0,105538000.0,0.0,105538000.0,1024584000.0,0.0,0.0,2740000.0,52517000.0,0.0487577302,52517000.0,0.0487577302,718000.0,53235000.0,0.0494243344,20957000.0,32278000.0,0.0299674775,0.19,0.19,169354000,173126000,https://www.sec.gov/Archives/edgar/data/1043277/000119312504132192/0001193125-04-132192-index.htm,https://www.sec.gov/Archives/edgar/data/1043277/000119312504132192/d10q.htm,6.360056449803371,0.1905948486602028,0.0957225692927241,0.071678259739953,1.3169928079643822,3.329487346032571,2.29911310036964,3.329487346032571,0.0,3881593680.000001,3704524680.000001,30.06377160914555,3.603741598977255,239.44196409845168,319.7622275310982,6.883942666822733,6.883942666822733,3.439347544937754,70.53953348439553,228.51919560792052,305.1754411401269,0.0083156565733072,0.0031273237233836,0.0,0.0,-3.3716510844107623,1.9047102583691309,0.0,0.5022306214759279,0.002641183195661,0.3176157134890637,0.0,0.0,0.1794619166135302,0.2511874653013386,0.0037805182615186,1.486131386861314,0.0,3.7786400435534495,0.0555616418583132,0.0404566317641838,1.207228645322815,361192000.0,389364000.0,351949000.0,573105000.0,495387500.0,326454500.0,4719500.0,43.43759777402491,32.84022780143758,0.0,2.071937782291883,2.7405412819962307,0.0,0.0572445030876349,0.0240443095527711,2004-07-20,0.18,bmo,1020410526.0,2025-04-25,2004-06-30,0.0555555555555556,20.99758064516129,1026939.2258064516
2004-03-31,CHRW,USD,1043277,2004-05-10,2004-05-10 12:09:01,2004,Q1,946610000.0,797026000.0,149584000.0,0.1580207266,0,0.0,0.0,102413000.0,0.0,102413000.0,899439000.0,0.0,0.0,2634000.0,47171000.0,0.049831504,47171000.0,0.049831504,657000.0,47828000.0,0.0505255596,18756000.0,29072000.0,0.0307116975,0.17,0.17,169242000,172828000,https://www.sec.gov/Archives/edgar/data/1043277/000119312504083287/0001193125-04-083287-index.htm,https://www.sec.gov/Archives/edgar/data/1043277/000119312504083287/d10q.htm,5.5932333581498686,0.1717776911168622,0.082709965611373,0.0140213422200163,1.35595774098628,3.201244371964406,2.181278878765318,3.201244371964406,0.0,3511771500.0,3328143500.0,30.19891562328013,3.70983984956846,250.87666095156453,1479.8868520859671,6.48185442564855,6.48185442564855,3.515854998362578,70.55486421742172,237.7585012144592,1402.5046354825115,0.0082784429453909,0.0006757273359044,0.0,0.0,-3.8928155010493737,1.913234879477372,0.0,0.4814942212438085,0.0029179005524704,0.3524697303247111,0.0,0.0,0.1861674764218348,0.8304757822546078,0.0122806646876749,4.413439635535307,-0.0276322878482162,3.5174995743610467,0.0520101906285695,0.0385256568258738,1.1932425166329872,343327000.0,369164000.0,333823000.0,551289000.0,464189000.0,289381500.0,4719500.0,44.77352869714033,35.85846634865111,1.0658497966189309,2.0101163035145877,2.5098675198468308,84.43966521877317,0.0536596620430613,0.0686886233913567,2004-04-20,0.17,bmo,946600000.0,2025-04-25,2004-03-31,0.0,19.638870967741934,1041751.9354838708
2003-12-31,CHRW,USD,1043277,2004-03-15,2004-03-15 16:18:48,2003,Q4,942357000.0,802446000.0,139911000.0,0.1484692107,0,0.0,0.0,92747000.0,0.0,92747000.0,895193000.0,0.0,0.0,2850000.0,50014000.0,0.0530733045,47164000.0,0.0500489729,850000.0,48014000.0,0.0509509666,18582000.0,29432000.0,0.0312323249,0.14,0.13,168846000,172594000,https://www.sec.gov/Archives/edgar/data/1043277/000119312504042242/0001193125-04-042242-index.htm,https://www.sec.gov/Archives/edgar/data/1043277/000119312504042242/d10k.htm,5.581162716321382,0.174312687300854,0.2035108915816779,0.1781445814529215,1.4465785390237258,3.0621394643639768,2.1212169669402887,3.0621394643639768,0.3002736221171955,3199631700.0,3051818700.0,27.17817086844251,3.395349851489404,93.11540946394273,106.37427108613984,6.188483646983734,6.188483646983734,3.238495283634546,61.01928859919223,88.81376811594203,101.46011170584129,0.0091985586966149,0.0094007694698111,0.098060073883527,0.0558278432283689,-2.9554324789059065,1.8817605410269125,0.0,1.1675047567273715,0.0021143058433881,0.2298518619189997,0.0,0.0,0.1749393546653687,0.1246435015424014,0.0045449866664119,1.5028070175438597,0.0,3.465518658985096,0.0548649208332603,0.0392804806760641,1.1621314689125002,336128000.0,358159000.0,326210000.0,520624000.0,447954000.0,280395500.0,0.0,43.68933429687475,29.296102167622497,0.0,2.0599993441977897,3.072081039486076,0.0,0.0569251300698218,0.0253663101287563,2004-02-03,0.17,bmo,942400000.0,2025-04-25,2003-12-31,0.0,19.61015625,928837.90625
2003-09-30,CHRW,USD,1043277,2003-11-13,2003-11-13 13:04:57,2003,Q3,919338000.0,783517000.0,135821000.0,0.1477378287,0,0.0,0.0,89013000.0,0.0,89013000.0,872530000.0,573000.0,0.0,2676000.0,46808000.0,0.0509148975,46808000.0,0.0509148975,344000.0,47152000.0,0.0512890798,18248000.0,28904000.0,0.0314400144,0.17,0.17,168802000,172456000,https://www.sec.gov/Archives/edgar/data/1043277/000119312503079779/0001193125-03-079779-index.htm,https://www.sec.gov/Archives/edgar/data/1043277/000119312503079779/d10q.htm,5.446250636840796,0.1712301986943282,0.1220423928626438,0.1135057641497138,1.3300849516000994,2.8963045461546666,1.9276311892039195,2.8963045461546666,0.0,3144781260.0,2965880260.0,27.20022540132853,3.4207019181193425,152.651874180865,164.13263361169103,6.432334619207938,6.432334619207938,3.2261042837346,63.36267860194838,143.9677811756711,154.79542066805843,0.0091911003056536,0.0060926336097538,0.0,0.0,-3.8220176038284057,1.8573884100585345,0.0,0.7127387212842513,0.002152454953258,0.234189039579297,0.0,0.0,0.188574624757094,0.0699480607737488,0.0015674322175304,0.5384902840059791,0.0,3.3404390528252974,0.0572526309274506,0.0410806846591272,1.0376521012784208,313751000.0,325388000.0,301486000.0,501167000.0,427097500.0,298018000.0,0.0,42.92302722176175,34.41233566087271,0.0,2.0967766214394703,2.6153412220238,0.0,0.0591202326846689,0.0085366287129299,2003-10-21,0.17,bmo,919300000.0,2025-04-25,2003-09-30,0.0,18.7271875,750643.46875
2003-06-30,CHRW,USD,1043277,2003-08-12,2003-08-12 17:21:00,2003,Q2,935206000.0,799181000.0,136025000.0,0.1454492379,0,0.0,0.0,89873000.0,0.0,89873000.0,889054000.0,0.0,0.0,2686000.0,46152000.0,0.0493495551,46152000.0,0.0493495551,1050000.0,47202000.0,0.0504723024,18251000.0,28951000.0,0.0309568159,0.17,0.17,168782000,172252000,https://www.sec.gov/Archives/edgar/data/1043277/000119312503034496/0001193125-03-034496-index.htm,https://www.sec.gov/Archives/edgar/data/1043277/000119312503034496/d10q.htm,5.540910760626133,0.1715289545093671,0.2531490324797668,0.2439952127596544,1.2663613418492494,2.7697088552096787,1.86339183088244,2.7697088552096787,0.0,2990817040.0,2822594040.0,25.826543470001035,3.1980302093870225,69.99829241463243,72.62437569812055,6.397784361583565,6.397784361583565,3.0181521932066304,61.15865054602184,66.06113324127601,68.53950852314118,0.0096799635727633,0.0137694815327118,0.0,0.0,-3.644977465765298,1.81215049147241,0.0,1.4758384857172464,0.0022595832207776,0.2334288971019999,0.0,0.0,0.1825236879879439,0.0361598052753528,0.0016520424377089,0.575204765450484,0.0,3.269467608826042,0.0590510158486312,0.0422572626705375,0.917985922669479,291333000.0,314507000.0,279445000.0,468892000.0,416089000.0,293045000.0,0.0,40.00913167794047,33.38491530704559,0.0,2.249486460352815,2.695828315640696,0.0,0.0619303195665241,0.0091538197201123,2003-07-22,0.17,bmo,935200000.0,2025-04-25,2003-06-30,0.0,17.90888888888889,932206.7301587302
2003-03-31,CHRW,USD,1043277,2003-05-09,2003-05-09 13:49:56,2003,Q1,816744000.0,683653000.0,133091000.0,0.1629531408,0,0.0,0.0,89631000.0,0.0,89631000.0,773284000.0,0.0,0.0,2780000.0,43460000.0,0.0532112877,43460000.0,0.0532112877,344000.0,43804000.0,0.0536324724,16968000.0,26836000.0,0.0328572968,0.16,0.16,168664000,171246000,https://www.sec.gov/Archives/edgar/data/1043277/000104596903001473/0001045969-03-001473-index.htm,https://www.sec.gov/Archives/edgar/data/1043277/000104596903001473/d10q.htm,4.842432291419628,0.1591092349286154,0.0700090120001897,0.0622717355215102,1.0823056491011716,2.651389745292416,1.6873369539439358,2.651389745292416,0.0,2757656400.0000005,2620490400.0000005,25.689897898345507,3.3764023978137585,233.54136178861788,262.55892602113687,6.166577369106026,6.166577369106026,3.2084599335899626,60.29660377358492,221.92500000000004,249.49922879177385,0.0097314516775911,0.003808668839236,0.0,0.0,-3.156143580303727,1.7667722504191457,0.0,0.4400059621404084,0.0024491811235076,0.2516768519898643,0.0,0.0,0.2016196430387092,0.1105182926829268,0.0015978078810496,0.4694244604316547,0.0002865034821192,3.0808867817722043,0.0583430351421304,0.0416790267645948,0.8039237774510269,268460000.0,284593000.0,259297000.0,456357000.0,404053000.0,282398000.0,0.0,45.88860156915753,38.12973833216559,0.0,1.961271359824799,2.3603623821377644,0.0,0.0600097496835825,0.0077372764786795,2003-04-22,0.14,bmo,714612500.0,2025-04-25,2003-03-31,0.1428571428571427,15.43344262295082,1107254.8524590165
2002-12-31,CHRW,USD,1043277,2003-03-17,2003-03-17 17:16:36,2002,Q4,839477000.0,713950000.0,125527000.0,0.149530005,0,0.0,0.0,86120000.0,0.0,86120000.0,800070000.0,0.0,0.0,3368000.0,42775000.0,0.0509543442,39407000.0,0.0469423224,474000.0,39881000.0,0.0475069597,15555000.0,24326000.0,0.0289775658,0.11,0.1,169132000,171670000,https://www.sec.gov/Archives/edgar/data/1043277/000104596903000650/0001045969-03-000650-index.htm,https://www.sec.gov/Archives/edgar/data/1043277/000104596903000650/d10k.htm,4.963442754771421,0.1438284889908473,0.2464347373648984,0.2381512664664286,1.0537686540690112,2.5177376250502568,1.587712555873519,2.5177376250502568,0.3121822008845162,2638459200.0,2558260200.0,27.115629367754668,3.1429797361928915,63.30276391554702,65.50458551602573,6.196038794824225,6.196038794824225,3.04744525460495,59.80736879018118,61.37860364683301,63.51349834901561,0.0092197749353107,0.015266106824771,0.1239931428034661,0.0679404645943967,-1.8749035651665693,1.713585307767109,0.0,1.7133930773657815,0.0019196810016997,0.208213434185645,0.0,0.0,0.2024021071838034,0.0336132437619961,0.001668896229438,0.4159738717339667,0.0,2.854427081122168,0.0554257587060326,0.0392447253708131,0.713392498167112,245098000.0,268533000.0,237251000.0,428871000.0,394853000.0,279468500.0,0.0,41.99078712102893,34.686084459696055,0.0,2.1433272908315675,2.594700480089549,0.0,0.0571260831787333,0.0082834708984698,2003-02-04,0.14,bmo,734562500.0,2025-04-25,2002-12-31,0.1428571428571427,14.9584375,1110528.53125
2002-09-30,CHRW,USD,1043277,2002-11-14,2002-11-14 12:02:40,2002,Q3,872245000.0,749161000.0,123084000.0,0.1411117289,0,0.0,0.0,80720000.0,0.0,80720000.0,829881000.0,0.0,0.0,3540000.0,42364000.0,0.0485689227,42364000.0,0.0485689227,180000.0,42544000.0,0.0487752868,16593000.0,25951000.0,0.0297519619,0.16,0.15,168584000,171000000,https://www.sec.gov/Archives/edgar/data/1043277/000104596902001904/0001045969-02-001904-index.htm,https://www.sec.gov/Archives/edgar/data/1043277/000104596902001904/d10q.htm,5.173948891947041,0.153935130261472,0.1872656954396621,0.1785460067384805,0.8703198405542637,2.4245064774830354,1.4640594599724766,2.4245064774830354,0.0,2277569840.0,2155945840.0,21.94106046009788,2.6111583786665444,72.14348558758314,75.66677209302325,5.572268057631754,5.572268057631754,2.4717204913757027,50.89098857520536,68.29096737408932,71.62610764119601,0.0113941621215005,0.013215840617208,0.0,0.0,-2.870928146539515,1.6689236904415736,0.0,1.2165234480366844,0.0022256178102534,0.1953296597433625,0.0,0.0,0.2152485682532423,0.0465631929046563,0.0016853063072875,0.4152542372881356,0.0,2.8978226670554754,0.0622370667908644,0.0439614983263088,0.6035804109524036,225442000.0,246817000.0,218969000.0,415206000.0,403546000.0,291829000.0,0.0,41.070158040458814,34.09173729011521,0.0,2.191372137193621,2.639935865811544,0.0,0.063491325633115,0.0087196887011816,2002-10-22,0.14,bmo,814053333.0,2025-04-25,2002-09-30,0.0714285714285712,14.52046875,696610.0625
2002-06-30,CHRW,USD,1043277,2002-08-13,2002-08-13 16:13:45,2002,Q2,842720000.0,721150000.0,121570000.0,0.1442590659,0,0.0,0.0,80599000.0,0.0,80599000.0,801749000.0,0.0,0.0,3579000.0,40971000.0,0.0486175717,40971000.0,0.0486175717,352000.0,41323000.0,0.0490352668,16117000.0,25206000.0,0.0299102905,0.15,0.14,168678000,171960000,https://www.sec.gov/Archives/edgar/data/1043277/000104596902001401/0001045969-02-001401-index.htm,https://www.sec.gov/Archives/edgar/data/1043277/000104596902001401/d10q.htm,4.9960279348818455,0.1494326468181979,0.0978432279253963,0.0807811332835343,0.7390293932818743,2.3126133817095296,1.3504072848859958,2.3126133817095296,0.0,2752824960.0,2628166960.0,27.30327064984528,3.266595025631289,166.79744062045563,202.0273712021136,7.056951295480238,7.056951295480238,3.118671634706664,64.14700544287423,159.24424139602522,192.87883164538383,0.0091564121824876,0.0049498243433538,0.0,0.0,-3.0425911010226745,1.5911278564520088,0.0,0.6547647385543125,0.0018410178902184,0.2010632389113703,0.0,0.0,0.2184833791471363,0.1743819680077556,0.0034151319536738,0.8041352333053926,0.0,2.788467073619638,0.0630302089897435,0.0434167759004683,0.4664212286130971,204746000.0,227784000.0,198336000.0,396497000.0,384559500.0,283666500.0,0.0,43.685969242453005,37.42497399986133,0.0,2.060158022373465,2.4048112899245693,0.0,0.064616354813157,0.017062094641862,2002-07-23,0.14,bmo,842700000.0,2025-04-25,2002-06-30,0.0,16.78453125,642875.0
2002-03-31,CHRW,USD,1043277,2002-05-15,2002-05-15 14:54:57,2002,Q1,740031000.0,626434000.0,113597000.0,0.1535030289,0,0.0,0.0,79759000.0,0.0,79759000.0,706193000.0,0.0,0.0,3542000.0,33838000.0,0.0457251115,33838000.0,0.0457251115,328000.0,34166000.0,0.0461683362,13324000.0,20842000.0,0.028163685,0.13,0.12,169134000,171956000,https://www.sec.gov/Archives/edgar/data/1043277/000104596902000969/0001045969-02-000969-index.htm,https://www.sec.gov/Archives/edgar/data/1043277/000104596902000969/d10q.htm,4.375412394905815,0.1232277365875578,0.1441756240613951,0.1348575685551101,0.6978904300731964,2.202454858278052,1.2398571546820865,2.202454858278052,0.0,2831303159.9999995,2713266159.9999995,33.96150993186834,3.825925076111676,116.10839286446584,124.13096409312112,7.60060980913264,7.60060980913264,3.6664222985253314,80.18399905431761,111.26783514455606,118.95594546012536,0.0073612745870703,0.0080560076795167,0.0,0.0,-3.4882971806844374,1.6035825494542642,0.0,1.1699932827943575,0.0017885756889417,0.2429709240955762,0.0,0.0,0.2373425933214959,0.0646298954275169,0.0021296405150595,0.4449463579898362,0.0002999874329588,2.4711494006316537,0.0545643527318277,0.0398391295870814,0.4412610711033854,185697000.0,209702000.0,179903000.0,378304000.0,365220500.0,267581500.0,1330000.0,43.78961151627432,38.42535686121762,0.0,2.0552819923180112,2.342203361313118,0.0,0.0559501758342057,0.0093180555062849,2002-04-23,0.12,bmo,740000000.0,2025-04-25,2002-03-31,0.0,15.106,655676.6666666666
2001-12-31,CHRW,USD,1043277,2002-03-15,2002-03-15 00:00:00,2001,Q4,776377000.0,664309000.0,112068000.0,0.1443473982,0,0.0,0.0,78495000.0,0.0,78495000.0,742804000.0,0.0,0.0,4719000.0,38292000.0,0.0493213993,33573000.0,0.0432431667,346000.0,33919000.0,0.0436888264,13331000.0,20588000.0,0.0265180447,0.11,0.1,168958000,171536000,https://www.sec.gov/Archives/edgar/data/1043277/000104596902000429/0001045969-02-000429-index.htm,https://www.sec.gov/Archives/edgar/data/1043277/000104596902000429/d10k.htm,4.595088720273678,0.1218527681435623,0.2236946460066999,0.2130115176552752,0.685028231868275,2.1059375702837397,1.229116111696398,2.1059375702837397,0.0,2443132680.0,2327391680.0,29.666950165144748,3.146838043888472,64.6416901706575,67.88365323701028,6.866300408920366,6.866300408920366,2.997759696642224,60.78010237125248,61.57935388278873,64.66773214781884,0.0084268857637318,0.0147310869747769,0.0,0.0,-3.0225895748459206,1.5553986053757325,0.0,1.8357781231785504,0.0017281091749793,0.2050709150961725,0.0,0.0,0.2167493306412676,0.0477576398994576,0.0023249014331954,0.3824962915872006,0.0,2.4028779111148224,0.0566114937055673,0.0384575151678173,0.3976106488002935,179687000.0,207669000.0,175540000.0,358753000.0,378629000.0,274316500.0,1330000.0,42.93535228374874,36.26884476952743,0.3603744642929721,2.0961747188007926,2.4814686150581977,249.74022556390972,0.057861529165437,0.0106831283514246,2002-02-05,0.13,bmo,841100000.0,2025-04-25,2001-12-31,-0.0769230769230769,14.14359375,679646.875
2001-09-30,CHRW,USD,1043277,2001-11-14,2001-11-14 00:00:00,2001,Q3,784517000.0,671325000.0,113192000.0,0.1442824056,0,0.0,0.0,78422000.0,0.0,78422000.0,749747000.0,0.0,0.0,4817000.0,34770000.0,0.0443202633,34770000.0,0.0443202633,2508000.0,37278000.0,0.0475171347,14650000.0,22628000.0,0.0288432246,0.14,0.13,168588000,171388000,https://www.sec.gov/Archives/edgar/data/1043277/000102140801510130/0001021408-01-510130-index.htm,https://www.sec.gov/Archives/edgar/data/1043277/000102140801510130/d10q.htm,4.653456948299998,0.1342207037274302,0.1671589911500225,0.1027119367926542,0.5133935985953924,2.0293318622915035,1.135863762545377,2.0293318622915035,0.0142952048781645,2323142640.0,2239000640.0,25.66668110305816,2.961239386781931,82.43648699478372,134.16162162162163,6.790412281035072,6.790412281035072,2.853986134143683,64.3946114466494,79.45071644015471,129.30241626241627,0.0097402542617873,0.007453696429075,0.0070442913472134,0.0035764423747577,-2.419959735404084,1.4920488395890965,0.0,1.2454039243415238,0.0018199485159464,0.1868481527311295,0.0,0.0,0.2235321004253146,0.3855434512614882,0.0138492856114016,2.25555324891011,0.0,2.475583343314944,0.0612590069146607,0.0432470863450975,0.2667983486369136,162043000.0,191493000.0,159633000.0,344531000.0,382914000.0,277776500.0,0.0,44.38297704192516,37.6617137749972,0.0,2.027804487179487,2.38969475838747,0.0,0.0661403421596452,0.0644470543573682,2001-10-16,0.13,bmo,784500000.0,2025-04-25,2001-09-30,0.0,14.681525423728814,551057.6271186441
2001-06-30,CHRW,USD,1043277,2001-08-08,2001-08-08 00:00:00,2001,Q2,796694000.0,678691000.0,118003000.0,0.1481158387,0,0.0,0.0,81446000.0,0.0,81446000.0,760137000.0,0.0,0.0,4762000.0,36557000.0,0.0458858734,36557000.0,0.0458858734,739000.0,37296000.0,0.0468134566,14654000.0,22642000.0,0.0284199454,0.14,0.13,168706000,171764000,https://www.sec.gov/Archives/edgar/data/1043277/000095010901502680/0000950109-01-502680-index.htm,https://www.sec.gov/Archives/edgar/data/1043277/000095010901502680/d10q.htm,4.722380946735742,0.1342098087797707,0.0452325347053453,0.0333064621293848,0.4243180444086161,1.9321719440920893,1.0276753642431211,1.9321719440920893,0.0051331902836887,2353448700.0,2282729700.0,25.985433044784028,2.954018355855573,308.4063294456821,418.8376401494928,7.219854341977304,7.219854341977304,2.86525278212212,62.44302595946057,299.1389988206002,406.2519487453284,0.0096207748229226,0.0023875600092748,0.0026566943482355,0.0013255798646561,-1.9344858713789423,1.4485823858067046,0.0,0.3370285310484939,0.0017973623134423,0.186820952212702,0.0,0.0,0.233574519477299,0.2636613812082296,0.0025254363657815,0.4225115497690046,0.0,2.41549572775245,0.0679038691005738,0.045220239462358,0.1687314025582967,146446000.0,173375000.0,145580000.0,326835000.0,370081000.0,275751500.0,0.0,42.8085563591542,36.41792804089048,0.0,2.102383440472044,2.4713102815444894,0.0,0.0694605928784639,0.0119260725759605,2001-07-17,0.13,bmo,796700000.0,2025-04-25,2001-06-30,0.0,13.855396825396824,601212.6984126985
2001-03-31,CHRW,USD,1043277,2001-05-15,2001-05-15 00:00:00,2001,Q1,732484000.0,619175000.0,113309000.0,0.1546914335,0,0.0,0.0,83935000.0,0.0,83935000.0,703110000.0,0.0,0.0,4838000.0,29374000.0,0.0401018998,29374000.0,0.0401018998,506000.0,29880000.0,0.0407926999,11746000.0,18134000.0,0.0247568548,0.11,0.11,168744000,171510000,https://www.sec.gov/Archives/edgar/data/1043277/000102140801501058/0001021408-01-501058-index.htm,https://www.sec.gov/Archives/edgar/data/1043277/000102140801501058/d10q.htm,4.3408002654909215,0.1074645617029346,0.0050075854548902,-0.0093277390603517,0.4241276726876214,1.8374875551130707,0.9193452804247856,1.8374875551130707,0.0,2310105360.0,2238536360.0,31.847708172493657,3.1537963423091835,2733.85249704142,-1467.66541296061,7.450390595520294,7.450390595520294,3.056089088635383,76.20808742425274,2649.155455621302,-1422.1959085133417,0.0078498584151157,-0.0006813542045545,0.0,0.0,-2.4364744331721933,1.3920424581073707,0.0,0.0465975515606043,0.0018267565077637,0.2327120326458586,0.0,0.0,0.2419061954004862,2.8627218934911243,0.0033024612141698,0.5,0.0002498348086784,2.107832507994532,0.0570610896706256,0.0373490303339869,0.0716203242781965,128606000.0,155134000.0,126253000.0,312418000.0,358083500.0,281403500.0,929500.0,44.382211761622095,40.24508418460048,0.0,2.027839452512915,2.2362979683972912,0.0,0.0584845113121442,0.014335324515242,2001-04-17,0.1,bmo,665909090.0,2025-04-25,2001-03-31,0.0999999999999999,14.35725806451613,665383.8709677419
2000-12-31,CHRW,USD,1043277,2001-03-30,2001-03-30 00:00:00,2000,Q4,733475000.0,626059000.0,107416000.0,0.1464480725,0,0.0,0.0,77083000.0,0.0,77083000.0,703142000.0,0.0,0.0,4574000.0,34907000.0,0.0475912608,30333000.0,0.0413551927,462000.0,30795000.0,0.0419850711,12166000.0,18629000.0,0.0253982753,0.11,0.1,169242000,178418000,https://www.sec.gov/Archives/edgar/data/1043277/000095010901500359/0000950109-01-500359-index.htm,https://www.sec.gov/Archives/edgar/data/1043277/000095010901500359/d10k.htm,4.333882842320464,0.110073149690975,0.2010434762056699,0.1864489902033774,0.4721759374150625,1.7549780787275029,0.8440103520402736,1.7549780787275029,0.0,2660484240.0,2580572240.0,35.7035299801385,3.627232339207199,78.1920423218222,84.31260465853272,8.957376841651628,8.957376841651628,3.518282477248713,73.92707021514309,75.84341631153563,81.78013753763271,0.0070021087589678,0.0118606227864743,0.0,0.0,-2.28928295184347,1.329206269440377,0.0,1.8264533791400503,0.0012704454133507,0.1814375436147941,0.0,0.0,0.2393236956444124,0.0725936811168258,0.0033675312723678,0.540008745080892,0.0,2.0848163485528945,0.0615846622649318,0.0380158070987056,-0.0007961971614611,113988000.0,142842000.0,113048000.0,297564000.0,177476500.0,291481500.0,1865500.0,43.55399979549405,41.10456043280266,0.2672431831504698,2.0664003403267475,2.189538071989144,336.771920387305,0.0627205268403049,0.0145944860022925,2001-01-30,0.11,bmo,733475000.0,2025-04-25,2000-12-31,0.0,14.182380952380951,792092.0634920635
2000-09-30,CHRW,USD,1043277,2000-11-13,2000-11-13 00:00:00,2000,Q3,747615000.0,640461000.0,107154000.0,0.1433277823,0,0.0,0.0,77004000.0,0.0,77004000.0,717465000.0,0.0,0.0,4398000.0,30150000.0,0.0403282438,30150000.0,0.0403282438,361000.0,30511000.0,0.0408111127,12051000.0,18460000.0,0.0246918534,0.11,0.11,169036000,171844000,https://www.sec.gov/Archives/edgar/data/1043277/000095010900004501/0000950109-00-004501-index.htm,https://www.sec.gov/Archives/edgar/data/1043277/000095010900004501/0000950109-00-004501-0001.htm,4.422815258288176,0.1092075060933765,0.1931245415177832,0.175483328995007,0.3237771835585319,1.6871080716533755,0.7638432049977519,1.6871080716533755,0.0,2381717240.0,2326987240.0,32.25510888407367,3.1857536833798146,72.95810200643284,80.29252739102586,8.351569313631295,8.351569313631295,3.112547554556824,77.18033963515755,71.28158186552305,78.44746788928968,0.007750710155669,0.0124544591195888,0.0,0.0,-1.815257048092869,1.2814238483829443,0.0,1.768418201516793,0.0014204037083763,0.183261105092091,0.0,0.0,0.2446696767315712,0.0913463011180885,0.0039886840151682,0.6780354706684857,0.0,2.036052421438012,0.0639647137692083,0.0383150510071711,-1.757093163586455,99252000.0,129117000.0,99252000.0,285182000.0,183828500.0,295755500.0,2647000.0,0.0,41.73991858989072,0.2630605142233485,0.0,2.1562092845527907,342.12660256410254,0.0647305930949358,0.0176412125227762,2000-10-17,0.11,bmo,747600000.0,2025-04-25,2000-09-30,0.0,14.277936507936507,701466.6666666666
2000-06-30,CHRW,USD,1043277,2000-08-11,2000-08-11 00:00:00,2000,Q2,750994000.0,644596000.0,106398000.0,0.1416762318,0,0.0,0.0,74962000.0,0.0,74962000.0,719558000.0,0.0,0.0,4142000.0,31436000.0,0.0418591893,31436000.0,0.0418591893,-123000.0,31313000.0,0.0416954064,12369000.0,18944000.0,0.0252252348,0.12,0.11,169164000,171252000,https://www.sec.gov/Archives/edgar/data/1043277/000102140800002472/0001021408-00-002472-index.htm,https://www.sec.gov/Archives/edgar/data/1043277/000102140800002472/0001021408-00-002472-0001.htm,4.439443380388262,0.1119860017497812,0.1246423588943274,0.097012366697406,0.2339031945331157,1.615213638835686,0.7186044312028564,1.615213638835686,0.0,2094250320.0,2054682320.0,27.6373828125,2.7886378852560743,99.32417927436566,127.61259642922433,7.664620767395219,7.664620767395219,2.7359503804291383,65.36080671841202,97.44758453877164,125.20153068064104,0.0090457190427933,0.0078362170191765,0.0,0.0,-1.2586843109810408,1.27058868340248,0.0,1.1130173141891893,0.0016148976880662,0.1785261824324324,0.0,0.0,0.2468089953461125,0.22167417595447,0.0062237514547386,1.128440366972477,0.0,2.0173818778706187,0.0696043477662183,0.0409276118790319,-0.1435426568300584,92353000.0,121562000.0,92353000.0,273236000.0,345432500.0,275900000.0,3295000.0,44.0604452232641,41.11598582678143,0.477787637528002,2.042648446785999,2.18892963868514,188.36820572764464,0.069332006031416,0.0276299921969213,2000-07-18,0.1,bmo,682727272.0,2025-04-25,2000-06-30,0.0999999999999999,11.454920634920637,873949.2063492064
2000-03-31,CHRW,USD,1043277,2000-05-15,2000-05-15 00:00:00,2000,Q1,650091000.0,551716000.0,98375000.0,0.1513249684,0,0.0,0.0,73286000.0,0.0,73286000.0,625002000.0,0.0,0.0,4204000.0,29293000.0,0.0450598455,25089000.0,0.0385930585,50000.0,25139000.0,0.0386699708,9930000.0,15209000.0,0.0233951862,0.09,0.09,169124000,170948000,https://www.sec.gov/Archives/edgar/data/1043277/000104596900000372/0001045969-00-000372-index.html,https://www.sec.gov/Archives/edgar/data/1043277/000104596900000372/,3.843871951940588,0.08992810009224,-0.078433575364821,-0.1101558619710981,0.1609056077197795,1.5297296658073367,0.6219815046947802,1.5297296658073367,0.0,1574544440.0,1547331440.0,25.881787757249,2.422036976361771,-118.69916622691294,-84.51660976918949,6.086042657142636,6.086042657142636,2.380176682956694,52.82256648346021,-116.6476773464003,-83.0559012345679,0.0096593018359011,-0.0118319937670352,0.0,0.0,-0.9289932748438192,1.260771546452714,0.0,-0.8721809454928003,0.0020913985762129,0.2165165362614241,0.0,0.0,0.2759449986519277,-0.4044477949491142,0.0082526907771373,1.2761655566127497,0.0,1.7593259664620988,0.0586699992615376,0.0377555681332975,-0.1562936070575435,77615000.0,105192000.0,77615000.0,258714000.0,296754000.0,244456000.0,2484000.0,44.7456125373217,41.97594414517614,0.5167876226174336,2.011370386871612,2.1440851857609204,174.15277777777777,0.0587869230115107,0.031722286606277,2000-04-18,0.08,bmo,577866666.0,2025-04-25,2000-03-31,0.1249999999999999,10.759841269841267,984736.507936508
1999-12-31,CHRW,USD,1043277,2000-03-24,2000-03-24 00:00:00,1999,Q4,578900000.0,501100000.0,77800000.0,0.134392814,0,0.0,0.0,55200000.0,0.0,55200000.0,556300000.0,0.0,0.0,3100000.0,25700000.0,0.0443945414,22600000.0,0.0390395578,1500000.0,24100000.0,0.0416306789,9600000.0,14500000.0,0.0250475039,0.09,0.085,165404000,166720000,https://www.sec.gov/Archives/edgar/data/1043277/000104596900000210/0001045969-00-000210-index.html,https://www.sec.gov/Archives/edgar/data/1043277/000104596900000210/,3.49991535875795,0.0876641435515465,0.1505404947885178,-0.5544001354259873,0.2998718289763246,1.4921041812773572,0.5634688399313197,1.4921041812773572,0.0,1644115760.0,1594515760.0,28.34682344827586,2.8400686819830714,66.02874538152611,-17.92928854961832,6.66173322528363,6.66173322528363,2.7543889445500085,62.04341478599222,64.03677751004017,-17.388394329334787,0.0088193303371777,-0.0557746615116687,0.0,0.0,-1.929961089494164,1.243566509604929,0.0,1.717241379310345,0.0017638660674355,0.2,0.0,0.0,0.2938588100248708,4.682730923694779,0.2014164795301433,37.61290322580645,0.0,1.7155438760581507,0.055095260832431,0.0392847466811162,-0.1370885831056081,67200000.0,93200000.0,67200000.0,245500000.0,275050000.0,231946000.0,2500000.0,42.02280186560719,41.595050888046295,0.3232887647176212,2.1416944136145024,2.1637189540225914,278.3888888888889,0.0587520259319286,0.704940630214505,2000-02-08,0.08,bmo,514666666.0,2025-04-25,1999-12-31,0.1249999999999999,8.53859375,619531.25
1999-09-30,CHRW,USD,1043277,1999-11-10,1999-11-10 00:00:00,1999,Q3,593400000.0,518400000.0,75000000.0,0.1263902932,0,0.0,0.0,52800000.0,0.0,52800000.0,571200000.0,0.0,0.0,2300000.0,24497000.0,0.0412824402,22200000.0,0.0374115268,1000000.0,23200000.0,0.0390967307,9200000.0,14000000.0,0.0235928547,0.085,0.085,164724000,166048000,https://www.sec.gov/Archives/edgar/data/1043277/000104596999000824/0001045969-99-000824-index.html,https://www.sec.gov/Archives/edgar/data/1043277/000104596999000824/,3.6023894514460557,0.0849906510283868,0.0673854447439353,0.054029771010903,0.7934484349578689,1.207474320681868,1.0544911488307716,1.207474320681868,0.0,1386976080.0,1287176080.0,24.76743,2.337337512639029,124.9528,155.84000898876403,6.973233182503771,6.973233182503771,2.169154162453657,52.54423317140874,115.961809009009,144.62652584269662,0.0100939015473143,0.0064168374122212,0.0,0.0,-4.073968241009103,1.5484558040468583,0.0,0.7928571428571428,0.0020187803094628,0.2,0.0,0.0,0.0524453694068678,0.1981981981981982,0.0037074486012807,0.9565217391304348,0.0,1.519552777574129,0.0673870811073336,0.0307489567318251,0.3675845656977732,154500000.0,173700000.0,154600000.0,198800000.0,276600000.0,231250000.0,3950000.0,42.43680485338727,40.32986111111112,0.5555555555555556,2.120800571837026,2.2315970727507533,162.0,0.0703871292106586,0.0133556737330322,1999-10-19,0.08,bmo,527466666.0,2025-04-25,1999-09-30,0.1249999999999999,8.50890625,324000.0
1999-06-30,CHRW,USD,1043277,1999-08-09,1999-08-09 00:00:00,1999,Q2,579400000.0,506000000.0,73400000.0,0.1266827753,0,0.0,0.0,51300000.0,0.0,51300000.0,557300000.0,0.0,0.0,2400000.0,24463000.0,0.0422212634,22100000.0,0.0381429065,1100000.0,23200000.0,0.0400414222,9200000.0,14000000.0,0.0241629272,0.085,0.085,164780000,165912000,https://www.sec.gov/Archives/edgar/data/1043277/000104596999000586/0001045969-99-000586-index.html,https://www.sec.gov/Archives/edgar/data/1043277/000104596999000586/,3.516203422745479,0.0849617672047578,0.083141157907513,0.0752518509527855,0.6135453331715014,1.142128899138245,1.0334992110693044,1.142128899138245,0.0,1514328200.0,1413228200.0,27.041575,2.613614428719365,110.53490510948905,122.12324193548388,8.046377258235918,8.046377258235918,2.4391235761132206,57.77002820586191,103.15534306569344,113.97001612903226,0.0092450236349029,0.0081884495051997,0.0,0.0,-4.132771941299104,1.540598290598291,0.0,0.9785714285714284,0.001915040610087,0.2071428571428571,0.0,0.0,0.0381663113006396,0.0948905109489051,0.0022437003797031,0.5416666666666666,0.0,1.4776126072297242,0.0708618857415075,0.0310352471735757,0.1681029251122709,151800000.0,170300000.0,151800000.0,188200000.0,261450000.0,223600000.0,5100000.0,42.46807041767345,40.94466403162056,0.8359683794466404,2.119239209948793,2.198088618592528,107.65957446808513,0.0743889479277364,0.0078893069547275,1999-07-20,0.08,bmo,515022222.0,2025-04-25,1999-06-30,0.1249999999999999,7.826507936507936,684241.2698412698
1999-03-31,CHRW,USD,1043277,1999-05-14,1999-05-14 00:00:00,1999,Q1,509300000.0,442300000.0,67000000.0,0.1315531121,0,0.0,0.0,50100000.0,0.0,50100000.0,492400000.0,0.0,0.0,2300000.0,19200000.0,0.0376988023,16900000.0,0.0331827999,1000000.0,17900000.0,0.0351462792,7100000.0,10800000.0,0.0212055763,0.065,0.065,166153846,166153846,https://www.sec.gov/Archives/edgar/data/1043277/000104596999000358/0001045969-99-000358-index.html,https://www.sec.gov/Archives/edgar/data/1043277/,3.065231484319659,0.0650000000601851,0.0132407407530006,0.0042129629668638,0.5657407412645747,1.0676851861737826,0.9491203712491856,1.0676851861737826,0.0,1056738460.56,962738460.56,24.461538438888898,2.0748840772825448,480.33566389090913,1509.6263722285714,5.956812066290868,5.956812066290868,1.890317024464952,50.14262815416667,437.6083911636364,1375.3406579428572,0.0102201257956266,0.0006624155608276,0.0,0.0,-4.895833333333333,1.5317185697808535,0.0,0.2037037037037037,0.0027442930377145,0.2685185185185185,0.0,0.0,0.0450285714285714,0.6818181818181818,0.0029452189279403,0.6521739130434783,0.0,1.2495957691289534,0.0574782866104438,0.0258496888463379,0.1430902779102687,138300000.0,157700000.0,138300000.0,177400000.0,235250000.0,204950000.0,4500000.0,44.08992735126645,44.1555505313136,1.1191498982591002,2.0412825651302606,2.0382488479262677,80.41818181818182,0.060879368658399,0.0090277777861368,1999-04-20,0.06,bmo,436542857.0,2025-04-25,1999-03-31,0.1666666666666668,6.629672131147541,434295.08196721313
1998-12-31,CHRW,USD,1043277,1999-03-26,1999-03-26 00:00:00,1998,Q4,507100000.0,443700000.0,63400000.0,0.12502465,0,0.0,0.0,45800000.0,0.0,45800000.0,489500000.0,0.0,0.0,2200000.0,19800000.0,0.0390455531,17600000.0,0.0347071584,800000.0,18400000.0,0.0362847565,7300000.0,11100000.0,0.0218891737,0.065,0.065,164780000,165104000,https://www.sec.gov/Archives/edgar/data/1043277/000104596999000186/0001045969-99-000186-index.html,https://www.sec.gov/Archives/edgar/data/1043277/,3.07743658210948,0.067362543998058,0.0995266415827163,0.0515839300886029,0.6026216773880325,1.0286442529433184,0.9521786624590364,1.0286442529433184,0.0,1067774400.0,968474400.0,24.04897297297297,2.1056485900216924,65.10819512195123,125.62051764705885,6.2995539823008855,6.2995539823008855,1.9098292250049305,48.91284848484849,59.05331707317074,113.93816470588236,0.0103954543206879,0.0079604830383646,0.0,0.0,-5.015151515151516,1.5642737896494157,0.0,1.4774774774774777,0.0023413185406954,0.2252252252252252,0.0,0.0,0.030799315570765,0.4817073170731707,0.0155787813054624,3.590909090909091,0.0,1.2486280908713314,0.062639476721816,0.0279949558638083,0.1650685762835295,135200000.0,156900000.0,135200000.0,167300000.0,229400000.0,197500000.0,3400000.0,39.22303293236048,39.12778904665314,0.7099391480730223,2.294570135746606,2.300155520995334,126.77142857142856,0.0654867256637168,0.0479427114941133,1999-02-09,0.07,bmo,507100000.0,2025-04-25,1998-12-31,0.0,5.564375,602518.75
1998-09-30,CHRW,USD,1043277,1998-11-13,1998-11-13 00:00:00,1998,Q3,516200000.0,452400000.0,63800000.0,0.1235955056,0,0.0,0.0,44800000.0,0.0,44800000.0,497200000.0,0.0,0.0,2200000.0,21200000.0,0.041069353,19000000.0,0.036807439,800000.0,19800000.0,0.0383572259,7900000.0,11900000.0,0.0230530802,0.075,0.075,164812000,165168000,https://www.sec.gov/Archives/edgar/data/1043277/000104596998000808/0001045969-98-000808-index.html,https://www.sec.gov/Archives/edgar/data/1043277/,3.132053491250637,0.0722034803291022,0.104361332912652,0.0970803096861879,0.6146397107006771,0.9811178797660364,0.916802174598937,0.9811178797660364,0.0,829004360.0,727704360.0,17.41605798319328,1.605975125920186,48.19792790697674,51.8127725,5.126804947433519,5.126804947433519,1.4097333591631152,34.325677358490566,42.30839302325582,45.4815225,0.014354568653897,0.0193002603749876,0.0,0.0,-4.778301886792453,1.5355973813420625,0.0,1.4453781512605042,0.0029821073558648,0.2077462184873949,0.0,0.0,0.0261019453336616,0.0697674418604651,0.0023246803564509,0.5454545454545454,0.0,1.2624986433556649,0.0706196160741615,0.0300884955752212,0.2238914642137708,130900000.0,151100000.0,130900000.0,161700000.0,243150000.0,205250000.0,3700000.0,41.460674157303366,40.20557029177719,0.656498673740053,2.1707317073170733,2.2384957941613064,137.0909090909091,0.0735930735930736,0.007281023226464,1998-10-20,0.07,bmo,516200000.0,2025-04-25,1998-09-30,0.0,5.63453125,395531.25
1998-06-30,CHRW,USD,1043277,1998-08-14,1998-08-14 00:00:00,1998,Q2,546700000.0,483400000.0,63300000.0,0.1157856228,0,0.0,0.0,44700000.0,0.0,44700000.0,528100000.0,0.0,0.0,2200000.0,20800000.0,0.0380464606,18600000.0,0.0340223157,600000.0,19200000.0,0.0351198098,7600000.0,11600000.0,0.0212182184,0.07,0.07,164860000,165260000,https://www.sec.gov/Archives/edgar/data/1043277/000104596998000612/0001045969-98-000612-index.html,https://www.sec.gov/Archives/edgar/data/1043277/,3.3161470338469003,0.070362732015043,0.1959238141453354,0.1886449108334344,0.493752274657285,0.9256338711634112,0.8765012738080796,0.9256338711634112,0.0,1025429200.0,944029200.0,22.09976724137931,1.875670751783428,31.747034055727557,32.972,6.719719528178244,6.719719528178244,1.726777391622462,45.38601923076923,29.226910216718267,30.354636655948557,0.0113123363368236,0.0303287637995875,0.0,0.0,-3.9134615384615374,1.498982498982499,0.0,2.784482758620689,0.0023404833800324,0.2068965517241379,0.0,0.0,0.0203364298267637,0.0371517027863777,0.002194988110481,0.5454545454545454,0.0,1.2105485865780667,0.0736402359108781,0.0297283444387493,0.1463362853330098,122600000.0,144500000.0,122600000.0,152500000.0,233950000.0,192350000.0,3750000.0,40.909090909090914,38.80016549441456,0.7633429871741829,2.2,2.31957773512476,117.90243902439023,0.0760157273918741,0.007278903311901,1998-07-21,0.07,bmo,546700000.0,2025-04-25,1998-06-30,0.0,5.822063492063492,533326.9841269841
1998-03-31,CHRW,USD,1043277,1998-05-14,1998-05-14 00:00:00,1998,Q1,468200000.0,413000000.0,55200000.0,0.117898334,0,0.0,0.0,41900000.0,0.0,41900000.0,454900000.0,0.0,0.0,1900000.0,15200000.0,0.0324647587,13300000.0,0.0284066638,600000.0,13900000.0,0.0296881674,5500000.0,8400000.0,0.0179410508,0.05,0.05,165004000,165408000,https://www.sec.gov/Archives/edgar/data/1043277/000104596998000423/0001045969-98-000423-index.html,https://www.sec.gov/Archives/edgar/data/1043277/,2.8375069695280115,0.0509078567792295,0.0709073719424983,0.0612106373178832,0.3848391554144142,0.8721000703013261,0.8187680298659427,0.8721000703013261,0.0,1072526000.0,1009026000.0,31.920416666666668,2.2907432721059378,91.66888888888889,106.19069306930692,7.453273106323835,7.453273106323835,2.1551174711661685,66.38328947368421,86.24153846153847,99.90356435643564,0.0078319779660353,0.0094170211258281,0.0,0.0,-4.177631578947368,1.576470588235294,0.0,1.3928571428571428,0.0023309458232247,0.2976190476190476,0.0,0.0,0.0259281084266352,0.1367521367521367,0.0034173430158052,0.8421052631578947,0.0,0.9994632425513504,0.0558541353157918,0.0254083484573502,0.2075707255581682,112700000.0,135100000.0,112700000.0,143900000.0,221700000.0,171550000.0,3250000.0,42.17428449380607,38.41888619854721,0.7409200968523002,2.1340018231540565,2.342597844583097,121.47058823529412,0.0583738707435719,0.0096967346246151,1998-04-21,0.05,bmo,468200000.0,2025-04-25,1998-03-31,0.0,5.722131147540984,467140.98360655736
1997-12-31,CHRW,USD,1043277,1998-03-25,1998-03-25 00:00:00,1997,Q4,469200000.0,415900000.0,53300000.0,0.113597613,0,0.0,0.0,63400000.0,0.0,63400000.0,479300000.0,0.0,0.0,2400000.0,-7700000.0,-0.0164109122,-10100000.0,-0.0215260017,300000.0,-9800000.0,-0.0208866155,5800000.0,-1000000.0,-0.0021312873,-0.0065,-0.0065,153907765,153907765,https://www.sec.gov/Archives/edgar/data/1043277/000104596998000295/0001045969-98-000295-index.html,https://www.sec.gov/Archives/edgar/data/1043277/,3.048579127895204,-0.0064973979707911,0.2215612708039779,0.2072669952682374,0.4060873731744464,0.9031383179399688,0.8596057515356681,0.9031383179399688,0.0,860344406.35,797844406.35,-215.0861015875,1.8336411047527708,25.230041241935485,26.970044086206897,6.18952810323741,6.18952810323741,1.7004356486572891,-103.61615666883117,23.397196667155427,25.01079643730408,-0.0011623252183883,0.0370781744665898,0.0,0.0,8.116883116883116,1.5411706349206349,0.0,-34.1,0.1204168926250379,-103.6,0.0,0.0,0.0196711685261303,0.064516129032258,0.0046888320545609,0.9166666666666666,0.0,,-0.1156658346791954,-0.002994908655286,0.1978457682105902,109100000.0,132300000.0,109100000.0,138000000.0,212950000.0,165150000.0,3200000.0,42.96675191815857,36.09521519596057,0.6708343351767252,2.094642857142857,2.4934052757793763,134.16129032258064,-0.0071942446043165,0.0142942755357405,1998-03-25,,amc,,2025-04-25,1997-12-31,,5.509074074074074,1507370.2962962964
1997-09-30,CHRW,USD,1043277,1997-11-14,1997-11-14 00:00:00,1997,Q3,466400000.0,412900000.0,53500000.0,0.1147084048,0,0.0,0.0,38100000.0,0.0,38100000.0,451000000.0,0.0,0.0,-900000.0,14500000.0,0.0310891938,15400000.0,0.0330188679,900000.0,16300000.0,0.034948542,6400000.0,10500000.0,0.0225128645,0.065,0.065,165060000,165060000,https://www.sec.gov/Archives/edgar/data/1043277/000104596997000134/0001045969-97-000134-index.html,https://www.sec.gov/Archives/edgar/data/1043277/,2.825639161517024,0.0636132315521628,,,0.6343147946201382,1.1008118260026658,1.0232642675390766,1.1008118260026658,0.0,929287800.0,824587800.0,22.1259,1.9924695540308748,0.0,0.0,5.114407264722069,5.114407264722069,1.7679841337907376,56.86812413793104,0.0,0.0,0.0112989754089099,,0.0,0.0,-7.220689655172414,1.730883813306852,0.0,0.0,,,0.0,0.0,0.0334116418689637,0.0,,0.0,,1.2552248585868997,0.0514770183441322,0.0283553875236294,0.3415424694050648,147200000.0,168900000.0,147200000.0,181800000.0,,,,38.96012006861064,35.638169048195685,0.7193024945507387,2.310054482417038,2.525382262996942,125.12121212121212,0.0577875619152449,,1998-02-10,0.06,bmo,469200000.0,2025-04-25,1997-09-30,0.0,,
1997-06-30,CHRW,USD,1043277,1997-06-30,1997-06-29 20:00:00,1997,Q2,451400000.0,0.0,451400000.0,1.0,0,0.0,0.0,0.0,0.0,0.0,0.0,0.0,0.0,0.0,451400000.0,1.0,451400000.0,1.0,-451400000.0,0.0,0.0,-10300000.0,10300000.0,0.0228178999,0.065,0.065,158461538,158461538,,,2.848640784996041,0.0650000001893204,,,,,,,,892138458.9399999,,21.653846090776696,1.9763811673460343,0.0,0.0,0.0,0.0,,,0.0,0.0,0.0115452931064512,,0.0,0.0,,0.0,0.0,0.0,,,0.0,0.0,0.0,0.0,,0.0,,,0.0,0.0,,,,,,,,,,0.0,0.0,0.0,0.0,0.0,0.0,,1997-06-29,,amc,,2025-04-25,1997-06-30,,,
1997-03-31,CHRW,USD,1043277,1997-03-31,1997-03-30 19:00:00,1997,Q1,403700000.0,0.0,403700000.0,1.0,0,0.0,0.0,0.0,0.0,0.0,0.0,0.0,0.0,0.0,403700000.0,1.0,403700000.0,1.0,-403700000.0,0.0,0.0,-7800000.0,7800000.0,0.0193212782,0.05,0.05,156000000,156000000,,,2.587820512820513,0.05,,,,,,,,878280000.0,,28.15,2.175575922714887,0.0,0.0,0.0,0.0,,,0.0,0.0,0.0088809946714031,,0.0,0.0,,0.0,0.0,0.0,,,0.0,0.0,0.0,0.0,,0.0,,,0.0,0.0,,,,,,,,,,0.0,0.0,0.0,0.0,0.0,0.0,,1997-03-30,,amc,,2025-04-25,1997-03-31,,,
1996-12-31,CHRW,USD,1043277,1996-12-31,1996-12-30 19:00:00,1996,Q4,417300000.0,0.0,417300000.0,1.0,0,0.0,0.0,0.0,-1555800000.0,-1555800000.0,-1555800000.0,0.0,0.0,0.0,-1138500000.0,-2.7282530554,-1138500000.0,-2.7282530554,1138500000.0,0.0,0.0,-8600000.0,8600000.0,0.0206086748,0.05,0.05,181284000,181284000,,,2.3019130204540943,0.0474393768893007,,,0.2349904018004898,0.8517023013613998,0.808675889764127,0.8517023013613998,0.0,1020628920.0,978028920.0,29.66944534883721,2.445791804457225,0.0,0.0,6.610290932642487,6.610290932642487,2.343706973400431,-0.8590504347826087,0.0,0.0,0.0084261770673713,,0.0,0.0,0.0374176548089591,1.6850961538461535,0.0,0.0,,,0.0,0.0,0.0243142144638403,0.0,,0.0,,0.9534647846747072,,0.0274760383386581,0.0387513514706206,114000000.0,146600000.0,114000000.0,144800000.0,,,,36.85837526959022,0.0,0.0,2.441778818022235,0.0,0.0,0.0556994818652849,,1996-12-30,,amc,,2025-04-25,1996-12-31,,,
1996-09-30,CHRW,USD,1043277,1996-09-30,1996-09-29 20:00:00,1996,Q3,413600000.0,0.0,413600000.0,1.0,0,0.0,0.0,0.0,0.0,0.0,0.0,0.0,0.0,0.0,413600000.0,1.0,413600000.0,1.0,-413600000.0,0.0,0.0,-9300000.0,9300000.0,0.0224854932,0.06,0.06,155000000,155000000,,,2.6683870967741936,0.06,,,,,,,,872650000.0,,23.45833333333333,2.1098887814313345,0.0,0.0,0.0,0.0,,,0.0,0.0,0.0106571936056838,,0.0,0.0,,0.0,0.0,0.0,,,0.0,0.0,0.0,0.0,,0.0,,,0.0,0.0,,,,,,,,,,0.0,0.0,0.0,0.0,0.0,0.0,,1996-09-29,,amc,,2025-04-25,1996-09-30,,,
1996-06-30,CHRW,USD,1043277,1996-06-30,1996-06-29 20:00:00,1996,Q2,413100000.0,0.0,413100000.0,1.0,0,0.0,0.0,0.0,0.0,0.0,0.0,0.0,0.0,0.0,413100000.0,1.0,413100000.0,1.0,-413100000.0,0.0,0.0,-9500000.0,9500000.0,0.0229968531,0.06,0.06,158333333,158333333,,,2.6090526370716898,0.0600000001263157,,,,,,,,891416664.79,,23.45833328394737,2.157871374461389,0.0,0.0,0.0,0.0,,,0.0,0.0,0.01065719362812,,0.0,0.0,,0.0,0.0,0.0,,,0.0,0.0,0.0,0.0,,0.0,,,0.0,0.0,,,,,,,,,,0.0,0.0,0.0,0.0,0.0,0.0,,1996-06-29,,amc,,2025-04-25,1996-06-30,,,
1996-03-31,CHRW,USD,1043277,1996-03-31,1996-03-30 19:00:00,1996,Q1,361900000.0,0.0,361900000.0,1.0,0,0.0,0.0,0.0,0.0,0.0,0.0,0.0,0.0,0.0,361900000.0,1.0,361900000.0,1.0,-361900000.0,0.0,0.0,-7200000.0,7200000.0,0.0198949986,0.045,0.045,160000000,160000000,,,2.261875,0.045,,,,,,,,900800000.0,,31.27777777777778,2.489085382702404,0.0,0.0,0.0,0.0,,,0.0,0.0,0.0079928952042628,,0.0,0.0,,0.0,0.0,0.0,,,0.0,0.0,0.0,0.0,,0.0,,,0.0,0.0,,,,,,,,,,0.0,0.0,0.0,0.0,0.0,0.0,,1996-03-30,,amc,,2025-04-25,1996-03-31,,,
