date,symbol,reportedCurrency,cik,fillingDate,acceptedDate,calendarYear,period,revenue,costOfRevenue,grossProfit,grossProfitRatio,researchAndDevelopmentExpenses,generalAndAdministrativeExpenses,sellingAndMarketingExpenses,sellingGeneralAndAdministrativeExpenses,otherExpenses,operatingExpenses,costAndExpenses,interestIncome,interestExpense,depreciationAndAmortization,ebitda,ebitdaratio,operatingIncome,operatingIncomeRatio,totalOtherIncomeExpensesNet,incomeBeforeTax,incomeBeforeTaxRatio,incomeTaxExpense,netIncome,netIncomeRatio,eps,epsdiluted,weightedAverageShsOut,weightedAverageShsOutDil,link,finalLink,revenuePerShare,netIncomePerShare,operatingCashFlowPerShare,freeCashFlowPerShare,cashPerShare,bookValuePerShare,tangibleBookValuePerShare,shareholdersEquityPerShare,interestDebtPerShare,marketCap,enterpriseValue,peRatio,priceToSalesRatio,pocfratio,pfcfRatio,pbRatio,ptbRatio,evToSales,enterpriseValueOverEBITDA,evToOperatingCashFlow,evToFreeCashFlow,earningsYield,freeCashFlowYield,debtToEquity,debtToAssets,netDebtToEBITDA,currentRatio,interestCoverage,incomeQuality,dividendYield,payoutRatio,salesGeneralAndAdministrativeToRevenue,researchAndDdevelopementToRevenue,intangiblesToTotalAssets,capexToOperatingCashFlow,capexToRevenue,capexToDepreciation,stockBasedCompensationToRevenue,grahamNumber,roic,returnOnTangibleAssets,grahamNetNet,workingCapital,tangibleAssetValue,netCurrentAssetValue,investedCapital,averageReceivables,averagePayables,averageInventory,daysSalesOutstanding,daysPayablesOutstanding,daysOfInventoryOnHand,receivablesTurnover,payablesTurnover,inventoryTurnover,roe,capexPerShare,report_date,epsEstimated,time,revenueEstimated,updatedFromDate,fiscalDateEnding,surprise(%),QuarterAvgPrice,QuarterAvgVolume
2025-03-31,CHTR,USD,1091667,2025-04-25,2025-04-25 07:01:52,2025,Q1,13735000000.0,7023000000.0,6712000000.0,0.4886785584,0,222000000.0,949000000.0,1171000000.0,0.0,3475000000.0,10498000000.0,0.0,1241000000.0,2181000000.0,5276000000.0,0.3841281398,3237000000.0,0.2356752821,-1383000000.0,1854000000.0,0.1349836185,445000000.0,1217000000.0,0.0886057517,8.59,8.42,141591396,144574684,https://www.sec.gov/Archives/edgar/data/1091667/000109166725000099/0001091667-25-000099-index.htm,https://www.sec.gov/Archives/edgar/data/1091667/000109166725000099/chtr-20250331.htm,97.00448182600022,8.5951550332903,29.917072079718743,12.97395217432562,5.621810523006638,144.93818536826913,-546.9117629153116,114.7456728232272,671.0153489834934,52180677167.88,145153677167.88,10.719120207041904,3.7991028152806696,12.318384600538243,28.4053767925313,3.211711526305164,3.211711526305164,10.56815996853877,27.51206921301744,34.26668488382436,79.0166996014589,0.0233228096309399,0.0352046025407039,5.771465501323322,0.6211759873868861,17.621872630780896,0.3633703920421299,2.6083803384367448,3.00638750887154,0.0,0.0,0.0161630870040043,0.0,0.6489394120063066,0.5663361661945231,0.1746632690207499,1.099954149472719,0.0161630870040043,148.96569761050353,0.0176126734334154,0.0229648639468619,-898.0259647980305,-8704000000.0,-77438000000.0,-125464000000.0,132615000000.0,3204000000.0,904500000.0,0.0,21.69566800145613,11.905168731311406,0.0,4.148293566898218,7.559741657696448,0.0,0.0749061365175109,16.94311990539312,2025-04-25,8.43,bmo,13670298488.0,2025-04-30,2025-03-31,-0.0011862396204032,357.73175,1209419.9666666666
2024-12-31,CHTR,USD,1091667,2025-01-31,2025-01-31 07:02:28,2024,Q4,13926000000.0,0.0,13926000000.0,1.0,0,1354000000.0,0.0,1354000000.0,0.0,10537000000.0,10537000000.0,0.0,1274000000.0,2168000000.0,5488000000.0,0.3940830102,3389000000.0,0.2433577481,-1343000000.0,2046000000.0,0.1469194313,370000000.0,1466000000.0,0.1052707166,10.32,10.09,143061337,145363771,https://www.sec.gov/Archives/edgar/data/1091667/000109166725000034/0001091667-25-000034-index.htm,https://www.sec.gov/Archives/edgar/data/1091667/000109166725000034/chtr-20241231.htm,97.34286210396594,10.247352853972,24.18543033747825,2.782023489686805,3.2084140245383,137.75210279210518,-69.6694173912271,108.95326666770912,665.4977647804312,49037134483.49,142511134483.49,8.36240356130457,3.5212648630970844,14.17258222066185,123.20888061178393,3.14602774642266,3.14602774642266,10.233457883346976,25.967772318420188,41.18818915707804,358.068177094196,0.02989571098396,0.0081162980706794,6.026368127285559,0.6261365151313159,17.032434402332363,0.3138810618419101,2.660125588697017,2.064439140811456,0.0,0.0,0.0972282062329455,0.0,0.1978002932942274,0.8849710982658959,0.2198764900186701,1.4123616236162362,0.0099095217578629,158.4956080876714,0.0200684651333541,0.0121815432170574,-891.4445557013073,-9253000000.0,-9967000000.0,-126080000000.0,63334000000.0,3082000000.0,867500000.0,0.0,20.015079707022835,0.0,0.0,4.496609622215047,0.0,0.0,0.0940527362545711,21.403406847791448,2025-01-31,9.19,bmo,13879196308.0,2025-04-30,2024-12-31,0.0990206746463547,361.54375,1164486.09375
2024-09-30,CHTR,USD,1091667,2024-11-01,2024-11-01 07:05:01,2024,Q3,13795000000.0,8315000000.0,5480000000.0,0.3972453788,0,0.0,0.0,2224000000.0,0.0,2145000000.0,10460000000.0,0.0,1311000000.0,2145000000.0,5336000000.0,0.3868068141,3335000000.0,0.2417542588,-1455000000.0,1880000000.0,0.1362812613,406000000.0,1280000000.0,0.0927872418,8.99,8.82,142308740,145059470,https://www.sec.gov/Archives/edgar/data/1091667/000109166724000123/0001091667-24-000123-index.htm,https://www.sec.gov/Archives/edgar/data/1091667/000109166724000123/chtr-20240930.htm,96.93712417101015,8.994528375418122,27.44033852031857,9.43020084360244,5.06644918646599,126.8650119451553,-81.61129105633287,99.07332466017196,678.9885146899621,46119416459.2,140713416459.2,9.0076985271875,3.343198003566509,11.81034992553137,34.366182160357674,3.271112593744237,3.271112593744237,10.200320149271477,26.370580295952028,36.03416554653009,104.85351450014905,0.0277540371988957,0.0290983733757172,6.7604085396127385,0.638109137650548,17.727511244377812,0.3413373860182371,2.543859649122807,3.05078125,0.0,0.0,0.0,0.0,0.198619544623789,0.6563380281690141,0.1857919536063791,1.1948717948717948,0.0105835447625951,141.59855639382732,0.0189464593968046,0.0106931321687844,-901.5310654848043,-8668000000.0,-11614000000.0,-126825000000.0,62846000000.0,3033500000.0,843500000.0,0.0,20.009423704240664,9.25435959110042,0.0,4.497880665145093,9.725146198830409,0.0,0.0907865806085538,18.01013767671613,2024-11-01,8.62,bmo,13658671234.0,2025-03-24,2024-09-30,0.023201856148492,336.33921875,1301830.578125
2024-06-30,CHTR,USD,1091667,2024-07-26,2024-07-26 07:03:07,2024,Q2,13685000000.0,8161000000.0,5524000000.0,0.4036536354,0,0.0,0.0,2182000000.0,1000000.0,2182000000.0,10343000000.0,0.0,1328000000.0,2170000000.0,5513000000.0,0.4028498356,3342000000.0,0.2442089879,-1413000000.0,1850000000.0,0.1351845086,427000000.0,1231000000.0,0.0899525027,8.59,8.49,143329828,144914860,https://www.sec.gov/Archives/edgar/data/1091667/000109166724000104/0001091667-24-000104-index.htm,https://www.sec.gov/Archives/edgar/data/1091667/000109166724000104/chtr-20240630.htm,95.479079204644,8.588582133790045,26.88205277131847,6.976914812177127,4.200102716930631,116.61215417072852,-570.1325477066783,89.85568586602922,683.877189889602,42428495684.56,138518495684.56,8.616672559821282,3.1003650481958345,11.011807859994809,42.42849568456,3.294393639611771,3.294393639611771,10.121921496862258,25.125792796038457,35.95081642474955,138.51849568456,0.029013519808763,0.0235690656448115,7.50772575510521,0.6506382434678456,17.429711590785416,0.3853253775871713,2.516566265060241,3.129975629569456,0.0,0.0,0.0,0.0,0.6623399344597641,0.7404619776797301,0.2084764340518816,1.3147465437788015,0.0111801242236024,131.7724975500945,0.0186432916580503,0.0245316859306496,-900.3359719373974,-6593000000.0,-81717000000.0,-127764000000.0,133094000000.0,3002000000.0,841000000.0,0.0,19.729630982827917,9.175346158559,0.0,4.5616666666666665,9.80889423076923,0.0,0.0955819551207391,19.905137959141346,2024-07-26,7.98,bmo,13592440923.0,2025-03-24,2024-06-30,0.0639097744360902,272.92380952380955,1244317.015873016
2024-03-31,CHTR,USD,1091667,2024-04-26,2024-04-26 07:03:09,2024,Q1,13679000000.0,8312000000.0,5367000000.0,0.3923532422,0,1354000000.0,920000000.0,2274000000.0,1000000.0,2274000000.0,10586000000.0,0.0,1316000000.0,2190000000.0,5284000000.0,0.3862855472,3093000000.0,0.22611302,-1367000000.0,1726000000.0,0.1261788142,446000000.0,1106000000.0,0.0808538636,7.65,7.54,144510317,146643199,https://www.sec.gov/Archives/edgar/data/1091667/000109166724000085/0001091667-24-000085-index.htm,https://www.sec.gov/Archives/edgar/data/1091667/000109166724000085/chtr-20240331.htm,94.65760150536518,7.653432799541918,22.226786755993345,2.9132868070589035,4.574067884717186,107.9922895747298,-574.1250986253114,82.16714381714353,687.016692379133,41062606575.55,138366606575.55,9.281782679825948,3.0018719625374657,12.78412408952366,97.53588260225652,3.4581949280402555,3.4581949280402555,10.115257443932304,26.185958852299397,43.07802197246264,328.6617733385985,0.0269344810823224,0.0102526370123487,8.250378979282466,0.6617289454486504,18.414837244511737,0.4023430349624748,2.3503039513677813,2.904159132007233,0.0,0.0,0.0989838438482345,0.0,0.665835832590311,0.8689290161892902,0.2040353827034139,1.2744292237442922,0.0156444184516412,118.95110783230686,0.0167284086173411,0.0223565321097208,-896.2958679275473,-6530000000.0,-82967000000.0,-128042000000.0,132392000000.0,2984500000.0,890500000.0,0.0,19.764602675634183,9.203561116458133,0.0,4.553595206391478,9.778823529411763,0.0,0.0931446858682836,19.31349994893444,2024-04-26,7.92,bmo,13746147799.0,2025-03-24,2024-03-31,-0.0467171717171717,321.4413114754098,1690420.3606557378
2023-12-31,CHTR,USD,1091667,2024-02-02,2024-02-02 07:03:03,2023,Q4,13711000000.0,4637000000.0,9074000000.0,0.6618043906,0,221000000.0,3653000000.0,3874000000.0,-1187000000.0,6062000000.0,10699000000.0,0.0,1319000000.0,2188000000.0,5200000000.0,0.3792575305,3267000000.0,0.2382758369,-1632000000.0,1635000000.0,0.1192473197,406000000.0,1058000000.0,0.0771643206,7.23,7.07,146356269,149651479,https://www.sec.gov/Archives/edgar/data/1091667/000109166724000028/0001091667-24-000028-index.htm,https://www.sec.gov/Archives/edgar/data/1091667/000109166724000028/chtr-20231231.htm,93.68235534891916,7.228935304438513,26.339835159367173,7.249433230632574,140.0418317578183,100.56282590805864,-574.5637038615681,75.7466699291166,677.0874980421918,56885754634.92,153953754634.91998,13.441813477060492,4.148913619350886,14.756356584933853,53.61522585760603,5.131314688338445,5.131314688338445,11.228484766604916,29.60649127594615,39.93612312189883,145.10250201217718,0.0185986809314565,0.0186514182119804,8.819862890131697,0.664277513196959,18.66692307692308,0.3126986529438474,2.476876421531464,3.1366965012205044,0.0,0.0,0.0161184450441251,0.0,0.6712887161753616,0.7247730220492866,0.2037779884764058,1.276965265082267,0.0110859893516154,110.99673405103164,0.0180597368279546,0.0218667328042328,-749.9183379702034,-9082000000.0,-84091000000.0,-128343000000.0,129247000000.0,2948500000.0,851000000.0,0.0,19.46247538472759,18.069872762562,0.0,4.624283305227656,4.980665950590763,0.0,0.0954356846473029,19.0904019287346,2024-02-02,8.73,bmo,13702200000.0,2025-03-24,2023-12-31,-0.1901489117983963,407.7687301587301,1002991.4285714284
2023-09-30,CHTR,USD,1091667,2023-10-27,2023-10-27 07:06:02,2023,Q3,13584000000.0,8299000000.0,5285000000.0,0.3890606596,0,-2000000.0,0.0,-2000000.0,2000000.0,2159000000.0,10458000000.0,1306000000.0,1306000000.0,2130000000.0,5287000000.0,0.3892078916,3126000000.0,0.2301236749,-1321000000.0,1805000000.0,0.132876914,-369000000.0,1255000000.0,0.0923881037,8.42,8.26,149004322,152019159,https://www.sec.gov/Archives/edgar/data/1091667/000109166723000143/0001091667-23-000143-index.htm,https://www.sec.gov/Archives/edgar/data/1091667/000109166723000143/chtr-20230930.htm,91.16514083396856,8.422574480759021,26.469030878178152,7.362202554097726,3.832103608377212,98.95014991578566,-565.8023798799608,74.48106102586742,667.0678988761144,65535080902.04,163054080902.04,13.054796992438249,4.824431750739105,16.616399823032452,59.74027429538742,5.905125329071905,5.905125329071905,12.003392292553004,30.84056760015888,41.34231260193712,148.6363545141659,0.0191500488398868,0.0167391263564588,8.838529464768428,0.6687255423296655,18.44505390580669,0.326019801980198,2.3935681470137826,2.746518105849582,0.0,0.0,-0.0001472320376914,0.0,0.6752771301182149,0.7218559837728195,0.2095848056537102,1.3366197183098592,0.0120730270906949,118.80551918015988,0.0276137710961402,0.0263483865549747,-866.8741836897858,-8509000000.0,-84307000000.0,-127822000000.0,129159000000.0,2898000000.0,759500000.0,0.0,19.425795053003533,8.361248343173877,0.0,4.6330150068212825,10.763942931258107,0.0,0.1130834384573797,19.106828324080425,2023-10-27,7.94,bmo,13632700000.0,2025-03-24,2023-09-30,0.0390428211586901,415.7955555555556,1243867.0634920634
2023-06-30,CHTR,USD,1091667,2023-07-28,2023-07-28 07:02:39,2023,Q2,13659000000.0,8305000000.0,5354000000.0,0.3919759865,0,-1000000.0,895000000.0,895000000.0,-85000000.0,5412000000.0,13717000000.0,1298000000.0,1298000000.0,2172000000.0,5355000000.0,0.3920491983,-58000000.0,-0.0042462845,-1383000000.0,1857000000.0,0.1359543158,-444000000.0,1223000000.0,0.0895380335,8.15,8.05,150091880,151975698,https://www.sec.gov/Archives/edgar/data/1091667/000109166723000108/0001091667-23-000108-index.htm,https://www.sec.gov/Archives/edgar/data/1091667/000109166723000108/chtr-20230630.htm,91.0042568591985,8.148342202123127,22.059820957669395,4.450607188077063,3.18471592200724,93.45608836400744,-568.0720369416387,69.69064548994922,661.3815484222065,55139253955.6,152631253955.6,11.271311111120196,4.036844128823486,16.65335365617638,82.54379334670658,5.271439192695985,5.271439192695985,11.174409104297531,28.5025684324183,46.09823435687104,228.48990113113777,0.0221802057928604,0.0121147812507201,9.366156787762906,0.672801565772757,18.20578898225957,0.3281002087682672,-0.0446841294298921,2.343241330502477,0.0,0.0,-7.321180174244088e-05,0.0,0.6818665659444425,0.7982482633645425,0.1934987920052712,1.216850828729282,0.01229958269273,113.0350504229838,-0.0005287020589074,0.0264004317323259,-859.2203655520872,-8046000000.0,-85263000000.0,-127659000000.0,128790000000.0,2857500000.0,747000000.0,0.0,18.87107401713156,8.105960264900663,0.0,4.769203910614525,11.102941176470589,0.0,0.1169216061185468,17.609213769592333,2023-07-28,7.96,bmo,13835300000.0,2025-03-24,2023-06-30,0.0113065326633166,341.22596774193545,1086605.2096774194
2023-03-31,CHTR,USD,1091667,2023-04-28,2023-04-28 07:03:46,2023,Q1,13653000000.0,8511000000.0,5142000000.0,0.376620523,0,-2000000.0,946000000.0,946000000.0,1270000000.0,2216000000.0,10727000000.0,1265000000.0,1265000000.0,2206000000.0,5028000000.0,0.3682707097,2926000000.0,0.2143118728,-1369000000.0,1557000000.0,0.1140408701,374000000.0,1021000000.0,0.0747820992,6.74,6.65,151438371,153538359,https://www.sec.gov/Archives/edgar/data/1091667/000109166723000084/0001091667-23-000084-index.htm,https://www.sec.gov/Archives/edgar/data/1091667/000109166723000084/chtr-20230331.htm,90.15548641896048,6.742016526313533,21.94291960523004,4.384621913293032,3.526186900148312,85.196373381486,-571.2290711315165,62.19031502920749,655.2962723034045,54155873581.73443,151593873581.73444,13.260497938720478,3.9665914877121833,16.297283653847256,81.56005057490125,5.750252026091998,5.750252026091998,11.103337990312344,30.14993507989945,45.61958278114187,228.3040264785157,0.018852987358039,0.0122609046089499,10.402633255468253,0.6762752812866708,19.379077167859982,0.3322169580133965,2.313043478260869,2.808960270498732,0.0,0.0,-0.000146487951366,0.0,0.686187616483744,0.8001805597351791,0.1947557313410972,1.2053490480507707,0.015234746942064,97.1286927912146,0.016477728403021,0.0224583168360388,-853.7846065446649,-8175000000.0,-86506000000.0,-127901000000.0,127835000000.0,2886000000.0,849000000.0,0.0,18.79367172050099,7.88861473387381,0.0,4.788846018940722,11.408847184986596,0.0,0.1084094287534508,17.558297691937007,2023-04-28,7.48,bmo,13619900000.0,2025-03-24,2023-03-31,-0.1109625668449197,373.52999929032256,1161570.9677419355
2022-12-31,CHTR,USD,1091667,2023-01-27,2023-01-27 07:04:46,2022,Q4,13674000000.0,8302000000.0,5372000000.0,0.3928623665,0,-13000000.0,846000000.0,846000000.0,1486000000.0,2332000000.0,10634000000.0,1227000000.0,1227000000.0,2192000000.0,5223000000.0,0.3819657745,3040000000.0,0.2223197309,-1236000000.0,1804000000.0,0.1319292087,419000000.0,1196000000.0,0.0874652625,7.79,7.69,153523976,155554890,https://www.sec.gov/Archives/edgar/data/1091667/000109166723000024/0001091667-23-000024-index.htm,https://www.sec.gov/Archives/edgar/data/1091667/000109166723000024/chtr-20221231.htm,89.06752128410223,7.790314133083682,24.667156874571827,7.399495698313598,4.201298173778407,81.73967563216314,-567.6572628629681,59.39788844447333,643.743098472124,52059981182.74386,149017981182.74387,10.88210309003843,3.8072240151194863,13.747024341891697,45.82744822424635,5.708957252192549,5.708957252192549,10.897907063240009,28.53110878474897,39.3498762035236,131.17780033692242,0.0229735004283181,0.0218209836844225,10.703256936067552,0.6753457927111948,18.56366073138043,0.3329465395772897,2.47758761206194,2.734296028880866,0.0,0.0,-0.000950709375457,0.0,0.6898417552915453,0.7000264061262212,0.1938715811028228,1.2093978102189782,0.0080444639461752,102.03619319166576,0.0173832300184964,0.0266815393195761,-841.1601455657975,-8048000000.0,-87149000000.0,-127957000000.0,127689000000.0,2881000000.0,846000000.0,0.0,19.225537516454583,10.320404721753794,0.0,4.681273536460116,8.720588235294118,0.0,0.1311547318784954,17.26766117625823,2023-01-27,8.79,bmo,13739919412.0,2025-03-24,2022-12-31,-0.1251422070534697,351.4068259841269,1526003.174603175
2022-09-30,CHTR,USD,1091667,2022-10-28,2022-10-28 07:02:23,2022,Q3,13550000000.0,7277000000.0,6273000000.0,0.4629520295,0,0.0,861000000.0,861000000.0,-37000000.0,3240000000.0,10517000000.0,0.0,1160000000.0,2177000000.0,5064000000.0,0.3737269373,2924000000.0,0.2157933579,-1197000000.0,1727000000.0,0.1274538745,360000000.0,1185000000.0,0.0874538745,7.51,7.38,157971109,160638186,https://www.sec.gov/Archives/edgar/data/1091667/000109166722000115/0001091667-22-000115-index.htm,https://www.sec.gov/Archives/edgar/data/1091667/000109166722000115/chtr-20220930.htm,85.7751780422077,7.501371659041781,23.78282980845567,9.539719063439632,3.0385302922700883,78.17885231153248,-554.8419616399603,56.2697828499767,621.5820134553844,47920536862.976654,144472536862.97665,10.109817903581572,3.536570986197539,12.755000495868154,31.798630964151727,5.390993009672253,5.390993009672253,10.6621798422861,28.52933192396853,38.45422860340076,95.86764224484185,0.0247284374836695,0.031447894757713,10.91596355045562,0.6753857825974984,19.066350710900476,0.323760241483398,2.5206896551724136,2.748354059985369,0.0,0.0,0.0,0.0,0.6960374193458575,0.5988820867713601,0.1660516605166051,1.033532384014699,0.0080442804428044,97.4538992162609,0.0172868209923319,0.0271353331806732,-814.7581593543158,-7841000000.0,-87649000000.0,-127565000000.0,127163000000.0,2810000000.0,729000000.0,0.0,18.870110701107013,9.1521231276625,0.0,4.769447377683914,9.833783783783783,0.0,0.1333108336145798,14.24311074501604,2022-10-28,8.23,bmo,13677578701.0,2025-03-24,2022-09-30,-0.1032806804374241,427.789845515625,1306220.3125
2022-06-30,CHTR,USD,1091667,2022-07-29,2022-07-29 07:04:30,2022,Q2,13598000000.0,7387000000.0,6211000000.0,0.4567583468,0,0.0,806000000.0,806000000.0,2240000000.0,3046000000.0,10433000000.0,0.0,1109000000.0,2240000000.0,5422000000.0,0.3987351081,3227000000.0,0.2373143109,-1030000000.0,2197000000.0,0.1615678776,489000000.0,1471000000.0,0.1081776732,8.97,8.8,164049619,167090925,https://www.sec.gov/Archives/edgar/data/1091667/000109166722000090/0001091667-22-000090-index.htm,https://www.sec.gov/Archives/edgar/data/1091667/000109166722000090/chtr-20220630.htm,82.88955550698353,8.966799246269508,22.76140610847746,10.11279398338621,2.944231159720036,82.3714195886063,-528.9680069296595,60.21958514880794,593.6679438432587,76862167826.02037,172661167826.0204,13.062910915367162,5.652461231506131,20.58440488109812,46.33042063051258,7.78035912805146,7.78035912805146,12.697541390353022,31.84455326927709,46.24026990520096,104.07544775528656,0.0191381539397854,0.0215840906771611,9.746128150622532,0.6720881207332225,17.66857248247879,0.3280386134269416,2.9098286744815147,2.1861826697892277,0.0,0.0,0.0,0.0,0.7000656158818356,0.5557043385109802,0.1525959699955875,0.9263392857142856,0.0076481835564053,110.22468390187088,0.0187672260184059,0.0342347793706944,-775.2395328635296,-7657000000.0,-86777000000.0,-126007000000.0,127105000000.0,2654500000.0,712000000.0,0.0,18.39314605088984,8.747800189522133,0.0,4.893127024109392,10.288300835654596,0.0,0.1489017106994635,12.648612125091253,2022-07-29,6.89,bmo,13432370085.0,2025-03-24,2022-06-30,0.277213352685051,487.5293548548387,1488264.5161290322
2022-03-31,CHTR,USD,1091667,2022-04-29,2022-04-29 07:04:18,2022,Q1,13200000000.0,7308000000.0,5892000000.0,0.4463636364,0,0.0,826000000.0,826000000.0,2294000000.0,3120000000.0,10428000000.0,0.0,1060000000.0,2294000000.0,5083000000.0,0.3850757576,2771000000.0,0.2099242424,-1037000000.0,1734000000.0,0.1313636364,345000000.0,1203000000.0,0.0911363636,7.05,6.89,170688127,174500472,https://www.sec.gov/Archives/edgar/data/1091667/000109166722000066/0001091667-22-000066-index.htm,https://www.sec.gov/Archives/edgar/data/1091667/000109166722000066/chtr-20220331.htm,77.33402569939736,7.047941887604169,21.3664539186138,10.54554895900873,14.242349732972349,93.41012922357513,-496.0216125635968,70.6551780253585,565.6925393527811,93113790454.80257,186179790454.80252,19.350330518454395,7.054075034454739,25.531612408775032,51.72988358600142,7.72087814716439,7.72087814716439,14.104529579909284,36.627934380248384,51.05012077181315,103.43321691933475,0.0129196759591044,0.0193311859737223,7.91849087893864,0.6634131769805763,18.309266181388946,0.3960083279488836,2.6141509433962264,2.625629949604032,0.0,0.0,0.0,0.0,0.6989260010559368,0.5064436523169729,0.1399242424242424,0.8051438535309503,0.0111363636363636,105.85086559671448,0.0164619241794777,0.0277579085811855,-724.5700223777135,-8413000000.0,-84665000000.0,-122488000000.0,126369000000.0,2554500000.0,715000000.0,0.0,17.25,8.694581280788178,0.0,5.217391304347826,10.351274787535411,0.0,0.0997512437810945,10.82090495960507,2022-04-29,6.47,bmo,13206437083.0,2025-03-24,2022-03-31,0.0664605873261206,587.0511297096774,1608419.3548387096
2021-12-31,CHTR,USD,1091667,2022-01-28,2022-01-28 07:05:57,2021,Q4,13212000000.0,7931000000.0,5281000000.0,0.3997123827,0,98000000.0,791000000.0,98000000.0,2182000000.0,2280000000.0,10211000000.0,0.0,1034000000.0,2280000000.0,5410000000.0,0.4094762337,2868000000.0,0.217075386,-898000000.0,2058000000.0,0.1557674841,224000000.0,1610000000.0,0.1218589161,10.44,10.17,175623846,180417622,https://www.sec.gov/Archives/edgar/data/1091667/000109166722000024/0001091667-22-000024-index.htm,https://www.sec.gov/Archives/edgar/data/1091667/000109166722000024/chtr-20211231.htm,75.2289640667589,9.167320023272922,24.0627915641934,13.010761647937034,3.4220865428490845,103.3800387220765,-471.53050047656967,80.0005256689345,527.2347810900349,114501473783.52846,205461473783.52844,17.77973195396405,8.666475460454773,27.094527634531108,50.11005417222252,8.14957108779562,8.14957108779562,15.551125778347595,37.978091272371245,48.618427303248566,89.91749399716781,0.0140609543860002,0.0199560750136712,6.516797153024911,0.6425739169491407,16.813308687615528,0.2862417723551131,2.7736943907156677,2.3042529989094875,0.0,0.0,0.0074174992431123,0.0,0.7085921216076805,0.4592995740653099,0.1469118982742961,0.8513157894736842,0.0074174992431123,128.4573254775165,0.0191737127412349,0.0387736916889434,-693.5262652202708,-8892000000.0,-82812000000.0,-120769000000.0,126386000000.0,2612000000.0,705000000.0,0.0,17.568119891008173,8.215861808094818,0.0,5.122915858860023,10.954419889502764,0.0,0.1145907473309608,11.05202991625636,2022-01-28,6.89,bmo,13255845669.0,2025-03-24,2021-12-31,0.2960812772133527,680.88765525,1056459.375
2021-09-30,CHTR,USD,1091667,2021-10-29,2021-10-29 07:04:48,2021,Q3,13146000000.0,7958000000.0,5188000000.0,0.3946447589,0,0.0,788000000.0,788000000.0,2270000000.0,2270000000.0,10228000000.0,0.0,1016000000.0,2270000000.0,5173000000.0,0.3935037274,2927000000.0,0.2226532786,-1173000000.0,1754000000.0,0.1334246159,347000000.0,1217000000.0,0.0925756884,6.69,6.5,181925180,187166071,https://www.sec.gov/Archives/edgar/data/1091667/000109166721000163/0001091667-21-000163-index.htm,https://www.sec.gov/Archives/edgar/data/1091667/000109166721000163/chtr-20210930.htm,72.26047543281254,6.68956325891776,23.432710084442405,13.609990656598498,2.561492587227342,118.32336788123555,-443.1766949467908,93.60991150317948,492.7850009547882,132361483596.94965,220529483596.94965,27.19011577587297,10.068574744937596,31.04890537108835,53.457788205553165,7.772253881206673,7.772253881206673,16.77540572013918,42.630868663628384,51.73105409264594,89.06683505531085,0.0091945176718164,0.0187063481967276,5.204580152671756,0.6220148075371066,17.043881693408082,0.2858543760725668,2.880905511811024,3.029850746268657,0.0,0.0,0.0,0.0,0.7168742762903961,0.4191883650011729,0.135934885136163,0.7872246696035242,0.007454739084132,118.70009290181612,0.0175854674876491,0.0301655760460043,-651.4724899543868,-8739000000.0,-80625000000.0,-117471000000.0,127591000000.0,2614000000.0,695000000.0,0.0,18.10816978548608,7.758230711233979,0.0,4.970132325141777,11.60058309037901,0.0,0.0714621256605989,9.822719427843907,2021-10-29,5.71,bmo,12930500000.0,2025-03-24,2021-09-30,0.138353765323993,758.739684109375,847673.4375
2021-06-30,CHTR,USD,1091667,2021-07-30,2021-07-30 07:04:51,2021,Q2,12802000000.0,7882000000.0,4920000000.0,0.3843149508,0,0.0,741000000.0,741000000.0,2354000000.0,2354000000.0,10236000000.0,0.0,1004000000.0,2354000000.0,5093000000.0,0.3978284643,2575000000.0,0.2011404468,-1136000000.0,1439000000.0,0.1124043118,281000000.0,1020000000.0,0.0796750508,5.48,5.29,185916505,199077390,https://www.sec.gov/Archives/edgar/data/1091667/000109166721000134/0001091667-21-000134-index.htm,https://www.sec.gov/Archives/edgar/data/1091667/000109166721000134/chtr-20210630.htm,68.85886758682345,5.486333771173248,21.509655638158645,11.1232727831238,9.203055963213163,129.5527796200773,-417.26795584932063,104.03594882552252,479.9251147712786,134129464763.24806,220640464763.24805,32.874868814521584,10.477227367852528,33.54075137865668,64.85950907313736,6.934622312234932,6.934622312234932,17.234843365352916,43.32229820601768,55.17390966822907,106.69268122013928,0.0076045930832602,0.0154179397021394,4.561162237617619,0.6125421798841876,16.986255645002945,0.4664275752141861,2.564741035856574,3.453367875647668,0.0,0.0,0.0,0.0,0.705865607598628,0.4828707176794198,0.150835806905171,0.8203058623619371,0.00781127948758,113.3245720829958,0.0153212481688594,0.0240776148997946,-625.5052503272907,-5356000000.0,-77577000000.0,-115258000000.0,130513000000.0,2489000000.0,714000000.0,0.0,18.158881424777377,8.03856889114438,0.0,4.956252419667054,11.196022727272728,0.0,0.0527349808706441,10.386382855034844,2021-07-30,4.78,bmo,12802000000.0,2025-03-24,2021-06-30,0.106694560669456,673.1580926825397,886349.2063492064
2021-03-31,CHTR,USD,1091667,2021-04-30,2021-04-30 07:05:04,2021,Q1,12522000000.0,7711000000.0,4811000000.0,0.3842038013,0,0.0,751000000.0,751000000.0,2441000000.0,2441000000.0,10152000000.0,0.0,983000000.0,2441000000.0,4829000000.0,0.3856412714,2068000000.0,0.1651493372,-931000000.0,1137000000.0,0.0908001917,216000000.0,807000000.0,0.064446574,4.22,4.11,191404527,205872536,https://www.sec.gov/Archives/edgar/data/1091667/000109166721000084/0001091667-21-000084-index.htm,https://www.sec.gov/Archives/edgar/data/1091667/000109166721000084/chtr-20210331.htm,65.42165013683297,4.216201218689044,19.59723763482355,9.691515812476055,4.033342429774401,142.0081354711114,-395.7795627268523,109.69959973830711,449.91098878241263,118100425077.63055,202460425077.63052,36.58625312194255,9.431434681171584,31.48505067385512,63.66599734643157,5.624633284642118,5.624633284642118,16.168377661526158,41.925952594249445,53.97505333981086,109.14308629521862,0.0068331676153539,0.0157069714082795,4.054483973901034,0.5935066474250378,17.469455373783394,0.3694029850746269,2.103763987792472,4.072747014115092,0.0,0.0,0.0,0.0,0.7176221250845307,0.505465209277526,0.1514135122184954,0.7767308480131094,0.0107011659479316,102.01274767102832,0.012429303826759,0.0199239581275923,-593.9762856288138,-6253000000.0,-75754000000.0,-112595000000.0,130866000000.0,2298000000.0,743500000.0,0.0,17.213703881169142,8.450265853974841,0.0,5.22839248434238,10.650552486187843,0.0,0.0384340620088584,9.905721822347491,2021-04-30,4.26,bmo,12500600000.0,2025-03-24,2021-03-31,-0.0352112676056336,624.8742666065574,1226204.9180327868
2020-12-31,CHTR,USD,1091667,2021-01-29,2021-01-29 07:06:30,2020,Q4,12624000000.0,7718000000.0,4906000000.0,0.3886248416,0,88000000.0,758000000.0,88000000.0,2321000000.0,2409000000.0,10127000000.0,0.0,965000000.0,2409000000.0,4934000000.0,0.390842839,2462000000.0,0.1950253485,-807000000.0,1655000000.0,0.131099493,254000000.0,1246000000.0,0.0987008872,6.33,6.05,196906511,212077917,https://www.sec.gov/Archives/edgar/data/1091667/000109166721000022/0001091667-21-000022-index.htm,https://www.sec.gov/Archives/edgar/data/1091667/000109166721000022/chtr-20201231.htm,64.1116433168632,6.327876075159343,21.070913190879708,8.67416720415101,5.0683951228001805,153.78363999349926,-366.7222563300611,120.89493576979788,425.1611568090808,130263499989.17186,212017499989.17188,26.13633627391089,10.318718313464185,31.396360566201945,76.26668617633013,5.472106699818184,5.472106699818184,16.794795626518685,42.9707134149112,51.10086767634897,124.13202575478446,0.0095652274052483,0.0131118847577562,3.476244486452426,0.5738457484431994,16.56951763275233,0.3955443037974683,2.5512953367875646,2.961456102783726,0.0,0.0,0.0069708491761723,0.0,0.710726322067043,0.5883345384429983,0.1933618504435995,1.0132835201328352,0.0069708491761723,131.19711834669488,0.0153727574871653,0.0298693515521994,-565.1222472780496,-5969000000.0,-72210000000.0,-110019000000.0,130879000000.0,2134500000.0,745500000.0,0.0,15.691539923954371,8.897382741642913,0.0,5.735574738755111,10.115334207077328,0.0,0.0523419449695442,12.396745986728696,2021-01-29,4.89,bmo,9629349693.0,2025-03-24,2020-12-31,0.2372188139059305,636.544527921875,1089696.875
2020-09-30,CHTR,USD,1091667,2020-10-30,2020-10-30 07:04:06,2020,Q3,12039000000.0,7483000000.0,4556000000.0,0.3784367472,0,83000000.0,788000000.0,83000000.0,2287000000.0,2370000000.0,9853000000.0,0.0,946000000.0,2370000000.0,4441000000.0,0.3688844588,2172000000.0,0.1804136556,-1063000000.0,1109000000.0,0.0921172855,177000000.0,814000000.0,0.0676135892,4.01,3.9,202826502,208722129,https://www.sec.gov/Archives/edgar/data/1091667/000109166720000195/0001091667-20-000195-index.htm,https://www.sec.gov/Archives/edgar/data/1091667/000109166720000195/chtr-20200930.htm,59.35614863584247,4.013282248490387,18.064700440379333,8.647785090727444,6.3256033474363225,166.2110210824422,-341.2473188538251,132.65524837577684,397.4234096883454,126632703734.99554,205011703734.9955,38.89210802671854,10.51854005606741,34.56132743859049,72.1965243643076,4.706485681074688,4.706485681074688,17.028964509925704,46.16340998311091,55.952975910206206,116.88238525370328,0.0064280393294251,0.013851082289695,2.960752248569092,0.5524678729203221,17.64895293852736,0.3958658346333853,2.295983086680761,3.931330472103004,0.0,0.0,0.0068942603206246,0.0,0.7138071889758865,0.5212882096069869,0.1586510507517235,0.8059071729957806,0.0068942603206246,109.44686589026082,0.0134329892874394,0.0197252041582862,-530.734390913077,-6196000000.0,-69214000000.0,-106421000000.0,130926000000.0,2031000000.0,697500000.0,0.0,15.45975579367057,8.755846585594012,0.0,5.821566731141199,10.278846153846152,0.0,0.0302534750613246,9.416915349651893,2020-10-30,3.03,bmo,9353376923.0,2025-03-24,2020-09-30,0.2871287128712871,590.044998171875,910029.6875
2020-06-30,CHTR,USD,1091667,2020-07-31,2020-07-31 08:41:52,2020,Q2,11696000000.0,7297000000.0,4399000000.0,0.3761114911,0,0.0,719000000.0,719000000.0,2428000000.0,2428000000.0,9725000000.0,0.0,957000000.0,2428000000.0,4410000000.0,0.3770519836,1969000000.0,0.1683481532,-927000000.0,1042000000.0,0.0890902873,166000000.0,766000000.0,0.0654924761,3.72,3.63,205777438,210906946,https://www.sec.gov/Archives/edgar/data/1091667/000109166720000158/0001091667-20-000158-index.htm,https://www.sec.gov/Archives/edgar/data/1091667/000109166720000158/chtr-20200630.htm,56.83810680935779,3.7224683495184734,17.149596351763307,9.068049530289128,10.190621578250964,176.89500051021142,-327.4605838954998,142.65898285700302,386.5778521355679,104954726329.51694,181449726329.51697,34.254153501800566,8.973557312715197,29.740642201619988,56.24583404582901,3.5752393490092973,3.5752393490092973,15.513827490553776,41.14506265975441,51.41675441471151,97.2399390833424,0.0072983849969277,0.0177790945225419,2.677203978743698,0.541505897916437,17.34580498866213,0.5212207394443229,2.057471264367816,4.0285388127853885,0.0,0.0,0.0,0.0,0.7150879175394114,0.4712383111362992,0.1421853625170998,0.6849258649093904,0.0076949384404924,109.30910227580809,0.0120894264471858,0.0185243404028923,-510.9525175447077,-4377000000.0,-67384000000.0,-103970000000.0,133482000000.0,2042500000.0,700000000.0,0.0,15.343707250341998,8.226668493901604,0.0,5.8655967903711135,10.940029985007495,0.0,0.026093473225235,8.081546821474179,2020-07-31,2.44,bmo,7861774104.0,2025-03-24,2020-06-30,0.4877049180327868,507.25110925396825,1138180.9523809524
2020-03-31,CHTR,USD,1091667,2020-05-01,2020-05-01 07:12:20,2020,Q1,11738000000.0,7432000000.0,4306000000.0,0.366842733,0,0.0,766000000.0,766000000.0,2497000000.0,2497000000.0,9929000000.0,0.0,980000000.0,2497000000.0,4316000000.0,0.3676946669,1802000000.0,0.153518487,-1306000000.0,496000000.0,0.0422559209,29000000.0,396000000.0,0.033736582,1.91,1.86,207831305,212810613,https://www.sec.gov/Archives/edgar/data/1091667/000109166720000105/0001091667-20-000105-index.htm,https://www.sec.gov/Archives/edgar/data/1091667/000109166720000105/chtr-20200331.htm,56.47849827050838,1.905391490468676,15.493334846740243,6.596696296546856,13.992117308795226,176.6913795782594,-324.979915802386,142.55792696870185,389.2098930909374,90678876268.8874,167680876268.8874,57.2467653212673,7.725240779424722,28.161141698412237,66.14068290947293,3.060580405997279,3.060580405997279,14.285302118664797,38.85099079445954,52.07480629468552,122.3055260896334,0.0043670589700047,0.0151192874946378,2.69711084109626,0.5452672089087832,17.84105653382762,0.435792659856224,1.8387755102040817,6.895074946466809,0.0,0.0,0.0,0.0,0.7114403078770676,0.574223602484472,0.1575225762480831,0.7404885863035643,0.0076674050093712,78.17700986391675,0.0122536554169598,0.0093641372460923,-506.91954227011183,-7456000000.0,-67541000000.0,-104071000000.0,130903000000.0,2159000000.0,759500000.0,0.0,16.03254387459533,8.876480086114102,0.0,5.613582018173123,10.139154160982264,0.0,0.0133657351154313,8.896638550193389,2020-05-01,2.73,bmo,17228354838.0,2025-03-24,2020-03-31,-0.3186813186813186,489.0656472741936,1865204.838709677
2019-12-31,CHTR,USD,1091667,2020-01-31,2020-01-31 07:08:17,2019,Q4,11761000000.0,7309000000.0,4452000000.0,0.3785392399,0,77000000.0,748000000.0,77000000.0,2384000000.0,2461000000.0,9770000000.0,0.0,964000000.0,2461000000.0,4356000000.0,0.3703766687,1959000000.0,0.1665674688,-1027000000.0,932000000.0,0.0792449622,110000000.0,714000000.0,0.0607091234,3.36,3.28,212648072,217778099,https://www.sec.gov/Archives/edgar/data/1091667/000109166720000024/0001091667-20-000024-index.htm,https://www.sec.gov/Archives/edgar/data/1091667/000109166720000024/chtr12312019-10k.htm,55.3073436753285,3.3576603506661464,15.79134938030381,7.430116742370465,16.379175071947042,182.5128233469241,-308.1053093206507,147.8734309897717,382.01616048510425,103151324001.33508,179939324001.33508,36.11741036461312,8.77062528707891,30.71808338336363,65.2856481021108,3.280372841511689,3.280372841511689,15.299661933622572,41.30838475696397,53.585266230296334,113.8856481021108,0.0069218694661714,0.0153173021800432,2.552742884401336,0.5416835371285125,17.628099173553718,0.522486879289463,2.032157676348548,4.085158150851582,0.0,0.0,0.0065470623246322,0.0,0.7040313655626637,0.5294818344252531,0.1511776209505994,0.7224705404307192,0.0065470623246322,105.69506617342536,0.0123840646921025,0.0162794409357258,-490.1231834352112,-5914000000.0,-65518000000.0,-102906000000.0,134098000000.0,2255500000.0,724500000.0,0.0,17.041918204234335,9.67847858804214,0.0,5.281095644364616,9.298982188295165,0.0,0.0227063126093178,8.361232637933346,2020-01-31,2.49,bmo,8928320121.0,2025-03-24,2019-12-31,0.3172690763052206,460.2151560625,1025695.3125
2019-09-30,CHTR,USD,1091667,2019-10-25,2019-10-25 07:27:38,2019,Q3,11450000000.0,7435000000.0,4015000000.0,0.3506550218,0,0.0,793000000.0,793000000.0,2415000000.0,2415000000.0,9850000000.0,0.0,963000000.0,2415000000.0,4024000000.0,0.351441048,1586000000.0,0.1385152838,-993000000.0,593000000.0,0.051790393,126000000.0,387000000.0,0.0337991266,1.77,1.74,218499213,222355867,https://www.sec.gov/Archives/edgar/data/1091667/000109166719000113/0001091667-19-000113-index.htm,https://www.sec.gov/Archives/edgar/data/1091667/000109166719000113/chtr9302019-10q.htm,52.40293474192056,1.7711734275216815,13.469156065106745,5.816954590129347,2.3249511658424145,185.45604555564236,-296.39923691624466,150.91129870568457,352.6923458529803,90047894569.06393,165639894569.06393,58.17047452781908,7.8644449405296015,30.59731381891401,70.84806811098657,2.730875676868562,2.730875676868562,14.466366337909514,41.16299566825644,56.282668898764506,130.3224976939921,0.0042977129210187,0.0141147109111494,2.307878934918421,0.5238629557986328,18.785288270377738,0.2827574695376398,1.6469366562824508,6.301927194860814,0.0,0.0,0.0,0.0,0.7247688738667419,0.5681277607883113,0.1460262008733624,0.6923395445134576,0.0062008733624454,77.55015698924569,0.0091026311579226,0.0096793557100695,-469.219081352023,-8594000000.0,-64763000000.0,-101357000000.0,132012000000.0,2177000000.0,726500000.0,0.0,17.952838427947597,8.025554808338939,0.0,5.0131348511383536,11.21417797888386,0.0,0.0117365196821738,7.652201474977395,2019-10-25,1.67,bmo,10989367816.0,2025-03-24,2019-09-30,0.0419161676646707,403.56437445312497,1151298.4375
2019-06-30,CHTR,USD,1091667,2019-07-26,2019-07-26 07:07:17,2019,Q2,11347000000.0,7244000000.0,4103000000.0,0.3615933727,0,0.0,768000000.0,768000000.0,2500000000.0,2500000000.0,9744000000.0,0.0,945000000.0,2500000000.0,4112000000.0,0.3623865339,1541000000.0,0.1358068212,-1071000000.0,470000000.0,0.0414206398,84000000.0,314000000.0,0.0276725126,1.41,1.39,222392274,225942172,https://www.sec.gov/Archives/edgar/data/1091667/000109166719000097/0001091667-19-000097-index.htm,https://www.sec.gov/Archives/edgar/data/1091667/000109166719000097/chtr6302019-10q.htm,51.02245593297904,1.411919552565032,12.414999632586158,5.000173702077438,3.129605122883001,193.77471719183916,-281.9072752500386,158.66558385926663,339.53967303738256,88454300836.83725,162324300836.83725,70.42539875544367,7.795390925957279,32.03705209592077,79.54523456550112,2.506781750179597,2.506781750179597,14.305481698848793,39.47575409456159,58.79185108179546,145.97509068060904,0.0035498556546075,0.0125714633373361,2.1131893668877173,0.5104288599103262,17.964494163424124,0.3382278481012658,1.6306878306878307,7.152849740932642,0.0,0.0,0.0,0.0,0.7241537461067187,0.5972473741398044,0.145324755441967,0.6596,0.0072265797126993,70.99660839664118,0.0091610970411627,0.0077921433357321,-452.9946035805183,-6535000000.0,-62694000000.0,-99651000000.0,134894000000.0,1824000000.0,725500000.0,0.0,16.418436591169474,9.81501932633904,0.0,5.481642512077294,9.169620253164556,0.0,0.0088987133707419,7.414825930508719,2019-07-26,1.85,bmo,15102122302.0,2025-03-24,2019-06-30,-0.2486486486486487,374.7419046349206,954914.2857142856
2019-03-31,CHTR,USD,1091667,2019-04-30,2019-04-30 07:10:48,2019,Q1,11206000000.0,7236000000.0,3970000000.0,0.3542744958,0,85000000.0,735000000.0,85000000.0,2465000000.0,2550000000.0,9786000000.0,0.0,925000000.0,2550000000.0,3979000000.0,0.355077637,1425000000.0,0.1271640193,-989000000.0,436000000.0,0.038907728,119000000.0,253000000.0,0.0225771908,1.13,1.11,224630122,227595365,https://www.sec.gov/Archives/edgar/data/1091667/000109166719000085/0001091667-19-000085-index.htm,https://www.sec.gov/Archives/edgar/data/1091667/000109166719000085/chtr3312019-10q.htm,49.88645289521768,1.1262959648839972,11.957434631139986,2.871386946048135,6.459507687931541,194.28827982384303,-277.0198379716857,159.07928857377374,339.26883590438507,77771441063.47012,151605441063.47012,76.84925006271752,6.940160723136724,28.954371207546583,120.57587761778314,2.1763989775415604,2.1763989775415604,13.528952441858836,38.10139257689624,56.44282988215567,235.0471954472405,0.0032531221813612,0.008293532833905,2.1068170369955785,0.5112490407926279,18.555918572505657,0.3138912133891213,1.5405405405405406,8.473186119873818,0.0,0.0,0.0075852222023915,0.0,0.7189471468249388,0.7598659717051377,0.1821345707656612,0.8003921568627451,0.0075852222023915,63.49278004929625,0.0074403874624698,0.006113030661802,-449.536772276694,-8199000000.0,-62227000000.0,-99863000000.0,133631000000.0,1655500000.0,709500000.0,0.0,12.673567731572373,8.221393034825871,0.0,7.101394169835235,10.947049924357035,0.0,0.0070800917893322,9.08604768509185,2019-04-30,1.42,bmo,14335603603.0,2025-03-24,2019-03-31,-0.2183098591549294,329.3780333278689,1417614.754098361
2018-12-31,CHTR,USD,1091667,2019-01-31,2019-01-31 07:13:55,2018,Q4,11231000000.0,7139000000.0,4092000000.0,0.3643486778,0,72000000.0,732000000.0,72000000.0,2462000000.0,2534000000.0,9673000000.0,0.0,910000000.0,2534000000.0,4037000000.0,0.3594515181,1439000000.0,0.1281275042,-1077000000.0,362000000.0,0.0322322144,2000000.0,296000000.0,0.0263556228,1.31,1.29,227005966,230131933,https://www.sec.gov/Archives/edgar/data/1091667/000109166719000029/0001091667-19-000029-index.htm,https://www.sec.gov/Archives/edgar/data/1091667/000109166719000029/chtr12312018-10k.htm,49.47447064012406,1.3039304878885871,13.955580356861637,3.898575951964187,2.427248982522336,195.0257113506876,-273.8518334800064,159.8416140305317,324.82406211297547,64689890358.02597,136965890358.02596,54.63673172130572,5.759940375569938,20.419788623114258,73.09592130850392,1.7828273489879003,1.7828273489879003,12.195342387857355,33.92764190191379,43.2341825625082,154.76371791867342,0.0045756763284307,0.0136806538873689,2.0070828165908776,0.4983713132142612,17.90339360911568,0.225713104588673,1.5813186813186813,8.8,0.0,0.0,0.006410827174784,0.0,0.728378840758229,0.7206439393939394,0.2032766450004452,0.9009471191791634,0.006410827174784,68.47994567589795,0.0104208973148145,0.0074574221505593,-440.5489942057294,-9365000000.0,-62166000000.0,-99128000000.0,132199000000.0,1734500000.0,681000000.0,0.0,13.887454367376012,9.555960218518,0.0,6.48066935949221,9.41820580474934,0.0,0.0081576408984428,10.057004404897446,2019-01-31,1.51,bmo,13146364341.0,2025-03-24,2018-12-31,-0.1456953642384106,313.65428774603174,1400330.1587301588
2018-09-30,CHTR,USD,1091667,2018-10-26,2018-10-26 07:09:25,2018,Q3,10892000000.0,7012000000.0,3880000000.0,0.3562247521,0,0.0,790000000.0,790000000.0,2482000000.0,2482000000.0,9494000000.0,0.0,901000000.0,2482000000.0,4087000000.0,0.3752295263,1380000000.0,0.1266984943,-687000000.0,693000000.0,0.0636246787,109000000.0,493000000.0,0.045262578,2.14,2.11,230554633,233607414,https://www.sec.gov/Archives/edgar/data/1091667/000109166718000103/0001091667-18-000103-index.htm,https://www.sec.gov/Archives/edgar/data/1091667/000109166718000103/chtr9302018-10q.htm,47.24259867725148,2.138321809390835,12.16197637633246,2.3074791127706376,2.654468453036899,196.17042351953083,-270.02276722845124,160.93799338224534,318.2542855254616,74144063504.25146,146006063504.25146,37.59840948491454,6.807203773802008,26.44224804003262,139.3685404215253,1.9982229754548293,1.9982229754548293,13.404890149123345,35.72450783074418,52.07063605715102,274.4474877899464,0.0066492174383149,0.0071752204405345,1.9532138525805147,0.4961084300236164,17.583068265231223,0.230295358649789,1.531631520532741,4.801369863013699,0.0,0.0,0.0,0.0,0.7357565800732451,0.8102710413694721,0.2085934630921777,0.9153908138597904,0.0065185457216305,87.99481505861124,0.0084532231594903,0.0127713589969431,-429.15207867455865,-9121000000.0,-62255000000.0,-98128000000.0,133102000000.0,1677500000.0,668000000.0,0.0,14.344473007712082,7.752424415288078,0.0,6.274193548387097,11.609271523178808,0.0,0.0132866190540358,9.854497263561822,2018-10-26,1.04,bmo,8857645706.0,2025-03-24,2018-09-30,1.0288461538461535,305.2396831269841,1401293.650793651
2018-06-30,CHTR,USD,1091667,2018-07-31,2018-07-31 07:06:19,2018,Q2,10854000000.0,6873000000.0,3981000000.0,0.366777225,0,0.0,769000000.0,769000000.0,2592000000.0,2592000000.0,9465000000.0,0.0,878000000.0,2592000000.0,4001000000.0,0.3686198636,1360000000.0,0.1252994288,-980000000.0,380000000.0,0.0350101345,41000000.0,273000000.0,0.0251520177,1.17,1.15,234241769,237073566,https://www.sec.gov/Archives/edgar/data/1091667/000109166718000090/0001091667-18-000090-index.htm,https://www.sec.gov/Archives/edgar/data/1091667/000109166718000090/chtr6302018-10q.htm,46.33674022501085,1.165462509805414,13.217113298013045,3.4323511277785816,3.3000092310607507,194.84996290307217,-266.31458713070083,159.84766576792714,311.6224758360666,68682026980.31408,140026026980.3141,62.89562910285172,6.327807903106144,22.184117241703515,85.42540669193293,1.834308868955855,1.834308868955855,12.90086852591801,34.99775730575208,45.22804489028233,174.16172509989315,0.0039748390081476,0.0117061192767424,1.9260475923403573,0.4931043206542178,17.831542114471382,0.1960924130062749,1.5489749430523918,9.132743362831858,0.0,0.0,0.0,0.0,0.7386205906284401,0.7403100775193798,0.2111663902708679,0.8842592592592593,0.0064492353049566,64.74311074531073,0.0088164224417191,0.0071415491668192,-421.025466213927,-11274000000.0,-62382000000.0,-97859000000.0,131161000000.0,1514000000.0,677000000.0,0.0,13.424543946932006,9.58533391532082,0.0,6.704138357010501,9.38934426229508,0.0,0.0072910824453168,9.784762170234464,2018-07-31,0.99,bmo,9438260869.0,2025-03-24,2018-06-30,0.1616161616161615,287.347654796875,1925043.75
2018-03-31,CHTR,USD,1091667,2018-04-27,2018-04-27 08:11:26,2018,Q1,10657000000.0,6836000000.0,3821000000.0,0.3585436802,0,72000000.0,751000000.0,72000000.0,2638000000.0,2710000000.0,9546000000.0,0.0,851000000.0,2710000000.0,3841000000.0,0.360420381,1042000000.0,0.0977761096,-791000000.0,251000000.0,0.0235525945,28000000.0,168000000.0,0.0157642864,0.71,0.7,237762295,241420722,https://www.sec.gov/Archives/edgar/data/1091667/000109166718000063/0001091667-18-000063-index.htm,https://www.sec.gov/Archives/edgar/data/1091667/000109166718000063/chtr3312018-10q.htm,44.82207744503812,0.706588065193432,11.35167373783972,-0.2060881856814176,2.422587652091767,198.2021581680981,-256.82373229111033,163.0536078060653,301.9822802433834,73996381687.66231,144369381687.6623,110.11366322568794,6.943453287760375,27.41622144781856,-1510.130238523721,1.908697422814236,1.908697422814236,13.54690641715889,37.58640502152103,53.4899524593043,-2946.313911993108,0.0022703812830892,-0.000662194540901,1.83009182831201,0.4854499798153964,18.3215308513408,0.2066885019824168,1.2244418331374851,12.103139013452914,0.0,0.0,0.0067561227362297,0.0,0.7402480995682548,1.0181548721748797,0.2578586844327672,1.0140221402214022,0.0072252979262456,50.91428088862857,0.0067138129667725,0.0044253615362326,-409.6244528595251,-9204000000.0,-61063000000.0,-96628000000.0,132986000000.0,1522000000.0,681000000.0,0.0,11.899221169184576,8.188999414862494,0.0,7.563520227111426,10.990353697749196,0.0,0.0043334709038382,11.557761923521136,2018-04-27,0.52,bmo,7916628571.0,2025-03-24,2018-03-31,0.346153846153846,351.5878681147541,1486872.1311475409
2017-12-31,CHTR,USD,1091667,2018-02-02,2018-02-02 08:07:24,2017,Q4,10602000000.0,6684000000.0,3918000000.0,0.3695529145,0,63000000.0,608000000.0,63000000.0,2679000000.0,2742000000.0,9426000000.0,0.0,840000000.0,2742000000.0,3910000000.0,0.3687983399,1204000000.0,0.1135634786,-773000000.0,431000000.0,0.040652707,-9186000000.0,9553000000.0,0.9010564045,39.66,34.56,240833636,278257245,https://www.sec.gov/Archives/edgar/data/1091667/000109166718000025/0001091667-18-000025-index.htm,https://www.sec.gov/Archives/edgar/data/1091667/000109166718000025/chtr12312017-10k.htm,44.02209000407235,39.66638613553133,13.528010680368585,5.015910651284608,2.578543472224951,197.3603056011661,-254.5034863817777,162.2863012374235,295.1041273985499,80910466183.05728,150520466183.05728,2.1174098760352056,7.631622918605667,24.834397232368715,66.97886273431894,2.070168513536416,2.070168513536416,14.197365231376844,38.49628291126785,46.20026586343072,124.6030349197494,0.1180687796111154,0.0149300833005576,1.7969245727151777,0.4789903357590555,17.80306905370844,0.2303877366997294,1.4333333333333331,0.338775085785588,0.0,0.0,0.0059422750424448,0.0,0.742202792194949,0.629220380601596,0.193359743444633,0.7476294675419402,0.0065082059988681,380.5778494753641,0.1952719400619109,0.252731553744808,-403.7839216113483,-8535000000.0,-61293000000.0,-96537000000.0,134177000000.0,1643500000.0,656000000.0,0.0,13.879456706281834,9.964093357271096,0.0,6.48440366972477,9.032432432432431,0.0,0.2444222699826015,8.512100029083978,2018-02-02,0.85,bmo,8091000000.0,2025-03-24,2017-12-31,0.0117647058823529,339.740477984127,2012363.492063492
2017-09-30,CHTR,USD,1091667,2017-10-26,2017-10-26 07:35:45,2017,Q3,10458000000.0,6703000000.0,3755000000.0,0.3590552687,0,0.0,629000000.0,629000000.0,2701000000.0,2701000000.0,9404000000.0,0.0,788000000.0,2701000000.0,3738000000.0,0.3574297189,909000000.0,0.086919105,-791000000.0,118000000.0,0.0112832282,26000000.0,48000000.0,0.0045897877,0.19,0.19,253923805,258341851,https://www.sec.gov/Archives/edgar/data/1091667/000109166717000105/0001091667-17-000105-index.htm,https://www.sec.gov/Archives/edgar/data/1091667/000109166717000105/chtr9302017-10q.htm,41.18558321068007,0.1890330841568792,11.452254348504267,2.339284416441381,8.52224154407264,167.68022202565845,-265.95379665171606,130.86209069685293,271.4200033352525,92280992514.10948,158248992514.10947,480.63016934432005,8.823961800928425,31.733491235938605,155.35520625270954,2.7771221678085247,2.7771221678085247,15.131860060633914,42.33520398986342,54.4184981135177,266.4124453099486,0.0005201504523551,0.0064368618478954,2.0503776821451143,0.4596432522870173,17.647940074906366,0.3965831653709569,1.1535532994923858,31.60869565217391,0.0,0.0,0.0,0.0,0.7428421081037321,0.7957359009628611,0.2212660164467393,0.8567197334320622,0.0066934404283801,23.592126940612538,0.0050666790423499,0.0012592475995592,-402.6680365789257,-6287000000.0,-67532000000.0,-101518000000.0,137123000000.0,1570500000.0,578000000.0,0.0,14.216867469879515,7.680143219453976,0.0,6.330508474576271,11.718531468531468,0.0,0.0014445213518312,9.112969932062889,2017-10-26,1.02,bmo,56142947368.0,2025-03-24,2017-09-30,-0.8137254901960785,372.2084128253968,1766830.1587301588
2017-06-30,CHTR,USD,1091667,2017-07-27,2017-07-27 08:35:09,2017,Q2,10357000000.0,6575000000.0,3782000000.0,0.3651636574,0,65000000.0,601000000.0,65000000.0,2530000000.0,2595000000.0,9170000000.0,0.0,749000000.0,2595000000.0,3782000000.0,0.3651636574,1052000000.0,0.1015738148,-809000000.0,243000000.0,0.0234623926,48000000.0,139000000.0,0.0134208748,0.53,0.52,263460911,267309261,https://www.sec.gov/Archives/edgar/data/1091667/000109166717000095/0001091667-17-000095-index.htm,https://www.sec.gov/Archives/edgar/data/1091667/000109166717000095/chtr6302017-10q.htm,39.31133450001621,0.5275924973932851,11.178128811677874,4.342200122431065,2.6341668574887755,176.24246353570075,-241.66013758299044,139.02631650734708,242.90889968113711,88746809451.11546,151300809451.11548,159.61656376099904,8.568775654254654,30.13474005131255,77.5758823873387,2.422922612512708,2.422922612512708,14.608555513287197,40.00550223456253,51.37548708017504,132.25595231740863,0.0015662534896712,0.0128906042603159,1.7267664082122969,0.4303756124115405,16.539925965097833,0.3156469284747014,1.404539385847797,15.102564102564102,0.0,0.0,0.0062759486337742,0.0,0.7491902558519326,0.6115449915110357,0.173892053683499,0.6940269749518304,0.0082070097518586,40.62459765233081,0.0060804938947412,0.0037711278113893,-374.6903084230207,-5559000000.0,-63668000000.0,-97963000000.0,137490000000.0,1400000000.0,553000000.0,0.0,12.939075021724438,7.993916349809886,0.0,6.955674949630625,11.258561643835616,0.0,0.0037949109970514,6.835928689246808,2017-07-27,0.87,bmo,17328057692.0,2025-03-24,2017-06-30,-0.4022988505747126,333.6061881111111,1559279.365079365
2017-03-31,CHTR,USD,1091667,2017-05-02,2017-05-02 07:06:02,2017,Q1,10164000000.0,6579000000.0,3585000000.0,0.3527154664,0,0.0,582000000.0,582000000.0,2550000000.0,2550000000.0,9129000000.0,0.0,713000000.0,2550000000.0,3585000000.0,0.3527154664,941000000.0,0.0925816608,-705000000.0,236000000.0,0.023219205,25000000.0,155000000.0,0.0152499016,0.58,0.57,269004817,273199509,https://www.sec.gov/Archives/edgar/data/1091667/000109166717000072/0001091667-17-000072-index.htm,https://www.sec.gov/Archives/edgar/data/1091667/000109166717000072/chtr33117-10q.htm,37.78371002181719,0.576197860427161,10.568583981899476,4.230407517200705,10.854824209337483,185.513406624239,-228.5498106898212,147.65534849139894,236.267144613994,88050658583.47371,147974658583.4737,142.01719126366729,8.662992776807725,30.971037138049144,77.37316219988902,2.2167839522526114,2.2167839522526114,14.558703127063527,41.27605539287969,52.04877192524576,130.03045569725282,0.0017603502630597,0.0129243780603997,1.5821752265861029,0.4205187227322609,16.715202231520223,0.490126050420168,1.3197755960729314,13.4739336492891,0.0,0.0,0.0,0.0,0.7453293541393432,0.5997186071051706,0.1677489177489177,0.6686274509803921,0.008461235733963,43.75237887624907,0.0059276535542634,0.0040726240836595,-355.52058534327284,-4854000000.0,-61481000000.0,-94874000000.0,139230000000.0,1371500000.0,488000000.0,0.0,11.6086186540732,7.140902872777017,0.0,7.752860411899314,12.60344827586207,0.0,0.0039023162134944,6.338176464698772,2017-05-02,0.96,bmo,17118315789.0,2025-03-24,2017-03-31,-0.40625,318.51984037096776,1470327.4193548388
2016-12-31,CHTR,USD,1091667,2017-02-16,2017-02-16 07:10:06,2016,Q4,10275000000.0,6498000000.0,3777000000.0,0.3675912409,0,-366000000.0,559000000.0,-366000000.0,2495000000.0,2129000000.0,8627000000.0,0.0,728000000.0,2495000000.0,4221000000.0,0.4108029197,1439000000.0,0.1400486618,-660000000.0,779000000.0,0.0758150852,210000000.0,454000000.0,0.0441849148,1.69,1.67,268584368,272624270,https://www.sec.gov/Archives/edgar/data/1091667/000109166717000030/0001091667-17-000030-index.htm,https://www.sec.gov/Archives/edgar/data/1091667/000109166717000030/chtr123116-10k.htm,38.25613559162907,1.6903440932943647,12.011123447065245,6.90658214330627,5.715150183275,187.52394405917173,-227.36617344759244,149.44652326154738,232.60847407173003,77330814726.15678,137542814726.1568,42.58304775669426,7.526113355343726,23.971114298250704,41.687770741863496,1.9265755182280768,1.9265755182280768,13.386162017144214,32.58536240847117,42.63571442224328,74.14706993323817,0.0058708808591723,0.0239878502065303,1.5383293056628218,0.4142231345636525,14.26486614546316,0.3447555369828667,1.9766483516483515,5.669595782073814,0.0,0.0,-0.0356204379562043,0.0,0.747536342718375,0.4249845009299442,0.1334306569343065,0.549498997995992,0.0118734793187347,75.3913859589877,0.0074269171033467,0.0120635595472179,-357.7721246978901,-6272000000.0,-61067000000.0,-95401000000.0,138124000000.0,1337000000.0,466000000.0,0.0,12.543065693430655,6.28808864265928,0.0,7.175279329608938,14.312775330396477,0.0,0.0113106953337153,5.104541303758974,2017-02-16,1.0,bmo,8392106250.0,2025-03-24,2016-12-31,-0.6699999999999999,269.28095304761905,1856711.111111111
2016-09-30,CHTR,USD,1091667,2016-11-03,2016-11-03 08:06:21,2016,Q3,10037000000.0,6482000000.0,3555000000.0,0.3541894989,0,-13000000.0,591000000.0,-13000000.0,2437000000.0,2424000000.0,8906000000.0,0.0,724000000.0,2437000000.0,3600000000.0,0.3586729102,924000000.0,0.0920593803,-645000000.0,266000000.0,0.0265019428,16000000.0,189000000.0,0.0188303278,0.7,0.69,271263259,275373202,https://www.sec.gov/Archives/edgar/data/1091667/000109166716000576/0001091667-16-000576-index.htm,https://www.sec.gov/Archives/edgar/data/1091667/000109166716000576/chtr93016-10q.htm,37.00095632929043,0.6967401361199453,10.325762546412523,3.690142202413044,4.29472094486633,188.28572726098523,-226.54007854414223,148.47937810848168,231.2145044309152,73232942303.49327,134063942303.49329,96.86897130091702,7.296297928015669,26.14528464958703,73.1597825209723,1.8182322989173287,1.8182322989173287,13.356973428663274,37.23998397319257,47.86288550642387,133.93001229120208,0.0025808057693045,0.0136687120374276,1.5392407577525635,0.4163683620220689,16.8975,0.3216144327512432,1.276243093922652,11.204,0.0,0.0,-0.0012952077313938,0.0,0.7557371874517284,0.6426276329882185,0.1793364551160705,0.7386130488305294,0.0137491282255654,48.2458257010069,0.0061027480859562,0.0051965905966455,-352.88781957751235,-5866000000.0,-61452000000.0,-95041000000.0,139542000000.0,1291000000.0,463000000.0,0.0,11.13679386270798,6.636840481332921,0.0,8.081320450885668,13.560669456066943,0.0,0.0046925044069816,6.63562034399948,2016-11-03,0.63,bmo,9164217391.0,2025-03-24,2016-09-30,0.0952380952380951,252.608749390625,2300146.875
2016-06-30,CHTR,USD,1091667,2016-08-09,2016-08-09 07:09:59,2016,Q2,6161000000.0,4004000000.0,2157000000.0,0.3501055024,0,-520000000.0,377000000.0,-520000000.0,1436000000.0,916000000.0,4920000000.0,0.0,593000000.0,1436000000.0,2702000000.0,0.438565168,690000000.0,0.111994806,-235000000.0,-65000000.0,-0.0105502354,-3179000000.0,3067000000.0,0.4978087973,16.73,15.17,183362776,205214266,https://www.sec.gov/Archives/edgar/data/1091667/000109166716000549/0001091667-16-000549-index.htm,https://www.sec.gov/Archives/edgar/data/1091667/000109166716000549/chtr63016-10q.htm,33.60005849824176,16.726404709317883,8.671334687908521,-154.26249873093107,3.026786636345427,278.3116677945583,-336.7477377196776,219.45566530908104,342.46863714585123,41924064921.27722,103572064921.27722,3.417351232578841,6.804750027800231,26.36733642847624,-1.48214894015687,1.041850519912456,1.041850519912456,16.810917857697973,38.3316302447362,65.1396634725014,-3.661601672957549,0.0731560741010932,-0.6746960260917911,1.545800198807157,0.4169241596568249,22.815692079940785,0.2639945497899398,1.163575042158516,0.5105973025048169,0.0,0.0,-0.0844018828112319,0.0,0.7559167532424009,18.78993710691824,4.849212790131472,20.805013927576603,0.0337607531244927,287.38623167877546,-0.2320408516998413,0.0842212214411247,-526.8408458214005,-6482000000.0,-61747000000.0,-95838000000.0,139655000000.0,796500000.0,294000000.0,0.0,19.57474435968187,10.06993006993007,0.0,4.597761194029851,8.9375,0.0,0.0762176938369781,162.9338334188396,2016-08-09,0.22,bmo,,2025-03-24,2016-06-30,3.5,214.887969515625,3373256.25
2016-03-31,CHTR,USD,1091667,2016-04-28,2016-04-28 08:06:17,2016,Q1,2530000000.0,1671000000.0,859000000.0,0.3395256917,0,0.0,162000000.0,162000000.0,539000000.0,539000000.0,2210000000.0,0.0,454000000.0,539000000.0,880000000.0,0.347826087,302000000.0,0.1193675889,-462000000.0,-160000000.0,-0.0632411067,28000000.0,-188000000.0,-0.0743083004,-1.86,-1.85,101075268,101552093,https://www.sec.gov/Archives/edgar/data/1091667/000109166716000470/0001091667-16-000470-index.htm,https://www.sec.gov/Archives/edgar/data/1091667/000109166716000470/chtr33116-10q.htm,25.030851266206884,-1.860000015038298,4.194893650937438,-0.6035106431773201,12.64404265541992,-2.166702145177592,-83.56149003730566,-2.166702145177592,371.7823434314317,20460665793.713123,56306665793.71312,-27.208332172490856,8.087219681309534,48.25628724932341,-335.4207507166085,-93.4276976881878,-93.4276976881878,22.25559912794985,63.98484749285582,132.79874007951207,-923.0600949789036,-0.0091883618009031,-0.0029813301588036,-169.5159817351598,0.9160991017668542,40.73409090909091,0.8374025974025974,0.6651982378854625,-2.25531914893617,0.0,0.0,0.0,0.0,0.2030154969894383,1.143867924528302,0.191699604743083,0.8998144712430427,0.0094861660079051,,0.0091932433482732,-0.0058209740842802,-388.5742850565581,-313000000.0,-8446000000.0,-39131000000.0,16208000000.0,266000000.0,137000000.0,0.0,9.0,7.5403949730700175,0.0,10.0,11.935714285714283,0.0,0.8584474885844748,4.798404294114758,2016-04-28,-0.96,bmo,1645860215.0,2025-03-24,2016-03-31,0.9375000000000002,179.48688495081967,2203042.62295082
2015-12-31,CHTR,USD,1091667,2016-02-10,2016-02-09 19:19:39,2015,Q4,2512000000.0,1624000000.0,888000000.0,0.3535031847,0,20000000.0,152000000.0,20000000.0,525000000.0,545000000.0,2169000000.0,0.0,435000000.0,545000000.0,910000000.0,0.3622611465,323000000.0,0.1285828025,-433000000.0,-110000000.0,-0.0437898089,12000000.0,-122000000.0,-0.048566879,-1.2,-1.2,101366475,101366475,https://www.sec.gov/Archives/edgar/data/1091667/000109166716000396/0001091667-16-000396-index.htm,https://www.sec.gov/Archives/edgar/data/1091667/000109166716000396/chtr123115-10k.htm,24.7813687908157,-1.2035537390443931,6.027633889804297,0.7892155665864873,0.0493259729116554,-0.4537989507872302,-79.67131144690589,-0.4537989507872302,356.7057057079276,18560202180.698853,54278202180.69885,-38.03320118995666,7.388615517794129,30.376762979867188,232.00252725873565,-403.48265610214895,-403.48265610214895,21.60756456238012,59.64637602274599,88.83502811898339,678.4775272587357,-0.0065732042578108,0.0043102978739743,-776.5869565217391,0.9086122698138164,39.25054945054945,0.1749492900608519,0.7425287356321839,-5.008196721311475,0.0,0.0,0.0079617834394904,0.0,0.204242547563333,0.8690671031096563,0.2113853503184713,0.9743119266055046,0.0079617834394904,,0.009592876061385,-0.0038995077670523,-386.200171210452,-1627000000.0,-8076000000.0,-39017000000.0,14748000000.0,285500000.0,127500000.0,-9813000000.0,9.996019108280256,7.426108374384237,0.0,9.00358422939068,12.119402985074627,0.0,2.652173913043478,5.238418323217809,2016-02-04,-0.13,bmo,669866666.0,2025-03-24,2015-12-31,8.307692307692308,185.125625359375,1302085.9375
2015-09-30,CHTR,USD,1091667,2015-10-29,2015-10-29 08:05:46,2015,Q3,2450000000.0,1620000000.0,830000000.0,0.3387755102,0,0.0,138000000.0,138000000.0,538000000.0,538000000.0,2158000000.0,0.0,353000000.0,538000000.0,842000000.0,0.3436734694,273000000.0,0.1114285714,-361000000.0,-88000000.0,-0.0359183673,-142000000.0,54000000.0,0.0220408163,0.54,0.53,101205400,102481924,https://www.sec.gov/Archives/edgar/data/1091667/000109166715000263/0001091667-15-000263-index.htm,https://www.sec.gov/Archives/edgar/data/1091667/000109166715000263/chtr93015-10q.htm,24.208194424408184,0.5335683669053233,6.807937125884587,2.0552263021538377,193.9224586830347,0.5928537410059147,-81.88298252860025,0.5928537410059147,332.3340454165489,17796970197.2324,31451970197.2324,82.39338054274259,7.264069468258122,25.83014542413991,85.56235671746346,296.61616995387334,296.61616995387334,12.837538856013223,37.35388384469406,45.64872307290624,151.21139517900193,0.0030342243315324,0.0116873826103471,554.6833333333333,0.9025845469584792,16.217339667458432,0.2219792236194641,0.773371104815864,12.75925925925926,0.0,0.0,0.0,0.0,0.2263715998155832,0.6981132075471698,0.1963265306122449,0.8940520446096655,0.0081632653061224,2.6678418345266164,-0.004780354048417,0.0018930098857182,-264.62026729799004,-1423000000.0,-8287000000.0,-36407000000.0,15205000000.0,306500000.0,122500000.0,-9813000000.0,10.726530612244895,6.722222222222222,-1090.3333333333333,8.39041095890411,13.388429752066116,-0.0825435646591256,0.9,4.75271082373075,2015-10-29,0.43,bmo,323584905.0,2025-03-24,2015-09-30,0.2325581395348838,182.50703146875,1606537.5
2015-06-30,CHTR,USD,1091667,2015-08-04,2015-08-04 08:07:39,2015,Q2,2430000000.0,1601000000.0,829000000.0,0.3411522634,0,0.0,135000000.0,135000000.0,528000000.0,528000000.0,2129000000.0,0.0,229000000.0,528000000.0,846000000.0,0.3481481481,269000000.0,0.1106995885,-356000000.0,-87000000.0,-0.0358024691,35000000.0,-122000000.0,-0.0502057613,-1.21,-1.21,100826529,101074644,https://www.sec.gov/Archives/edgar/data/1091667/000109166715000185/0001091667-15-000185-index.htm,https://www.sec.gov/Archives/edgar/data/1091667/000109166715000185/chtr63015-10q.htm,24.100799899597853,-1.2099990073049127,5.266471089171382,1.5670478947063624,0.2975407395012081,-0.3074587641512483,-83.73788212028998,-0.3074587641512483,140.09209818181878,17266543091.25,31132543091.25,-35.382260432889346,7.105573288580247,32.51703030367232,109.28191829905064,-556.9852610080645,-556.9852610080645,12.81174612808642,36.79969632535461,58.630024653954806,197.04141196993672,-0.0070656876338973,0.009150644640621,-448.258064516129,0.8023557942144466,16.390070921985817,0.2787286063569682,1.1746724890829694,-4.352459016393443,0.0,0.0,0.0,0.0,0.4857093365667764,0.7024482109227872,0.1534979423868313,0.7064393939393939,0.0078189300411522,,0.0240526934135431,-0.013697092174694,-169.39242250420023,-1180000000.0,-8443000000.0,-16894000000.0,15476000000.0,292500000.0,126000000.0,0.0,11.88888888888889,6.970643347907558,0.0,7.570093457943925,12.911290322580646,0.0,3.935483870967742,3.69942319446502,2015-08-04,0.39,bmo,607500000.0,2025-03-24,2015-06-30,0.3076923076923076,179.83825393650795,1797453.9682539685
2015-03-31,CHTR,USD,1091667,2015-05-01,2015-05-01 08:07:56,2015,Q1,2362000000.0,1581000000.0,781000000.0,0.3306519898,0,0.0,136000000.0,136000000.0,514000000.0,514000000.0,2095000000.0,0.0,289000000.0,514000000.0,802000000.0,0.3395427604,249000000.0,0.1054191363,-295000000.0,-46000000.0,-0.0194750212,35000000.0,-81000000.0,-0.0342929721,-0.8,-0.8,100959008,100959008,https://www.sec.gov/Archives/edgar/data/1091667/000109166715000103/0001091667-15-000103-index.htm,https://www.sec.gov/Archives/edgar/data/1091667/000109166715000103/chtr33115-10q.htm,23.39563399830553,-0.802305822973221,5.229845364566181,1.000406026176485,0.1981002032032644,0.7626857823325681,-83.20208534537106,0.7626857823325681,210.51118093394896,19496194135.83901,40440194135.839005,-60.17343869086114,8.254104206536413,36.9246101057557,193.03162510731693,253.19732643946764,253.19732643946764,17.12116601856012,50.4241822142631,76.59127677242236,400.3979617409802,-0.0041546570287326,0.005180498270395,272.2597402597403,0.8588283490372798,26.114713216957608,0.8754813863928113,0.8615916955017301,-6.518518518518518,0.0,0.0,0.0,0.0,0.3472757066775911,0.8087121212121212,0.18077900084674,0.830739299610895,0.0080440304826418,,0.0192103278013989,-0.0050837883637733,-238.8593200123361,-1067000000.0,-8400000000.0,-16831000000.0,15685000000.0,274500000.0,134000000.0,0.0,10.059271803556308,7.286527514231499,0.0,8.946969696969697,12.3515625,0.0,-1.051948051948052,4.229439338389696,2015-05-01,-0.08,bmo,116641975.0,2025-03-24,2015-03-31,9.125000000000002,173.37049140983606,984418.0327868852
2014-12-31,CHTR,USD,1091667,2015-02-24,2015-02-23 19:13:45,2014,Q4,2360000000.0,1529000000.0,831000000.0,0.3521186441,0,14000000.0,125000000.0,14000000.0,520000000.0,534000000.0,2063000000.0,0.0,273000000.0,534000000.0,842000000.0,0.356779661,277000000.0,0.1173728814,-277000000.0,253000000.0,0.1072033898,48000000.0,-48000000.0,-0.0203389831,-0.48,-0.48,99681274,99681274,https://www.sec.gov/Archives/edgar/data/1091667/000109166715000049/0001091667-15-000049-index.htm,https://www.sec.gov/Archives/edgar/data/1091667/000109166715000049/chtr123114-10k.htm,23.67545984614924,-0.4815347765318489,6.3201439419805165,0.8928457314861366,0.0300959235332405,1.464668278617707,-81.59004869861515,1.464668278617707,213.6409291879636,16608893375.473627,37628893375.47363,-86.50465299725849,7.0376666845227245,26.36332281821211,186.6167794997037,113.7595436676276,113.7595436676276,15.944446345539674,44.689897120515006,59.72840218329148,422.7965547806026,-0.0028900179509178,0.0053585749506602,143.9931506849315,0.8563340122199593,24.96437054631829,0.2269113149847094,1.0146520146520146,-13.125,0.0,0.0,0.0059322033898305,0.0,0.3372301425661914,0.8587301587301587,0.2292372881355932,1.0131086142322097,0.0059322033898305,,0.009794747559075,-0.0029500338024706,-242.6458754931242,-1264000000.0,-8133000000.0,-24033000000.0,15388000000.0,277500000.0,122500000.0,0.0,10.868644067796607,8.240680183126226,0.0,8.280701754385966,10.92142857142857,0.0,-0.3287671232876712,5.4272982104943805,2015-02-05,-0.15,bmo,44528301.0,2025-03-24,2014-12-31,2.2666666666666666,158.057187109375,990021.875
2014-09-30,CHTR,USD,1091667,2014-10-31,2014-10-31 09:59:40,2014,Q3,2287000000.0,1518000000.0,769000000.0,0.3362483603,0,14000000.0,136000000.0,14000000.0,521000000.0,535000000.0,2053000000.0,0.0,217000000.0,535000000.0,772000000.0,0.3375601224,218000000.0,0.0953213817,-212000000.0,6000000.0,0.0026235243,59000000.0,-53000000.0,-0.0231744644,-0.54,-0.54,97804022,98370273,https://www.sec.gov/Archives/edgar/data/1091667/000109166714000216/0001091667-14-000216-index.htm,https://www.sec.gov/Archives/edgar/data/1091667/000109166714000216/chtr93014-10q.htm,23.383496437396,-0.5419000048893695,5.316754764952305,-0.6339207604366209,0.1022452839413904,0.9917792542314876,-84.4239309504061,0.9917792542314876,182.1192997564047,14804594321.119888,32389594321.11989,-69.8329920807542,6.473368745570568,28.470373694461323,-238.78377937290145,152.62468372288546,152.62468372288546,14.162481119860027,41.95543305844545,62.287681386769016,-522.412811630966,-0.0035799697614403,-0.0041878891548924,181.3917525773196,0.8398568019093079,22.778497409326423,0.2332912988650693,1.0046082949308757,-9.81132075471698,0.0,0.0,0.0061215566243987,0.0,0.3987589498806682,1.1192307692307693,0.2544818539571491,1.0878504672897196,0.0061215566243987,,-0.0994457068098877,-0.0042076849793585,-211.03937831922696,-1216000000.0,-8257000000.0,-20483000000.0,15443000000.0,261000000.0,107500000.0,0.0,10.625273283777874,6.225296442687746,0.0,8.47037037037037,14.457142857142856,0.0,-0.5463917525773195,5.950675525388926,2014-10-29,-0.06,bmo,338814814.0,2025-03-24,2014-09-30,8.000000000000002,158.481405515625,938600.0
2014-06-30,CHTR,USD,1091667,2014-07-31,2014-07-31 08:06:50,2014,Q2,2259000000.0,1479000000.0,780000000.0,0.3452855246,0,0.0,135000000.0,135000000.0,528000000.0,528000000.0,2007000000.0,0.0,210000000.0,528000000.0,780000000.0,0.3452855246,250000000.0,0.1106684374,-216000000.0,20000000.0,0.008853475,65000000.0,-45000000.0,-0.0199203187,-0.46,-0.46,97631842,97631842,https://www.sec.gov/Archives/edgar/data/1091667/000109166714000169/0001091667-14-000169-index.htm,https://www.sec.gov/Archives/edgar/data/1091667/000109166714000169/chtr63014-10q.htm,23.137943049358835,-0.460915200186431,6.473297922618319,0.7169792002900037,0.0921830400372862,1.2188646404930064,-87.58413059542603,1.2188646404930064,145.74138629894946,15462931624.119211,29472931624.11921,-85.90517568955117,6.845033919486149,24.466663962213943,220.89902320170305,129.9406018833547,129.9406018833547,13.046893149233824,37.785809774511804,46.63438548120128,421.0418803445601,-0.0029101855388022,0.0045269552825813,117.80672268907564,0.8071276411998388,17.96153846153846,0.209838107098381,1.1904761904761905,-14.044444444444444,0.0,0.0,0.0,0.0,0.4991651793425067,0.8892405063291139,0.2487826471890216,1.0643939393939394,0.0066401062416998,,-0.035684831567595,-0.0051730083917691,-174.6561331906449,-1269000000.0,-8551000000.0,-16913000000.0,15598000000.0,234500000.0,117500000.0,0.0,10.0398406374502,6.693711967545639,0.0,8.964285714285714,13.445454545454544,0.0,-0.3781512605042016,5.756318722328316,2014-07-31,0.15,bmo,1129500000.0,2025-03-24,2014-06-30,-4.066666666666666,137.9644443015873,1186441.2698412698
2014-03-31,CHTR,USD,1091667,2014-04-30,2014-04-30 17:00:04,2014,Q1,2202000000.0,1447000000.0,755000000.0,0.3428701181,0,12000000.0,133000000.0,12000000.0,493000000.0,505000000.0,1952000000.0,0.0,211000000.0,505000000.0,755000000.0,0.3428701181,243000000.0,0.1103542234,-213000000.0,27000000.0,0.0122615804,64000000.0,-37000000.0,-0.0168029064,-0.38,-0.38,96242322,96242322,https://www.sec.gov/Archives/edgar/data/1091667/000109166714000103/0001091667-14-000103-index.htm,https://www.sec.gov/Archives/edgar/data/1091667/000109166714000103/chtr33114-10q.htm,22.87974722804381,-0.3844462522423347,5.995283447130463,0.7688925044846694,0.0415617569991713,1.3195857847236894,-87.03031915626475,1.3195857847236894,148.59367171128727,11857053781.673033,25943053781.673035,-80.11522825454753,5.384674741904193,20.549486623350145,160.23045650909503,93.36262820214988,93.36262820214988,11.78158664017849,34.36166063797753,44.96196495957199,350.5818078604464,-0.0031205053701611,0.0062410107403222,110.94488188976378,0.8145921258021622,18.656953642384103,0.1996060407091267,1.151658767772512,-15.594594594594597,0.0,0.0,0.0054495912806539,0.0,0.491588136671099,0.8717504332755632,0.2284287011807447,0.996039603960396,0.0054495912806539,,-0.0211106884747052,-0.0042074141460086,-176.67123617403993,-1219000000.0,-8376000000.0,-16866000000.0,15363000000.0,225500000.0,108000000.0,0.0,8.869209809264305,7.774706288873531,0.0,10.147465437788018,11.576,0.0,-0.2913385826771653,5.226390942645794,2014-04-28,0.06,bmo,733999999.0,2025-03-24,2014-03-31,-7.500000000000001,130.90393401639344,1679103.2786885246
2013-12-31,CHTR,USD,1091667,2014-02-21,2014-02-21 08:04:50,2013,Q4,2148000000.0,1395000000.0,753000000.0,0.3505586592,0,11000000.0,127000000.0,11000000.0,489000000.0,500000000.0,1895000000.0,0.0,211000000.0,500000000.0,746000000.0,0.3472998138,246000000.0,0.1145251397,-211000000.0,35000000.0,0.0162942272,-4000000.0,39000000.0,0.0181564246,0.42,0.39,93888994,100742330,https://www.sec.gov/Archives/edgar/data/1091667/000109166714000080/0001091667-14-000080-index.htm,https://www.sec.gov/Archives/edgar/data/1091667/000109166714000080/chtr123113-10k.htm,22.878080896255,0.4153841503509985,6.337271011765234,0.8627209276520739,0.2236683886505376,1.608282223153866,-89.72297647581568,1.608282223153866,153.2874023551685,12840258349.99503,27000258349.99503,82.30934839740405,5.977773905956718,21.580266134445427,158.52170802463,85.03482350990087,85.03482350990087,12.56995267690644,36.19337580428288,45.37858546217652,333.3365228394448,0.003037322064475,0.0063082842877558,93.9139072847682,0.8199479618386817,18.98123324396783,0.2194955691888207,1.1658767772511849,15.256410256410255,0.0,0.0,0.00512104283054,0.0,0.4958080370049147,0.8638655462184874,0.239292364990689,1.028,0.00512104283054,3.877013832547046,0.0173183147406043,0.0044724770642201,-180.5057150788089,-1145000000.0,-8424000000.0,-16822000000.0,15411000000.0,234500000.0,86000000.0,0.0,9.804469273743017,5.870967741935484,0.0,9.17948717948718,15.32967032967033,0.0,0.2582781456953642,5.474550084113161,2014-02-21,0.26,bmo,1432000000.0,2025-03-24,2013-12-31,0.5,132.6320311875,800214.0625
2013-09-30,CHTR,USD,1091667,2013-11-05,2013-11-05 08:07:29,2013,Q3,2118000000.0,1397000000.0,721000000.0,0.3404154863,0,0.0,0.0,431000000.0,493000000.0,493000000.0,1890000000.0,0.0,214000000.0,493000000.0,721000000.0,0.3404154863,220000000.0,0.103871577,-222000000.0,-13000000.0,-0.0061378659,57000000.0,-70000000.0,-0.0330500472,-0.75,-0.75,93064281,93064281,https://www.sec.gov/Archives/edgar/data/1091667/000109166713000171/0001091667-13-000171-index.htm,https://www.sec.gov/Archives/edgar/data/1091667/000109166713000171/chtr93013-10q.htm,22.7584630455588,-0.7521682781818301,5.780950480883208,-5.813186264233858,0.4405557057922147,0.6554609281298804,-94.77320305091058,0.6554609281298804,156.0211914171453,12541342042.238596,26806342042.23859,-44.79050729370927,5.921313523247685,23.31104468817583,-23.18177826661478,205.59577118423928,205.59577118423928,12.656441002001223,37.17939256898557,49.82591457665166,-49.54961560487725,-0.0055815398196017,-0.0431373291772076,234.5245901639344,0.8293333333333334,19.78502080443828,0.2583212735166425,1.02803738317757,-7.685714285714286,0.0,0.0,0.0,0.0,0.514840579710145,2.0055762081784385,0.5094428706326724,2.188640973630831,0.0051935788479697,,0.0746543600085319,-0.0083642012187836,-182.36588536046392,-1025000000.0,-8820000000.0,-16832000000.0,15694000000.0,229000000.0,83500000.0,0.0,9.985835694050992,5.21832498210451,0.0,9.012765957446808,17.246913580246915,0.0,-1.147540983606557,11.594136745117066,2013-11-05,0.19,bmo,310640000.0,2025-03-24,2013-09-30,-4.947368421052631,126.89312434375,887581.25
2013-06-30,CHTR,USD,1091667,2013-08-06,2013-08-06 08:07:55,2013,Q2,1972000000.0,1295000000.0,677000000.0,0.343306288,0,0.0,116000000.0,116000000.0,436000000.0,436000000.0,1731000000.0,0.0,211000000.0,436000000.0,609000000.0,0.3088235294,236000000.0,0.1196754564,-274000000.0,-38000000.0,-0.0192697769,58000000.0,-96000000.0,-0.0486815416,-1.06,-1.06,90963133,90963133,https://www.sec.gov/Archives/edgar/data/1091667/000109166713000140/0001091667-13-000140-index.htm,https://www.sec.gov/Archives/edgar/data/1091667/000109166713000140/chtr63013-10q.htm,21.67911256970448,-1.0553726200261817,5.320836959298664,0.8245098593954542,0.4837124508453331,0.6706013523083028,-84.82557433460433,0.6706013523083028,143.16789198542668,11117514206.223131,23885514206.223133,-28.951859912039406,5.637684688754124,22.970070674014732,148.23352274964176,182.2543312495596,182.2543312495596,12.112329719180089,39.22087718591647,49.35023596327093,318.4735227496418,-0.0086350238209062,0.0067461123600829,210.0327868852459,0.821861569055103,20.96551724137931,0.26015625,1.1184834123222749,-5.041666666666667,0.0,0.0,0.0,0.0,0.4988774135608442,0.8450413223140496,0.2074036511156186,0.9380733944954128,0.0076064908722109,,0.0416668199256264,-0.0122887864823348,-168.38415185193765,-947000000.0,-7716000000.0,-15195000000.0,14143000000.0,215500000.0,87500000.0,0.0,10.177484787018257,5.976833976833977,0.0,8.84304932735426,15.05813953488372,0.0,-1.5737704918032789,4.49632709990321,2013-08-06,0.4,bmo,706943396.0,2025-03-24,2013-06-30,-0.475,109.87281253125,891895.3125
2013-03-31,CHTR,USD,1091667,2013-05-07,2013-05-07 08:11:26,2013,Q1,1917000000.0,1258000000.0,659000000.0,0.3437663015,0,0.0,108000000.0,108000000.0,425000000.0,425000000.0,1683000000.0,0.0,210000000.0,425000000.0,602000000.0,0.3140323422,223000000.0,0.1163275952,-256000000.0,-33000000.0,-0.0172143975,9000000.0,-42000000.0,-0.0219092332,-0.46,-0.46,90716051,90716051,https://www.sec.gov/Archives/edgar/data/1091667/000109166713000088/0001091667-13-000088-index.htm,https://www.sec.gov/Archives/edgar/data/1091667/000109166713000088/chtr33113-10q.htm,21.13187224166096,-0.4629831164057174,5.963663475606979,1.3007620889493967,0.7165214896755151,1.4220195718175608,-85.00149549058303,1.4220195718175608,143.59090653097323,9414511682.06395,22165511682.06395,-56.038760012285415,4.9110650402002864,17.4020548651829,79.7839973056267,72.98071071367403,72.98071071367403,11.562603903006757,36.81978684728231,40.97137094651377,187.843319339525,-0.0044611979270275,0.012533841794982,99.34883720930232,0.8194897371954729,21.18106312292359,0.289922480620155,1.061904761904762,-12.88095238095238,0.0,0.0,0.0,0.0,0.5013108255003517,0.7818853974121996,0.2206572769953051,0.9952941176470588,0.0057381324986958,,0.0197796488827222,-0.0053853058084369,-168.53687777921462,-916000000.0,-7711000000.0,-15136000000.0,14183000000.0,221000000.0,98000000.0,0.0,9.765258215962442,6.36724960254372,0.0,9.216346153846152,14.134831460674157,0.0,-0.3255813953488372,4.662901386657583,2013-05-07,-0.79,bmo,2792152173.0,2025-03-24,2013-03-31,-0.4177215189873418,85.004166,1212053.3333333333
2012-12-31,CHTR,USD,1091667,2013-02-22,2013-02-22 08:08:15,2012,Q4,1913000000.0,2357000000.0,-444000000.0,-0.232096184,0,0.0,0.0,-707000000.0,-665000000.0,-665000000.0,1692000000.0,0.0,0.0,466000000.0,616000000.0,0.3220073183,221000000.0,0.1155253528,-212000000.0,9000000.0,0.0047046524,49000000.0,-40000000.0,-0.0209095661,-0.44,-0.44,90425327,90716051,https://www.sec.gov/Archives/edgar/data/1091667/000109166713000020/0001091667-13-000020-index.htm,https://www.sec.gov/Archives/edgar/data/1091667/000109166713000020/chtr123112-10k.htm,21.15557735279188,-0.4423539436025484,5.3635415661809,0.575060126683313,0.0774119401304459,1.647768439919493,-85.6950177244037,1.647768439919493,141.641732741536,6894026749.629346,19695026749.629345,-43.08766718518341,3.603777704981362,14.214488143565662,132.57743749287204,46.268635903552656,46.268635903552656,10.295361604615444,31.97244602212556,40.60830257655535,378.75051441594894,-0.0058021242813063,0.0075427615656982,85.95973154362416,0.8210782742483492,20.78084415584416,0.2720588235294117,0.0,-12.125,0.0,0.0,0.0,0.0,0.5063145073402141,0.8927835051546392,0.2263460533193936,0.9291845493562232,0.0067956089911134,,-0.0683285024154589,-0.0051941306323854,-168.8409708487977,-891000000.0,-7749000000.0,-15117000000.0,14213000000.0,244000000.0,132000000.0,0.0,11.008886565603763,4.085702163767501,0.0,8.175213675213675,22.02803738317757,0.0,-0.2684563758389262,4.788481439497587,2013-02-22,-0.32,bmo,1317844444.0,2025-03-24,2012-12-31,0.40625,72.94145172580646,760908.0645161291
2012-09-30,CHTR,USD,1091667,2012-11-06,2012-11-06 08:09:29,2012,Q3,1880000000.0,858000000.0,1022000000.0,0.5436170213,0,0.0,0.0,384000000.0,427000000.0,811000000.0,1669000000.0,0.0,229000000.0,424000000.0,635000000.0,0.3377659574,211000000.0,0.1122340426,-229000000.0,-18000000.0,-0.0095744681,69000000.0,-87000000.0,-0.0462765957,-0.97,-0.97,90143922,90143922,https://www.sec.gov/Archives/edgar/data/1091667/000109166712000151/0001091667-12-000151-index.htm,https://www.sec.gov/Archives/edgar/data/1091667/000109166712000151/chtr93012-10q.htm,20.855538102724218,-0.9651233058175568,5.191697783018582,-0.1885873126310168,9.629046315513095,1.9191532403038776,-83.8547938928151,1.9191532403038776,154.4086355594779,6761695769.507844,19583695769.507843,-19.43016025720645,3.596646685908428,14.44806788356377,-397.7468099710496,39.084946644554016,39.084946644554016,10.416859451865871,30.84046577875251,41.845503780999664,-1151.9821040886966,-0.0128665948551442,-0.0025141622130741,79.13294797687861,0.8298478511244469,20.19212598425197,0.5808128544423441,0.9213973799126638,-5.379310344827586,0.0,0.0,0.0,0.0,0.4686912772019155,1.0363247863247864,0.2579787234042553,1.143867924528302,0.0069148936170212,,0.0668699320263152,-0.0099258414147176,-169.34586005698753,-887000000.0,-7559000000.0,-15095000000.0,14004000000.0,255000000.0,156000000.0,0.0,12.159574468085108,16.468531468531467,0.0,7.4015748031496065,5.464968152866242,0.0,-0.5028901734104047,5.380285095649599,2012-11-06,-0.49,bmo,1365554340.0,2025-03-24,2012-09-30,0.9591836734693876,76.53507922222222,553474.6031746032
2012-06-30,CHTR,USD,1091667,2012-08-07,2012-08-07 08:13:41,2012,Q2,1884000000.0,831000000.0,1053000000.0,0.5589171975,0,0.0,0.0,373000000.0,411000000.0,784000000.0,1615000000.0,0.0,225000000.0,415000000.0,625000000.0,0.3317409766,269000000.0,0.1427813163,-284000000.0,-15000000.0,-0.0079617834,68000000.0,-83000000.0,-0.0440552017,-0.92,-0.92,89964965,89964965,https://www.sec.gov/Archives/edgar/data/1091667/000109166712000118/0001091667-12-000118-index.htm,https://www.sec.gov/Archives/edgar/data/1091667/000109166712000118/chtr63012-10q.htm,20.941485388228628,-0.9225813626448918,5.213140470848846,0.2890013907080384,0.0555771905207766,2.712166897413899,-84.01048119120593,2.712166897413899,144.6229651731649,6375817339.444895,19156817339.444893,-19.20426909471354,3.38419179376056,13.594493261076536,245.22374382480365,26.13039893215121,26.13039893215121,10.168162069769052,30.65090774311183,40.84609240819807,736.8006669017267,-0.0130179388117832,0.0040779085434501,52.40163934426229,0.8220922008615701,20.4496,0.3073701842546064,1.1955555555555557,-5.650602409638554,0.0,0.0,0.0,0.0,0.5016395550697614,0.9445628997867804,0.2351380042462845,1.0674698795180724,0.0,,0.1036608863198458,-0.0107082957037801,-167.97650062999523,-827000000.0,-7558000000.0,-14942000000.0,13999000000.0,243500000.0,158000000.0,0.0,12.229299363057326,16.787003610108304,0.0,7.359375,5.361290322580645,0.0,-0.3401639344262295,4.924139080140808,2012-08-07,-0.41,bmo,1876532926.0,2025-03-24,2012-06-30,1.2682926829268293,63.88365096825397,498466.6666666667
2012-03-31,CHTR,USD,1091667,2012-05-08,2012-05-08 08:09:35,2012,Q1,1827000000.0,814000000.0,1013000000.0,0.5544608648,0,0.0,0.0,372000000.0,411000000.0,783000000.0,1597000000.0,0.0,237000000.0,408000000.0,622000000.0,0.3404488232,230000000.0,0.1258894362,-253000000.0,-23000000.0,-0.0125889436,71000000.0,-94000000.0,-0.0514504652,-1.05,-1.05,89907282,89907282,https://www.sec.gov/Archives/edgar/data/1091667/000109166712000085/0001091667-12-000085-index.htm,https://www.sec.gov/Archives/edgar/data/1091667/000109166712000085/chtr33112-10q.htm,20.320934626852583,-1.0455215407357104,5.049646590361835,1.1345020973940687,0.0444902783291791,3.625957683828102,-84.00876805507257,3.625957683828102,145.02718478354177,5704617132.807282,18502617132.80728,-15.171854076615112,3.122395803397527,12.565235975346436,55.927618949091006,17.498825560758533,17.498825560758533,10.127321911771912,29.74697288232682,40.75466328812176,181.39820718438511,-0.0164778806029602,0.0178802534202334,39.26993865030675,0.8249242863586571,20.575562700964632,0.2964912280701754,0.9704641350210972,-4.829787234042553,0.0,0.0,0.0,0.0,0.5077002384174238,0.775330396475771,0.1926655719759168,0.8627450980392157,0.0,,0.0653731135683983,-0.0123036649214659,-167.013724205343,-802000000.0,-7553000000.0,-14855000000.0,13983000000.0,249500000.0,120500000.0,0.0,11.379310344827584,17.8009828009828,0.0,7.909090909090909,5.055900621118012,0.0,-0.2883435582822086,3.9151444929677663,2012-05-08,-0.63,bmo,1507275000.0,2025-03-24,2012-03-31,0.6666666666666667,60.38435511290323,369411.2903225807
2011-12-31,CHTR,USD,1091667,2012-02-27,2012-02-27 08:14:46,2011,Q4,1834000000.0,794000000.0,1040000000.0,0.5670665213,0,0.0,0.0,364000000.0,418000000.0,782000000.0,1576000000.0,0.0,245000000.0,411000000.0,656000000.0,0.3576881134,258000000.0,0.1406761178,-258000000.0,245000000.0,0.1335877863,67000000.0,-67000000.0,-0.0365321701,-0.75,-0.75,89907282,89907282,https://www.sec.gov/Archives/edgar/data/1091667/000109166712000026/0001091667-12-000026-index.htm,https://www.sec.gov/Archives/edgar/data/1091667/000109166712000026/chtr12312011-10k.htm,20.39879261392865,-0.745212162013751,4.727092072475286,1.7239982852556923,0.0222451391645895,4.549130959158569,-83.83080694175584,4.549130959158569,145.71678409764405,5119320547.172718,17973320547.172718,-19.10194234019671,2.7913416287746555,12.04546011099463,33.027874497888504,12.516676154456524,12.516676154456524,9.80006572910181,27.39835449264134,42.29016599334757,115.956906755953,-0.0130876743080685,0.0302774554888153,31.43276283618582,0.8238385132970202,19.59451219512195,0.3209019947961838,1.053061224489796,-6.343283582089552,0.0,0.0,0.0,0.0,0.5091957705863506,0.6352941176470588,0.1472191930207197,0.656934306569343,0.0,,0.0129701700774414,-0.0087478783130957,-166.7606857473458,-783000000.0,-7537000000.0,-14826000000.0,14060000000.0,260500000.0,123500000.0,0.0,13.151581243184298,9.06801007556675,0.0,6.843283582089552,9.925,0.0,-0.1638141809290953,3.0030937872195937,2012-02-27,-0.35,bmo,917000000.0,2025-03-24,2011-12-31,1.0,51.37349185714285,438947.6190476191
2011-09-30,CHTR,USD,1091667,2011-11-01,2011-11-01 08:32:34,2011,Q3,1809000000.0,792000000.0,1017000000.0,0.5621890547,0,0.0,0.0,374000000.0,405000000.0,779000000.0,1571000000.0,0.0,244000000.0,405000000.0,642000000.0,0.3548922056,238000000.0,0.1315644002,-250000000.0,-13000000.0,-0.0071862908,72000000.0,-85000000.0,-0.0469872858,-0.87,-0.87,98033516,98033516,https://www.sec.gov/Archives/edgar/data/1091667/000109166711000140/0001091667-11-000140-index.htm,https://www.sec.gov/Archives/edgar/data/1091667/000109166711000140/body.htm,18.45287279097488,-0.8670504075361328,4.131240177083927,0.1224071163580422,0.0510029651491842,8.813312377779045,-72.99544372151254,8.813312377779045,130.8226056076577,4591889889.440001,17167889889.44,-13.505558498352942,2.538358147838585,11.337999727012347,382.6574907866667,5.314687372037037,5.314687372037037,9.490265278850194,26.741261510031155,42.38985157886419,1430.6574907866668,-0.0185108968304042,0.0026133030819394,14.561342592592592,0.8045146438163449,19.58878504672897,0.3098982423681776,0.9754098360655736,-4.764705882352941,0.0,0.0,0.0,0.0,0.512853306049367,0.9703703703703704,0.2172470978441127,0.9703703703703704,0.0,,0.1069007244730264,-0.0111577841953268,-148.716995930249,-746000000.0,-7156000000.0,-14439000000.0,14177000000.0,248000000.0,161000000.0,0.0,12.587064676616915,18.977272727272727,0.0,7.150197628458498,4.74251497005988,0.0,-0.0983796296296296,4.008833060725885,2011-11-01,-0.17,bmo,353482758.0,2025-03-24,2011-09-30,4.117647058823529,51.001406265625,474546.875
2011-06-30,CHTR,USD,1091667,2011-08-02,2011-08-02 08:57:18,2011,Q2,1791000000.0,784000000.0,1007000000.0,0.5622557231,0,0.0,0.0,343000000.0,393000000.0,736000000.0,1520000000.0,0.0,241000000.0,393000000.0,608000000.0,0.3394751535,271000000.0,0.1513121161,-296000000.0,-26000000.0,-0.0145170296,81000000.0,-107000000.0,-0.0597431602,-1.08,-1.08,98798205,98798205,https://www.sec.gov/Archives/edgar/data/1091667/000109166711000103/0001091667-11-000103-index.htm,https://www.sec.gov/Archives/edgar/data/1091667/000109166711000103/body.htm,18.12785971162128,-1.083015627662466,4.655955034810602,1.1842320414626966,1.680192469083826,10.769426428344524,-70.7502732463611,10.769426428344524,130.17442978847643,5360790405.70359,17814790405.70359,-12.525211228279415,2.99318280608799,11.653892186312152,45.81872141627,5.03833684746578,5.03833684746578,9.946839980850692,29.300642114644063,38.72780522979041,152.26316586071445,-0.0199597432285652,0.0218251397919826,11.8609022556391,0.7982794610664811,20.48355263157895,0.4507819687212511,1.12448132780083,-4.299065420560748,0.0,0.0,0.0,0.0,0.5094566386235688,0.7456521739130435,0.1915131211613623,0.8727735368956743,0.0,,0.0757552799055312,-0.0137975499677627,-145.71874053784683,-597000000.0,-6990000000.0,-14255000000.0,14336000000.0,233000000.0,160500000.0,0.0,12.21105527638191,17.793367346938773,0.0,7.37037037037037,5.058064516129032,0.0,-0.100563909774436,3.471722993347905,2011-08-02,0.22,bmo,364833333.0,2025-03-24,2011-06-30,-5.909090909090909,56.221111,408573.0158730159
2011-03-31,CHTR,USD,1091667,2011-05-03,2011-05-03 08:09:01,2011,Q1,1770000000.0,768000000.0,1002000000.0,0.5661016949,0,0.0,0.0,345000000.0,388000000.0,733000000.0,1501000000.0,0.0,233000000.0,383000000.0,585000000.0,0.3305084746,269000000.0,0.1519774011,-300000000.0,-31000000.0,-0.0175141243,79000000.0,-110000000.0,-0.0621468927,-1.07,-1.07,102377414,102377414,https://www.sec.gov/Archives/edgar/data/1091667/000109166711000085/0001091667-11-000085-index.htm,https://www.sec.gov/Archives/edgar/data/1091667/000109166711000085/body.htm,17.288969615895944,-1.0744557388409908,4.366197411472027,0.7032801199686486,0.2539622655442342,11.545515302818648,-67.8762993564186,11.545515302818648,124.90059575054318,5183368573.197414,17711368573.197414,-11.780383120903217,2.928456821015488,11.595902848316362,71.99123018329742,4.385252599997813,4.385252599997813,10.006422922710405,30.27584371486737,39.62274848590025,245.99123018329743,-0.0212217206719192,0.013890580803438,10.62098138747885,0.7993632601082458,21.415384615384617,0.3239299610894942,1.1545064377682404,-4.063636363636364,0.0,0.0,0.0,0.0,0.517733205985355,0.8389261744966443,0.211864406779661,0.97911227154047,0.0,,0.065034825170829,-0.0145233694217058,-139.96983748778808,-695000000.0,-6949000000.0,-14190000000.0,14306000000.0,235000000.0,167000000.0,0.0,11.338983050847457,19.453125,0.0,7.937219730941704,4.626506024096385,0.0,-0.093062605752961,3.662917291503378,2011-05-03,0.23,bmo,969285714.0,2025-03-24,2011-03-31,-2.8260869565217392,44.7203225967742,237862.90322580645
2010-12-31,CHTR,USD,1091667,2011-03-01,2011-03-01 08:30:41,2010,Q4,1784000000.0,747000000.0,1037000000.0,0.5812780269,0,0.0,0.0,362000000.0,371000000.0,733000000.0,1480000000.0,0.0,0.0,390000000.0,580000000.0,0.3251121076,304000000.0,0.1704035874,-305000000.0,-1000000.0,-0.0005605381,84000000.0,-85000000.0,-0.0476457399,-0.83,-0.83,102377414,102377414,https://www.sec.gov/Archives/edgar/data/1091667/000109166711000029/0001091667-11-000029-index.htm,https://www.sec.gov/Archives/edgar/data/1091667/000109166711000029/body.htm,17.42571852811207,-0.8302612527407657,4.7764441481204045,2.373570404894189,0.039071117776036,14.436778018245311,-65.73715565818063,14.436778018245311,120.20229383797484,3986576398.782586,16288576398.782583,-11.725224702301723,2.234628026223423,8.152507972970524,16.40566419252093,2.6972776717067566,2.6972776717067566,9.130367936537324,28.08375241169411,33.30997218564946,67.0311785958131,-0.0213215530062228,0.06095455741779,8.326116373477673,0.7834723371745081,21.21034482758621,0.3107721639656816,0.0,-5.752941176470588,0.0,0.0,0.0,0.0,0.5225695549754886,0.5030674846625767,0.1378923766816143,0.6307692307692307,0.0,,1.7628598717423931,-0.0113348446459527,-137.13718144902546,-723000000.0,-6730000000.0,-13903000000.0,14304000000.0,244000000.0,158000000.0,0.0,12.460762331838565,20.24096385542169,0.0,7.222672064777328,4.446428571428571,0.0,-0.057510148849797,2.402873743226216,2011-03-01,0.22,bmo,472867469.0,2025-03-24,2010-12-31,-4.7727272727272725,35.00093746875,159178.125
2010-09-30,CHTR,USD,1091667,2010-11-03,2010-11-03 08:30:38,2010,Q3,1769000000.0,788000000.0,981000000.0,0.5545505936,0,0.0,0.0,356000000.0,385000000.0,741000000.0,1529000000.0,0.0,222000000.0,385000000.0,621000000.0,0.3510457886,240000000.0,0.13566987,-226000000.0,14000000.0,0.0079140757,109000000.0,-95000000.0,-0.0537026569,-0.93,-0.93,102274865,102274865,https://www.sec.gov/Archives/edgar/data/1091667/000109166710000223/0001091667-10-000223-index.htm,https://www.sec.gov/Archives/edgar/data/1091667/000109166710000223/body.htm,17.296527353030484,-0.9288694734527392,4.311909871501664,1.3199724096433665,6.404310580121519,14.891244295458126,-66.15506165664458,14.891244295458126,130.980373330241,3323933112.5,15842933112.5,-8.74719240131579,1.878989888355003,7.537263293650794,24.62172675925926,2.1824905531845045,2.1824905531845045,8.955869481345394,25.51196958534621,35.92501839569161,117.3550600925926,-0.0285805991831612,0.0406145356813343,8.650032829940907,0.7967342001814334,20.15942028985507,0.635286783042394,1.0810810810810811,-4.642105263157895,0.0,0.0,0.0,0.0,0.5013002721499848,0.6938775510204082,0.1729790842283776,0.7948051948051948,0.0,,-0.1049337260677466,-0.0115207373271889,-138.60932497930943,-585000000.0,-6766000000.0,-13993000000.0,14571000000.0,245000000.0,142000000.0,0.0,12.261164499717356,16.903553299492383,0.0,7.340248962655601,5.324324324324325,0.0,-0.0623768877216021,2.991937461858297,2010-11-03,-0.031,bmo,57064516.0,2025-03-24,2010-09-30,29.0,35.012187546875,54456.25
2010-06-30,CHTR,USD,1091667,2010-08-04,2010-08-04 08:10:48,2010,Q2,1771000000.0,766000000.0,1005000000.0,0.5674760023,0,0.0,0.0,364000000.0,387000000.0,751000000.0,1517000000.0,0.0,0.0,380000000.0,639000000.0,0.3608130999,254000000.0,0.1434217956,-257000000.0,2000000.0,0.0011293055,83000000.0,-81000000.0,-0.0457368718,-0.79,-0.79,102274859,102274859,https://www.sec.gov/Archives/edgar/data/1091667/000109166710000116/0001091667-10-000116-index.htm,https://www.sec.gov/Archives/edgar/data/1091667/000109166710000116/body.htm,17.31608351569568,-0.7919834922480803,4.409685864245484,1.2417518952531628,0.3911029591348544,15.957000732702062,-66.04751222389855,15.957000732702062,123.75475384424632,3610302420.425141,16227302420.42514,-11.142908705015866,2.038567148743727,8.005105145066832,28.427578113583785,2.2121951105546205,2.2121951105546205,9.1627907512282,25.394839468583942,35.98071490116439,127.77403480649716,-0.0224357936171069,0.0351771085107725,7.755514705882353,0.7907165615043419,19.74491392801252,0.3678500986193294,0.0,-5.567901234567901,0.0,0.0,0.0,0.0,0.5239582682576372,0.7184035476718403,0.1829474872953133,0.8526315789473684,0.0,,-0.6861201894217301,-0.0106299212598425,-138.3355610394926,-641000000.0,-6755000000.0,-14002000000.0,14648000000.0,236000000.0,134000000.0,0.0,12.653867871259177,15.979112271540467,0.0,7.112449799196787,5.632352941176471,0.0,-0.0496323529411764,3.167933968992321,2010-08-04,0.59,bmo,1306112500.0,2025-03-24,2010-06-30,-2.355932203389831,36.0579362063492,37446.03174603175
2010-03-31,CHTR,USD,1091667,2010-05-06,2010-05-06 08:20:05,2010,Q1,1735000000.0,751000000.0,984000000.0,0.5671469741,0,0.0,0.0,352000000.0,381000000.0,733000000.0,1484000000.0,0.0,0.0,369000000.0,620000000.0,0.3573487032,251000000.0,0.1446685879,-208000000.0,43000000.0,0.0247838617,19000000.0,24000000.0,0.013832853,0.23,0.23,102193558,103877329,https://www.sec.gov/Archives/edgar/data/1091667/000109166710000076/0001091667-10-000076-index.htm,https://www.sec.gov/Archives/edgar/data/1091667/000109166710000076/body.htm,16.977586786830535,0.23484846275731,5.186236885890596,2.0059972860520228,2.16256292789023,17.251576660047398,-65.6695013985128,17.251576660047398,124.8806700711996,3525677751.0,16066677751.0,36.72580990625,2.0320909227665704,6.652222171698114,17.198428053658535,1.9998172155416905,1.9998172155416905,9.260332997694524,25.913996372580645,30.31448632264151,78.3740378097561,0.0068072018190524,0.0581448488710731,7.238797504254112,0.7878264090375949,20.22741935483871,0.569937369519833,0.0,22.08333333333333,0.0,0.0,0.0,0.0,0.5231187110315452,0.6132075471698113,0.1873198847262248,0.8807588075880759,0.0,9.547716523961132,0.0091918524542886,0.0031067961165048,-137.46218719579173,-412000000.0,-6711000000.0,-13890000000.0,14921000000.0,235500000.0,122500000.0,0.0,11.567723342939482,15.81890812250333,0.0,7.780269058295964,5.6893939393939394,0.0,0.0136131593874078,3.180239599838573,2010-05-06,,bmo,,2025-03-24,2010-03-31,,31.9123334,43660.0
2009-12-31,CHTR,USD,1091667,2010-02-26,2010-02-26 16:43:18,2009,Q4,1710000000.0,735000000.0,975000000.0,0.5701754386,0,346000000.0,0.0,-12355000000.0,-939000000.0,-12355000000.0,-11620000000.0,0.0,817000000.0,339000000.0,13975000000.0,8.1725146199,13330000000.0,7.7953216374,-205000000.0,13125000000.0,7.6754385965,101000000.0,12718000000.0,7.4374269006,123.48,123.48,103000000,103000000,https://www.sec.gov/Archives/edgar/data/1091667/000109166710000019/0001091667-10-000019-index.htm,https://www.sec.gov/Archives/edgar/data/1091667/000109166710000019/body.htm,16.601941747572816,123.4757281553398,-4.019417475728155,2.883495145631068,6.883495145631068,18.611650485436893,-64.47572815533981,18.59223300970874,137.27184466019418,3605000000.0,16218000000.0,0.0708641295801226,2.108187134502924,-8.707729468599034,12.138047138047138,1.882506527415144,1.882506527415144,9.48421052631579,1.1605008944543829,-39.17391304347826,54.60606060606061,3.527877947295423,0.082385575589459,6.956657963446475,0.7997358626485772,0.9025402504472272,1.1064049586776858,16.31578947368421,-0.0325522880956125,0.0,0.0,0.2023391812865497,0.0,0.5137471485172289,-1.7173913043478262,0.4157894736842105,2.0973451327433628,0.0,227.2729943271295,0.8393034566110708,1.5701234567901234,-134.4271844660194,103000000.0,-6641000000.0,-13670000000.0,15494000000.0,229500000.0,104000000.0,0.0,13.052631578947368,13.83673469387755,0.0,6.895161290322581,6.504424778761062,0.0,6.641253263707572,6.902912621359223,2010-05-06,0.77,bmo,5808478260.0,2025-03-24,2009-12-31,-0.7012987012987013,,
2009-09-30,CHTR,USD,1091667,2009-11-09,2009-11-09 09:06:44,2009,Q3,1693000000.0,736000000.0,957000000.0,0.5652687537,0,0.0,0.0,357000000.0,337000000.0,694000000.0,1430000000.0,0.0,0.0,327000000.0,590000000.0,0.348493798,263000000.0,0.1553455405,-3258000000.0,-2995000000.0,-1.7690490254,-565000000.0,-1035000000.0,-0.6113408151,-3.02,-3.02,342751766,342751766,https://www.sec.gov/Archives/edgar/data/1091667/000109166709000151/0001091667-09-000151-index.htm,https://www.sec.gov/Archives/edgar/data/1091667/000109166709000151/body.htm,4.9394347978355855,-3.019678095546268,1.117426773520986,0.3063441546206358,3.1363806306398434,-38.9903169747636,-52.17770344033764,-34.52644500743433,34.25219404996443,11996311810.0,22661311810.0,-2.897659857487923,7.085830956881276,31.321962950391647,114.25058866666669,-1.0137157182693932,-1.0137157182693932,13.385299356172474,38.40900306779661,59.16791595300261,215.82201723809524,-0.0862765170156076,0.0087526901320181,-0.9920567855332094,1.0765703805593765,18.07627118644068,0.1029701469919684,0.0,-0.370048309178744,0.0,0.0,0.0,0.0,0.4144887666208161,0.7258485639686684,0.1642055522740697,0.8501529051987767,0.0,,0.0225876619813587,-0.1620986687548943,-67.20826056954583,-11839000000.0,-17884000000.0,-22910000000.0,-2497000000.0,213000000.0,98500000.0,0.0,11.21677495569994,11.616847826086955,0.0,8.023696682464456,7.747368421052632,0.0,0.0874598614162582,0.8110826189003502,2009-11-09,,bmo,,2025-03-24,2009-09-30,,,
2009-06-30,CHTR,USD,1091667,2009-08-06,2009-08-06 16:19:51,2009,Q2,1690000000.0,715000000.0,975000000.0,0.5769230769,0,0.0,0.0,343000000.0,331000000.0,674000000.0,1389000000.0,0.0,0.0,329000000.0,630000000.0,0.3727810651,301000000.0,0.1781065089,-400000000.0,-99000000.0,-0.0585798817,60000000.0,-112000000.0,-0.0662721893,-0.33,-0.33,342675557,342675557,https://www.sec.gov/Archives/edgar/data/1091667/000109166709000120/0001091667-09-000120-index.htm,https://www.sec.gov/Archives/edgar/data/1091667/000109166709000120/body.htm,4.931778661995434,-0.3268397693156737,1.278176955002367,0.5106871395557402,2.8948665282245387,-32.06823415187445,-53.595885743318426,-31.55462880009268,34.309421141467645,11993644495.0,22758644495.0,-26.771527890625,7.096831062130177,27.38274998858447,68.5351114,-1.1091875053176732,-1.1091875053176732,13.46665354733728,36.12483253174603,51.96037555936073,130.0493971142857,-0.0093382791233049,0.014591061130164,-1.0873023212799409,0.8556768558951965,17.08730158730159,0.0979079497907949,0.0,-3.9107142857142856,0.0,0.0,0.0,0.0,0.5368995633187773,0.6004566210045662,0.1556213017751479,0.7993920972644377,0.0,,0.0391373253257968,-0.0176017601760176,-68.79904188789281,-11858000000.0,-18366000000.0,-23442000000.0,390000000.0,201500000.0,101500000.0,0.0,11.449704142011836,12.83916083916084,0.0,7.860465116279069,7.009803921568627,0.0,0.0103579025247387,0.7674898154466266,2009-08-06,,bmo,,2025-03-24,2009-06-30,,,
2009-03-31,CHTR,USD,1091667,2009-05-07,2009-05-07 08:23:55,2009,Q1,1662000000.0,713000000.0,949000000.0,0.5709987966,0,0.0,0.0,344000000.0,271000000.0,615000000.0,1328000000.0,0.0,0.0,321000000.0,655000000.0,0.3941034898,334000000.0,0.2009626955,-607000000.0,-273000000.0,-0.1642599278,61000000.0,-205000000.0,-0.123345367,-0.6,-0.6,341873993,341873993,https://www.sec.gov/Archives/edgar/data/1091667/000109166709000086/0001091667-09-000086-index.htm,https://www.sec.gov/Archives/edgar/data/1091667/000109166709000086/body.htm,4.86144027925517,-0.5996361355278639,0.5469851577741979,-0.3188309208416447,2.445345411225825,-31.739764422501715,-53.31789013854587,-31.33903198070992,34.43958955953693,11965589755.0,22903589755.0,-14.592182628048782,7.199512487966306,63.9871109893048,-109.77605279816514,-1.1168181589509054,-1.1168181589509054,13.78073992478941,34.96731260305344,122.47908959893049,-210.12467665137612,-0.0171324610150818,-0.0091094548811898,-1.09893597162591,0.8625641025641025,16.699236641221376,0.0868967623701893,0.0,-0.9121951219512195,0.0,0.0,0.0,0.0,0.5404395604395604,1.5828877005347597,0.1780986762936221,0.9221183800623052,0.0,,0.0331464987532476,-0.0326797385620915,-68.8089778154023,-11958000000.0,-18228000000.0,-23363000000.0,346000000.0,205000000.0,100000000.0,0.0,10.180505415162454,12.748948106591866,0.0,8.840425531914894,7.05940594059406,0.0,0.0191338435691618,0.8658160786158425,2009-05-07,,bmo,,2025-03-24,2009-03-31,,,
2008-12-31,CHTR,USD,1091667,2009-03-16,2009-03-16 14:54:25,2008,Q4,1656000000.0,703000000.0,953000000.0,0.5754830918,0,0.0,0.0,342000000.0,291000000.0,633000000.0,1336000000.0,0.0,0.0,329000000.0,-965000000.0,-0.5827294686,320000000.0,0.193236715,-515000000.0,-1772000000.0,-1.0700483092,-277000000.0,-1495000000.0,-0.9027777778,-4.37,-4.37,341744942,341873993,https://www.sec.gov/Archives/edgar/data/1091667/000109166709000038/0001091667-09-000038-index.htm,https://www.sec.gov/Archives/edgar/data/1091667/000109166709000038/body.htm,4.845719121133327,-4.374607539912032,-0.0321877477853059,-0.9188138913260052,2.809112533990335,-30.148215039273357,-51.754972279882345,-30.742225293856727,63.61762041821236,11961072970.0,32742072970.0,-2.000179426421405,7.222870150966184,-1087.37027,-38.09258907643312,-1.1384992356748525,-1.1384992356748525,19.77178319444445,-33.92960929533679,-2976.5520881818184,-104.2741177388535,-0.1249887868546294,-0.0262518254664572,-2.0693889206167904,1.5661287998847429,-21.53471502590673,0.8313993174061434,0.0,0.0073578595317725,0.0,0.0,0.0,0.0,0.5319118282668204,-27.545454545454547,0.1829710144927536,0.9209726443768996,0.0,,0.0214745010051359,-0.2300707910126192,-67.47283475522514,-247000000.0,-17687000000.0,-22967000000.0,12124000000.0,234000000.0,102500000.0,0.0,12.065217391304348,12.674253200568993,0.0,7.45945945945946,7.101010101010101,0.0,0.1422996383019227,0.8866261435406995,2009-03-16,,bmo,,2025-03-24,2008-12-31,,,
2008-09-30,CHTR,USD,1091667,2008-11-06,2008-11-06 08:46:12,2008,Q3,1636000000.0,710000000.0,926000000.0,0.5660146699,0,0.0,0.0,371000000.0,347000000.0,718000000.0,1428000000.0,0.0,0.0,332000000.0,540000000.0,0.3300733496,208000000.0,0.1271393643,-472000000.0,-265000000.0,-0.1619804401,57000000.0,-322000000.0,-0.1968215159,-0.95,-0.95,338302128,338302128,https://www.sec.gov/Archives/edgar/data/1091667/000109166708000190/0001091667-08-000190-index.htm,https://www.sec.gov/Archives/edgar/data/1091667/000109166708000190/body.htm,4.835914008793938,-0.9518119259362152,0.7153369132812549,-0.1359731322766021,1.681928527508405,-25.50974199015384,-51.91513309073834,-26.11275327242399,62.37915240072034,11840574480.0,32374574480.0,-9.192992608695652,7.237514963325183,48.92799371900826,-257.4037930434783,-1.3403412361331222,-1.3403412361331222,19.788859706601468,59.9529157037037,133.77923338842976,-703.7950973913044,-0.0271946264553204,-0.0038849466364743,-2.388838578220512,1.3922939895757735,38.025925925925925,0.5870307167235495,0.0,-0.7515527950310559,0.0,0.0,0.0,0.0,0.5893646499967012,1.1900826446280992,0.1760391198044009,0.8674698795180723,0.0,,0.0184589265732916,-0.0517352185089974,-68.08559004985035,-605000000.0,-17563000000.0,-22927000000.0,13390000000.0,248000000.0,97000000.0,0.0,13.533007334963326,13.436619718309858,0.0,6.650406504065041,6.69811320754717,0.0,0.0364500792393026,0.851310045557857,2008-11-06,,bmo,,2025-03-24,2008-09-30,,,
2008-06-30,CHTR,USD,1091667,2008-08-05,2008-08-05 08:23:22,2008,Q2,1623000000.0,698000000.0,925000000.0,0.5699322243,0,0.0,0.0,342000000.0,353000000.0,695000000.0,1393000000.0,0.0,0.0,328000000.0,558000000.0,0.3438077634,230000000.0,0.1417128774,-443000000.0,-217000000.0,-0.1337030191,59000000.0,-276000000.0,-0.1700554529,-0.82,-0.82,336047801,336047801,https://www.sec.gov/Archives/edgar/data/1091667/000109166708000148/0001091667-08-000148-index.htm,https://www.sec.gov/Archives/edgar/data/1091667/000109166708000148/body.htm,4.82967005042238,-0.8213117276134178,-0.1071276166452284,-1.047470029420011,0.2261583018065932,-24.701842938112247,-51.29032223603213,-25.30592366530617,61.14903873452218,11761673035.0,32247673035.0,-10.6536893432971,7.246871863832409,-326.7131398611112,-33.41384384943182,-1.3830753804092193,-1.3830753804092193,19.86917623844732,57.79152873655914,-895.7686954166667,-91.61270748579544,-0.0234660493603833,-0.029927715126286,-2.4163922859830667,1.396940856560163,36.71326164874552,0.2791956689868523,0.0,0.1304347826086956,0.0,0.0,0.0,0.0,0.6074099252209382,-8.777777777777779,0.1947011706715958,0.9634146341463414,0.0,,0.0218032766052009,-0.0477922077922077,-67.69126276770369,-932000000.0,-17236000000.0,-22650000000.0,13109000000.0,228500000.0,108500000.0,0.0,13.863216266173753,11.34670487106017,0.0,6.492,7.931818181818182,0.0,0.0324553151458137,0.9403424127747826,2008-08-05,,bmo,,2025-03-24,2008-06-30,,,
2008-03-31,CHTR,USD,1091667,2008-05-12,2008-05-12 08:23:58,2008,Q1,1564000000.0,681000000.0,883000000.0,0.5645780051,0,0.0,0.0,357000000.0,321000000.0,678000000.0,1359000000.0,0.0,0.0,321000000.0,526000000.0,0.3363171355,205000000.0,0.1310741688,-504000000.0,-300000000.0,-0.1918158568,58000000.0,-358000000.0,-0.2289002558,-1.07,-1.07,334631026,334631026,https://www.sec.gov/Archives/edgar/data/1091667/000109166708000110/0001091667-08-000110-index.htm,https://www.sec.gov/Archives/edgar/data/1091667/000109166708000110/body.htm,4.673804514468422,-1.069835048708245,0.609626675800229,-0.3884875875197537,1.6167060372937443,-24.352195005372877,-51.0711759285584,-24.95285658299957,61.68585216602121,11712085910.0,31887085910.0,-8.178830942737429,7.48854597826087,57.41218583333333,-90.09296853846152,-1.4026450191616766,-1.4026450191616766,20.388162346547315,60.62183633079848,156.30924465686277,-245.28527623076923,-0.0305667156773784,-0.0110996453577072,-2.4720958083832336,1.3618789998020715,38.35551330798479,0.5582386363636364,0.0,-0.5698324022346368,0.0,0.0,0.0,0.0,0.5898924589298674,1.6372549019607845,0.2135549872122762,1.0404984423676011,0.0,,0.0177928091740005,-0.0575933075933075,-67.56620947634426,-622000000.0,-17090000000.0,-22520000000.0,13433000000.0,216000000.0,128000000.0,0.0,11.911764705882351,17.048458149779734,0.0,7.555555555555555,5.27906976744186,0.0,0.0428742514970059,0.9981142633199828,2008-05-12,,bmo,,2025-03-24,2008-03-31,,,
2007-12-31,CHTR,USD,1091667,2008-02-27,2008-02-27 08:31:25,2007,Q4,1553000000.0,663000000.0,890000000.0,0.5730843529,0,0.0,0.0,328000000.0,477000000.0,805000000.0,1468000000.0,0.0,0.0,329000000.0,414000000.0,0.2665808113,85000000.0,0.0547327753,-513000000.0,-428000000.0,-0.2755956214,40000000.0,-468000000.0,-0.3013522215,-1.4,-1.4,334506975,334631026,https://www.sec.gov/Archives/edgar/data/1091667/000109166708000004/0001091667-08-000004-index.htm,https://www.sec.gov/Archives/edgar/data/1091667/000109166708000004/body.htm,4.642653564996664,-1.3990739654980289,0.1285473942658445,-0.9297265027134336,0.2242105713939148,-22.998025676445163,-49.72990473517032,-23.59293105921035,59.70876989934216,11707744125.0,31605744125.0,-6.254136818910256,7.538792095943336,272.27311918604653,-37.64547950160772,-1.4834952008362898,-1.4834952008362898,20.35141283000644,76.34237711352657,735.0173052325581,-101.62618689710612,-0.0399735418713722,-0.0265636143632409,-2.5307906741003547,1.3618573571525978,48.06280193236715,0.2522522522522522,0.0,-0.0918803418803418,0.0,0.0,0.0,0.0,0.609709532251466,8.232558139534884,0.2279459111397295,1.0759878419452888,0.0,,0.0069704458702298,-0.0817610062893081,-66.11297118692369,-996000000.0,-16635000000.0,-22023000000.0,13049000000.0,224000000.0,125500000.0,0.0,13.039278815196392,17.239819004524886,0.0,6.902222222222222,5.2204724409448815,0.0,0.0593005575266092,1.0582738969792782,2008-02-27,,bmo,,2025-03-24,2007-12-31,,,
2007-09-30,CHTR,USD,1091667,2007-11-08,2007-11-08 08:51:54,2007,Q3,1525000000.0,679000000.0,846000000.0,0.5547540984,0,0.0,0.0,341000000.0,398000000.0,739000000.0,1418000000.0,0.0,0.0,334000000.0,441000000.0,0.2891803279,107000000.0,0.0701639344,-473000000.0,-366000000.0,-0.24,41000000.0,-407000000.0,-0.2668852459,-1.22,-1.22,333866574,333866574,https://www.sec.gov/Archives/edgar/data/1091667/000109166707000211/0001091667-07-000211-index.htm,https://www.sec.gov/Archives/edgar/data/1091667/000109166707000211/body.htm,4.567692961080914,-1.2190498591212668,0.6259985763055154,-0.305511266905084,0.1767173014450976,-21.379798266357746,-48.76798478184881,-21.96685913217536,59.16734869061795,11685330090.0,31380330090.0,-7.177721185503685,7.66251153442623,55.91067028708135,-114.56205970588236,-1.5933092568857377,-1.5933092568857377,20.577265632786887,71.15721108843537,150.1451200478469,-307.650295,-0.0348299959748933,-0.0087288933401452,-2.693482410689937,1.3240833836047992,44.65986394557823,0.2439716312056737,0.0,-0.5135135135135135,0.0,0.0,0.0,0.0,0.6129097124472149,1.4880382775119618,0.2039344262295082,0.9311377245508982,0.0,,0.0088079309199655,-0.0704761904761904,-65.38764794106044,-1066000000.0,-16282000000.0,-21713000000.0,13186000000.0,223500000.0,112000000.0,0.0,13.160655737704918,16.4359351988218,0.0,6.838565022421525,5.475806451612903,0.0,0.0554949550040905,0.9315098432105996,2007-11-08,,bmo,,2025-03-24,2007-09-30,,,
2007-06-30,CHTR,USD,1091667,2007-08-02,2007-08-02 08:57:24,2007,Q2,1499000000.0,647000000.0,852000000.0,0.5683789193,0,0.0,0.0,318000000.0,334000000.0,652000000.0,1299000000.0,0.0,0.0,334000000.0,534000000.0,0.3562374917,200000000.0,0.1334222815,-501000000.0,-301000000.0,-0.2008005337,59000000.0,-360000000.0,-0.2401601067,-1.08,-1.08,332368256,332368256,https://www.sec.gov/Archives/edgar/data/1091667/000109166707000146/0001091667-07-000146-index.htm,https://www.sec.gov/Archives/edgar/data/1091667/000109166707000146/body.htm,4.51005766326854,-1.0831359298043193,-0.4452892155862201,-1.2907369830168138,0.2437055842059718,-20.01996243588317,-47.70311157513189,-20.606661064527177,59.08205625990949,11632888960.0,31188888960.0,-8.07839511111111,7.760432928619079,-78.60060108108108,-27.11629128205128,-1.698479918236239,-1.698479918236239,20.80646361574383,58.4061591011236,-210.73573621621625,-72.70137286713286,-0.0309467408515519,-0.0368781995147661,-2.8671338881588557,1.304697362301508,36.62172284644195,0.2885532591414944,0.0,0.4111111111111111,0.0,0.0,0.0,0.0,0.6113215068766195,-1.898648648648649,0.1874583055370247,0.8413173652694611,0.0,,0.0173423227584505,-0.0615384615384615,-64.55490141633743,-895000000.0,-15855000000.0,-21342000000.0,13427000000.0,191000000.0,127500000.0,0.0,13.448965977318212,13.91035548686244,0.0,6.691964285714286,6.47,0.0,0.052562417871222,0.8454477674305936,2007-08-02,,bmo,,2025-03-24,2007-06-30,,,
2007-03-31,CHTR,USD,1091667,2007-05-03,2007-05-03 08:10:21,2007,Q1,1425000000.0,631000000.0,794000000.0,0.5571929825,0,0.0,0.0,307000000.0,331000000.0,638000000.0,1269000000.0,0.0,0.0,331000000.0,487000000.0,0.341754386,156000000.0,0.1094736842,-468000000.0,-312000000.0,-0.2189473684,69000000.0,-381000000.0,-0.2673684211,-1.15,-1.15,331045790,331045790,https://www.sec.gov/Archives/edgar/data/1091667/000109166707000081/0001091667-07-000081-index.htm,https://www.sec.gov/Archives/edgar/data/1091667/000109166707000081/body.htm,4.304540468555724,-1.150898188434899,0.8035142207970686,-0.096663364907918,0.6192496814413498,-19.17861574376161,-47.02370629754875,-19.764637393515866,58.40581751545609,11586602650.0,30716602650.0,-7.602757644356956,8.130949228070175,43.55865657894737,-362.0813328125,-1.7708394696622345,-1.7708394696622345,21.555510631578947,63.07310605749487,115.47594981203008,-959.8938328125,-0.0328828053838542,-0.0027618104259405,-2.9550664832645577,1.2739671871911444,39.28131416837783,0.3066939890710382,0.0,-0.6981627296587927,0.0,0.0,0.0,0.0,0.6073664096988864,1.1203007518796992,0.2091228070175438,0.9003021148036254,0.0,,0.0138919273681907,-0.0639369021647927,-64.04703107687912,-1015000000.0,-15567000000.0,-21077000000.0,13381000000.0,176500000.0,123500000.0,0.0,9.978947368421052,22.107765451664022,0.0,9.018987341772153,4.070967741935484,0.0,0.0582301696469509,0.9001775857049866,2007-05-03,,bmo,,2025-03-24,2007-03-31,,,
2006-12-31,CHTR,USD,1091667,2007-02-28,2007-02-28 08:15:57,2006,Q4,1413000000.0,608000000.0,805000000.0,0.5697098372,0,0.0,0.0,305000000.0,337000000.0,642000000.0,1250000000.0,0.0,0.0,330000000.0,493000000.0,0.3489030432,163000000.0,0.1153573956,-478000000.0,-315000000.0,-0.2229299363,63000000.0,-396000000.0,-0.2802547771,-1.2,-1.2,330688595,331045790,https://www.sec.gov/Archives/edgar/data/1091667/000109166707000015/0001091667-07-000015-index.htm,https://www.sec.gov/Archives/edgar/data/1091667/000109166707000015/body.htm,4.272902124126778,-1.197501232239352,-0.0755998252676358,-1.0069896725649097,0.181439580642326,-18.22560587552165,-46.11589341325787,-18.806212533577096,57.8157223716772,11574100825.0,30633100825.0,-7.306881833964646,8.191154157820241,-462.964033,-34.757059534534534,-1.8610871241357128,-1.8610871241357128,21.67947687544232,62.13610715010142,-1225.324033,-91.99129376876876,-0.0342143209211243,-0.0287711335018545,-3.074288470815244,1.266158940397351,38.65922920892495,0.261171032357473,0.0,0.0631313131313131,0.0,0.0,0.0,0.0,0.610794701986755,-12.32,0.2179759377211606,0.9333333333333332,0.0,,0.0141718591508477,-0.0673813169984686,-63.26420177871571,-959000000.0,-15250000000.0,-20788000000.0,13481000000.0,190500000.0,88500000.0,0.0,12.420382165605096,13.61842105263158,0.0,7.246153846153846,6.608695652173913,0.0,0.0636758321273516,0.9313898472972736,2007-02-28,,bmo,,2025-03-24,2006-12-31,,,
2006-09-30,CHTR,USD,1091667,2006-10-31,2006-10-31 08:05:15,2006,Q3,1388000000.0,615000000.0,773000000.0,0.5569164265,0,0.0,0.0,309000000.0,398000000.0,707000000.0,1322000000.0,0.0,0.0,334000000.0,400000000.0,0.288184438,66000000.0,0.0475504323,-335000000.0,-269000000.0,-0.1938040346,64000000.0,-133000000.0,-0.0958213256,-0.45,-0.45,295592593,295592593,https://www.sec.gov/Archives/edgar/data/1091667/000109166706000372/0001091667-06-000372-index.htm,https://www.sec.gov/Archives/edgar/data/1091667/000109166706000372/body.htm,4.695652167441151,-0.4499436154680641,0.4837739624957382,-0.524370378928947,0.2875579497352289,-19.066783584797065,-50.26174657901526,-19.71294321302564,63.78373628597656,10345740755.0,29114740755.0,-19.446881118421057,7.453703713976945,72.34783744755245,-66.7467145483871,-1.7754832255019737,-1.7754832255019737,20.976038007925077,72.7868518875,203.5995856993007,-187.83703712903227,-0.0128555318705161,-0.0149820108265413,-3.235627252445512,1.2405579681537044,46.9225,0.2654411764705882,0.0,-1.075187969924812,0.0,0.0,0.0,0.0,0.6067245690222398,2.083916083916084,0.2146974063400576,0.8922155688622755,0.0,,0.0059042204242291,-0.0222519658691651,-69.72265370668472,-999000000.0,-14857000000.0,-20473000000.0,13485000000.0,183000000.0,652500000.0,42000000.0,12.060518731988472,12.439024390243905,0.0,7.462365591397849,7.235294117647059,0.0,0.0228247811910073,1.0081443414246851,2006-10-31,,bmo,,2025-03-24,2006-09-30,,,
2006-06-30,CHTR,USD,1091667,2006-08-08,2006-08-08 08:17:46,2006,Q2,1383000000.0,611000000.0,772000000.0,0.5582067968,0,0.0,0.0,279000000.0,347000000.0,626000000.0,1237000000.0,0.0,0.0,340000000.0,486000000.0,0.3514099783,146000000.0,0.1055676067,-496000000.0,-350000000.0,-0.2530730296,52000000.0,-382000000.0,-0.2762111352,-1.33,-1.33,287216368,287216368,https://www.sec.gov/Archives/edgar/data/1091667/000109166706000257/0001091667-06-000257-index.htm,https://www.sec.gov/Archives/edgar/data/1091667/000109166706000257/body10q.htm,4.815185184710643,-1.3300077661312115,-0.0139267828914263,-0.9052408879427094,0.1949749604799681,-19.403490263479693,-51.71362657158871,-20.061530755099582,69.33100692924297,10052572880.0,29909572880.0,-6.578908952879582,7.268671641359363,-2513.14322,-38.66374184615385,-1.7446325720236031,-1.7446325720236031,21.62658921185828,61.542331028806586,-7477.39322,-115.03681876923076,-0.0380002218894631,-0.0258640253697917,-3.455918083998612,1.2333849489005884,40.858024691358025,0.8774193548387097,0.0,0.0104712041884816,0.0,0.0,0.0,0.0,0.574790956952617,-64.0,0.1851048445408532,0.7529411764705882,0.0,,0.0112506828964393,-0.0556445739257101,-74.8042326055735,-152000000.0,-14853000000.0,-20630000000.0,14520000000.0,164500000.0,1252500000.0,85500000.0,11.713665943600867,179.70540098199672,12.37315875613748,7.683333333333334,0.5008196721311475,7.273809523809524,0.0662964248524817,0.8913141050512832,2006-08-08,,bmo,,2025-03-24,2006-06-30,,,
2006-03-31,CHTR,USD,1091667,2006-05-02,2006-05-02 10:26:16,2006,Q1,1374000000.0,626000000.0,748000000.0,0.5443959243,0,0.0,0.0,284000000.0,457000000.0,741000000.0,1367000000.0,0.0,0.0,358000000.0,449000000.0,0.326783115,7000000.0,0.0050946143,-472000000.0,-450000000.0,-0.327510917,9000000.0,-459000000.0,-0.3340611354,-1.6,-1.6,287005261,287005261,https://www.sec.gov/Archives/edgar/data/1091667/000109166706000203/0001091667-06-000203-index.htm,https://www.sec.gov/Archives/edgar/data/1091667/000109166706000203/body.htm,4.787368688687557,-1.5992738195833978,0.7282096476970156,-0.2578349948783691,0.1393702675018211,-18.100713491799024,-50.45900534903435,-18.755753749057583,68.19735614532864,10045184135.0,29578184135.0,-5.471233188997822,7.310905483988355,48.06308198564593,-135.74573155405406,-1.8660940247074125,-1.8660940247074125,21.52706268922853,65.87568849665924,141.5224121291866,-399.7051910135135,-0.0456935377023827,-0.0073667141393819,-3.636076537246888,1.2079861753996173,43.50334075723831,0.7898773006134969,0.0,-0.4553376906318083,0.0,0.0,0.0,0.0,0.5731654631858298,1.354066985645933,0.2059679767103348,0.7905027932960894,0.0,,0.0004792267937445,-0.0663678426836321,-73.87582348185596,-274000000.0,-14482000000.0,-20368000000.0,14453000000.0,181500000.0,1238000000.0,43500000.0,9.759825327510915,184.7444089456869,12.507987220447284,9.221476510067117,0.4871595330739299,7.195402298850575,0.0852684376741594,0.9860446425753848,2006-05-02,,bmo,,2025-03-24,2006-03-31,,,
2005-12-31,CHTR,USD,1091667,2006-02-28,2006-02-28 08:13:50,2005,Q4,1342000000.0,579000000.0,763000000.0,0.5685543964,0,0.0,0.0,275000000.0,369000000.0,644000000.0,1223000000.0,0.0,0.0,365000000.0,484000000.0,0.3606557377,119000000.0,0.0886736215,-418000000.0,-305000000.0,-0.2272727273,40000000.0,-336000000.0,-0.2503725782,-1.17,-1.17,287005261,287005261,https://www.sec.gov/Archives/edgar/data/1091667/000109166706000093/0001091667-06-000093-index.htm,https://www.sec.gov/Archives/edgar/data/1091667/000109166706000093/body.htm,4.6758724746861,-1.1707102470152977,0.4947644496314651,-0.4564376260684643,0.0731693904384561,-16.487502645465444,-50.72380885728781,-17.142542902724003,67.72349723582245,10045184135.0,29461184135.0,-7.474095338541667,7.485234079731744,70.74073334507042,-76.68079492366412,-2.0417040924796748,-2.0417040924796748,21.953192350968703,60.87021515495868,207.4731277112676,-224.8945353816794,-0.033448864200437,-0.0130410750305275,-3.950609756097561,1.182946868723754,40.11570247933884,0.2745591939546599,0.0,-0.4226190476190476,0.0,0.0,0.0,0.0,0.5980159454689307,1.9225352112676053,0.2034277198211624,0.7479452054794521,0.0104321907600596,,0.0088324512714599,-0.0508705526116578,-73.10493168973652,-864000000.0,-14558000000.0,-20836000000.0,14802000000.0,201000000.0,1181500000.0,0.0,14.35171385991058,185.12953367875647,0.0,6.271028037383178,0.4861460957178841,0.0,0.0682926829268292,0.9512020756999294,2006-02-28,,bmo,,2025-03-24,2005-12-31,,,
2005-09-30,CHTR,USD,1091667,2005-11-02,2005-11-01 18:26:39,2005,Q3,1318000000.0,586000000.0,732000000.0,0.5553869499,0,0.0,0.0,272000000.0,397000000.0,669000000.0,1255000000.0,0.0,0.0,375000000.0,429000000.0,0.3254931715,63000000.0,0.0477996965,45000000.0,108000000.0,0.0819423369,29000000.0,76000000.0,0.0576631259,0.27,0.0995,285921367,915585543,https://www.sec.gov/Archives/edgar/data/1091667/000109166705000184/0001091667-05-000184-index.htm,https://www.sec.gov/Archives/edgar/data/1091667/000109166705000184/body.htm,4.609658990613318,0.2658073469549409,-0.22034030076528,-1.17514827074816,0.0769442320132723,-15.182495962255246,-49.562577811821946,-17.508310248110977,66.87153254971672,10007247845.0,29105247845.0,32.918578437499995,7.592752537936267,-158.84520388888888,-29.783475729166668,-1.99905070815022,-1.99905070815022,22.082889108497724,67.84440057109558,-461.9880610317461,-86.62276144345238,0.007594495627284,-0.0335756648785188,-3.819416699960048,1.1571048172355365,44.51748251748252,0.2474402730375426,0.0,-0.8289473684210527,9.992757404321088e-05,0.0131578947368421,0.0,0.0,0.5948922778988138,-4.333333333333333,0.2071320182094082,0.728,0.0022761760242792,,0.003001780441202,0.0113534508515088,-72.4045223244893,-882000000.0,-14171000000.0,-20575000000.0,14884000000.0,185500000.0,1198000000.0,0.0,12.83763277693475,180.0,0.0,7.01063829787234,0.5,0.0,-0.0151817818617658,0.95480796998288,2005-11-01,,bmo,,2025-03-24,2005-09-30,,,
2005-06-30,CHTR,USD,1091667,2005-08-02,2005-08-02 09:07:12,2005,Q2,1323000000.0,569000000.0,754000000.0,0.5699168556,0,0.0,0.0,260000000.0,384000000.0,644000000.0,1213000000.0,0.0,0.0,378000000.0,478000000.0,0.3613000756,110000000.0,0.0831443689,-424000000.0,-324000000.0,-0.2448979592,31000000.0,-355000000.0,-0.268329554,-1.29,-1.29,274533517,274533517,https://www.sec.gov/Archives/edgar/data/1091667/000109166705000079/0001091667-05-000079-index.htm,https://www.sec.gov/Archives/edgar/data/1091667/000109166705000079/cci10q.htm,4.819083711370659,-1.293102583172021,0.1019911896586382,-1.103690373805979,0.1457016995123404,-16.18381627333321,-52.022791810881145,-18.58425177279902,70.1080152628504,9608673095.0,28815673095.0,-6.766671193661972,7.262791455026455,343.16689625,-31.711792392739277,-1.883314993139945,-1.883314993139945,21.780554115646257,60.28383492677824,1029.1311819642858,-95.10123133663366,-0.0369457880906291,-0.0315340106801708,-3.772442179537436,1.1470886226831158,40.18200836820084,0.2491830065359477,0.0,-0.0788732394366197,0.0001040726425088,-0.0028169014084507,0.0,0.0,0.5863877465879969,11.821428571428571,0.2501889644746787,0.8756613756613757,0.0030234315948601,,0.0077482925977515,-0.0511527377521613,-76.65639602030815,-919000000.0,-14282000000.0,-20917000000.0,14995000000.0,161000000.0,1240000000.0,0.0,12.448979591836734,193.60281195079088,0.0,7.229508196721311,0.4648692810457516,0.0,0.0695805566444531,1.205681563464617,2005-08-02,,bmo,,2025-03-24,2005-06-30,,,
2005-03-31,CHTR,USD,1091667,2005-05-03,2005-05-03 16:26:13,2005,Q1,1271000000.0,559000000.0,712000000.0,0.5601888277,0,0.0,0.0,237000000.0,424000000.0,661000000.0,1220000000.0,0.0,0.0,381000000.0,432000000.0,0.3398898505,51000000.0,0.0401258851,-388000000.0,-337000000.0,-0.2651455547,15000000.0,-352000000.0,-0.2769472856,-1.28,-1.28,274251889,274251889,https://www.sec.gov/Archives/edgar/data/1091667/000095013705005310/0000950137-05-005310-index.htm,https://www.sec.gov/Archives/edgar/data/1091667/000095013705005310/c94772e10vq.htm,4.634425690318581,-1.2834916152573883,0.5578812986772171,-0.2114844138776378,0.1166810559324898,-14.931528876360812,-50.83283127358879,-17.323490522976854,69.02049086706565,9598816115.0,28495816115.0,-6.817340990767045,7.552176329661684,62.73736022875817,-165.49682956896552,-2.020378049884235,-2.020378049884235,22.41999694335169,65.96253730324074,186.2471641503268,-491.3071743965517,-0.0366711890073539,-0.0060424118250753,-3.9842138497158497,1.1271287364534952,43.74305555555556,0.2038216560509554,0.0,-0.4346590909090909,0.0,0.0,0.0,0.0,0.5862808145766345,1.3790849673202614,0.1660110149488591,0.5538057742782152,0.003147128245476,,0.0034283710692232,-0.0506620610247553,-75.67039948446809,-1000000000.0,-13941000000.0,-20633000000.0,14966000000.0,164500000.0,1236500000.0,0.0,9.8426435877262,202.21824686940965,0.0,9.143884892086332,0.4450636942675159,0.0,0.0740896653336139,0.769365712554855,2005-05-03,,bmo,,2025-03-24,2005-03-31,,,
2004-12-31,CHTR,USD,1091667,2005-03-03,2005-03-02 21:06:46,2004,Q4,1276000000.0,528000000.0,748000000.0,0.5862068966,0,0.0,0.0,233000000.0,407000000.0,640000000.0,1168000000.0,0.0,0.0,390000000.0,498000000.0,0.3902821317,108000000.0,0.0846394984,-434000000.0,-326000000.0,-0.2554858934,13000000.0,-339000000.0,-0.2656739812,-1.24,-1.24,274094078,274251889,https://www.sec.gov/Archives/edgar/data/1091667/000095013705002540/0000950137-05-002540-index.htm,https://www.sec.gov/Archives/edgar/data/1091667/000095013705002540/c92627e10vk.htm,4.655335895290667,-1.236801621084276,0.3247060303141609,-0.87196338477623,2.371448536002299,-13.71062092045637,-49.74934190296515,-16.07477269173251,71.01211431499807,9593292730.0,28407292730.0,-7.07469965339233,7.518254490595611,107.78980595505618,-40.139300125523015,-2.177324723104857,-2.177324723104857,22.262768597178685,57.04275648594378,319.18306438202245,-118.85896539748954,-0.0353371891738364,-0.0249132395650351,-4.417612346799818,1.101341028687829,37.77911646586345,0.7576006573541495,0.0,-0.2625368731563421,0.0,0.0,0.0,0.0,0.5589317037288519,3.6853932584269664,0.2570532915360501,0.841025641025641,0.0031347962382445,,0.0068246687206038,-0.0434894162924951,-75.29713940043608,-295000000.0,-13636000000.0,-20509000000.0,15872000000.0,188000000.0,1259000000.0,0.0,13.401253918495298,207.4431818181818,0.0,6.71578947368421,0.4338537387017255,0.0,0.0769405356332274,1.196669415090391,2005-03-02,,bmo,,2025-03-24,2004-12-31,,,
2004-09-30,CHTR,USD,1091667,2004-11-04,2004-11-04 08:01:16,2004,Q3,1248000000.0,525000000.0,723000000.0,0.5793269231,0,0.0,0.0,260000000.0,2807000000.0,3067000000.0,3592000000.0,0.0,0.0,371000000.0,-1973000000.0,-1.5809294872,-2344000000.0,-1.8782051282,-398000000.0,-2742000000.0,-2.1971153846,-213000000.0,-3294000000.0,-2.6394230769,-12.04,-12.04,273615421,273615421,https://www.sec.gov/Archives/edgar/data/1091667/000095013704009400/0000950137-04-009400-index.htm,https://www.sec.gov/Archives/edgar/data/1091667/000095013704009400/c89356e10vq.htm,4.561146427488822,-12.038795137939246,0.7857744246074493,-0.1242620020309454,0.4714646547644696,-12.590664617547269,-48.718014325661855,-14.918749773244688,67.55467192764695,9576539735.0,27931539735.0,-0.7268169197783849,7.673509403044871,44.54204527906977,-281.66293338235295,-2.3460410913767764,-2.3460410913767764,22.38104145432692,-14.156887853522557,129.91413830232557,-821.5158745588235,-0.3439655753696927,-0.0035503429151698,-4.528172464478197,1.0819480215406228,-9.303091738469336,0.2651806302843966,0.0,-0.0652701882210079,0.0001044218504461,-0.0003035822707953,0.0,0.0,0.5786115663778975,1.158139534883721,0.1995192307692307,0.6711590296495957,0.000801282051282,,-0.1369775612377442,-0.457563550493124,-74.04736153376385,-956000000.0,-13330000000.0,-20184000000.0,15344000000.0,185500000.0,1225500000.0,0.0,13.413461538461538,223.02857142857144,0.0,6.709677419354839,0.4035357417371253,0.0,0.8069573738363547,0.9100364266383948,2004-11-04,,bmo,,2025-03-24,2004-09-30,,,
2004-06-30,CHTR,USD,1091667,2004-08-09,2004-08-09 08:20:28,2004,Q2,1239000000.0,515000000.0,724000000.0,0.5843422115,0,0.0,0.0,256000000.0,453000000.0,709000000.0,1224000000.0,0.0,0.0,364000000.0,379000000.0,0.3058918483,15000000.0,0.0121065375,-387000000.0,-372000000.0,-0.3002421308,43000000.0,-415000000.0,-0.3349475383,-1.53,-1.53,271732729,271732729,https://www.sec.gov/Archives/edgar/data/1091667/000095013704006399/0000950137-04-006399-index.htm,https://www.sec.gov/Archives/edgar/data/1091667/000095013704006399/c87432e10vq.htm,4.55962741241965,-1.5272359775255486,0.1950445947201303,-0.5409727438463992,0.4563307499112483,-0.3091272821979424,-48.86787119412472,-2.93302909418762,67.75407610174187,9510645515.0,27797645515.0,-5.729304527108434,7.676065790960452,179.44614179245283,-64.69826880952381,-11.933055853199498,-11.933055853199498,22.43554924535916,73.34471112137203,524.4838776415095,-189.0996293537415,-0.0436353136435871,-0.0154563641098971,-23.100376411543287,0.8972659486329743,48.25065963060686,0.2956521739130435,0.0,-0.1277108433734939,0.0001051453340809,-0.0024096385542168,0.0,0.0,0.6430625274136167,3.7735849056603774,0.1614205004035512,0.5494505494505495,0.009685230024213,,0.000863951209032,-0.0566630256690333,-74.85388335388926,-810000000.0,-13279000000.0,-20263000000.0,18921000000.0,174500000.0,1200000000.0,0.0,13.438256658595645,200.97087378640776,0.0,6.697297297297298,0.4478260869565217,0.0,0.520702634880803,0.7360173385665295,2004-08-09,,bmo,,2025-03-24,2004-06-30,,,
2004-03-31,CHTR,USD,1091667,2004-05-10,2004-05-10 09:19:23,2004,Q1,1214000000.0,512000000.0,702000000.0,0.5782537068,0,0.0,0.0,239000000.0,288000000.0,527000000.0,1039000000.0,0.0,0.0,370000000.0,545000000.0,0.4489291598,175000000.0,0.1441515651,-414000000.0,-239000000.0,-0.1968698517,54000000.0,-293000000.0,-0.2413509061,-1.1,-1.1,266834914,266834914,https://www.sec.gov/Archives/edgar/data/1091667/000095013704003796/0000950137-04-003796-index.htm,https://www.sec.gov/Archives/edgar/data/1091667/000095013704003796/c85376e10vq.htm,4.549629513625042,-1.098057205512469,0.4309780840748599,-0.2810726635270825,0.5733882335952484,0.9444041494509972,-48.509394089260745,-1.6527072615392453,67.86218388197881,9339221990.0,27294221990.0,-7.968619445392491,7.692934093904448,81.21062599999999,-124.52295986666668,-21.177374126984127,-21.177374126984127,22.482884670510707,50.08114126605505,237.3410607826087,-363.9229598666666,-0.0313730630146419,-0.0080306475293452,-41.06122448979592,0.8802255492902975,32.944954128440365,0.2848,0.0,-0.3924914675767918,0.0,0.0,0.0,0.0,0.6414544040443321,1.6521739130434785,0.1565074135090609,0.5135135135135135,0.0082372322899505,,0.0111033924518152,-0.0397234273318872,-75.11760623649123,-894000000.0,-12944000000.0,-19964000000.0,19012000000.0,176500000.0,1268000000.0,0.0,12.158154859967052,219.7265625,0.0,7.402439024390244,0.4096,0.0,0.6643990929705216,0.7120507476019424,2004-05-10,,bmo,,2025-03-24,2004-03-31,,,
2003-12-31,CHTR,USD,1091667,2004-03-15,2004-03-15 16:55:06,2003,Q4,1217000000.0,495000000.0,722000000.0,0.59326212,0,0.0,0.0,237000000.0,275000000.0,512000000.0,1007000000.0,0.0,0.0,361000000.0,571000000.0,0.4691865242,210000000.0,0.1725554643,-291000000.0,-81000000.0,-0.0665571076,-24000000.0,-57000000.0,-0.0468364832,-0.21,-0.21,266810028,266834914,https://www.sec.gov/Archives/edgar/data/1091667/000095013704001876/0000950137-04-001876-index.htm,https://www.sec.gov/Archives/edgar/data/1091667/000095013704001876/c83767e10vk.htm,4.561297823483606,-0.213635148675896,0.4759941031901544,-0.8395486544456268,0.4759941031901544,1.9264643231475544,-49.34597135906751,-0.6558973862856459,69.88867749753393,9338350980.0,27858350980.0,-40.95767973684211,7.673254708299096,73.53032267716536,-41.689066875,-53.3620056,-53.3620056,22.891003270336896,48.78870574430823,219.35709433070863,-124.36763830357144,-0.0061038613907398,-0.0239871044127321,-106.55428571428573,0.8728234413031267,32.43432574430823,0.2834008097165992,0.0,-2.2280701754385963,0.0,0.0,0.0,0.0,0.6403295263059352,2.763779527559055,0.2884141331142152,0.9722991689750692,0.0041084634346754,,0.0073415359818062,-0.0074180114523685,-77.13821760852257,-885000000.0,-13166000000.0,-20500000000.0,19809000000.0,189500000.0,1251000000.0,0.0,13.976992604765815,233.8181818181818,0.0,6.439153439153439,0.3849144634525661,0.0,0.3257142857142857,1.3155427576357812,2004-03-15,,bmo,,2025-03-24,2003-12-31,,,
2003-09-30,CHTR,USD,1091667,2003-11-03,2003-11-03 06:18:57,2003,Q3,1207000000.0,484000000.0,723000000.0,0.5990057995,0,0.0,0.0,236000000.0,370000000.0,606000000.0,1090000000.0,0.0,0.0,362000000.0,479000000.0,0.3968516984,117000000.0,0.0969345485,-108000000.0,9000000.0,0.0074565037,-28000000.0,37000000.0,0.0306545153,0.13,0.0774,266347371,576719414,https://www.sec.gov/Archives/edgar/data/1091667/000095013403014296/0000950134-03-014296-index.htm,https://www.sec.gov/Archives/edgar/data/1091667/000095013403014296/c80530e10vq.htm,4.531676041961007,0.13891633268646,1.325336903738389,0.4280124844934174,0.5068568895316785,2.387859124015908,-49.127573329792696,-0.476820925707579,69.45065735227399,9322157985.0,27685157985.0,62.98755395270271,7.723411752278376,26.40837956090651,81.77331565789474,-73.40281877952756,-73.40281877952756,22.93716485915493,57.797824603340295,78.42820958923512,242.8522630263158,0.003969038076756,0.0122289281283833,-145.6535433070866,0.862337420166892,38.33611691022965,0.2944078947368421,0.0,9.54054054054054,0.0,0.0,0.0,0.0,0.6396438394480444,0.6770538243626062,0.1980115990057995,0.6602209944751382,0.0,,0.0237706943414875,0.0047865459249676,-77.10795087968036,-858000000.0,-13085000000.0,-20457000000.0,19916000000.0,209000000.0,1198000000.0,0.0,14.16735708367854,226.11570247933884,0.0,6.352631578947369,0.3980263157894737,0.0,-0.2913385826771653,0.8973244192449716,2003-11-03,,bmo,,2025-03-24,2003-09-30,,,
2003-06-30,CHTR,USD,1091667,2003-08-05,2003-08-04 17:42:48,2003,Q2,1217000000.0,488000000.0,729000000.0,0.5990139688,0,0.0,0.0,232000000.0,385000000.0,617000000.0,1105000000.0,0.0,0.0,386000000.0,498000000.0,0.4092029581,112000000.0,0.0920295809,-247000000.0,-135000000.0,-0.1109285127,-98000000.0,-37000000.0,-0.0304026294,-0.14,-0.14,266263929,266263929,https://www.sec.gov/Archives/edgar/data/1091667/000095012303008915/0000950123-03-008915-index.htm,https://www.sec.gov/Archives/edgar/data/1091667/000095012303008915/y88762e10vq.htm,4.570652902819593,-0.1389598663963228,0.4619476639661544,-0.1389598663963228,0.7962024777302824,2.028062914973361,-49.51102482980336,-0.6534869392691941,70.85826484593036,9319237515.0,27974237515.0,-62.9678210472973,7.657549313886606,75.76615865853658,-251.8712841891892,-53.55883629310345,-53.55883629310345,22.98622638866064,56.17316770080321,227.43282532520325,-756.0604733783783,-0.0039702818970377,-0.0039702818970377,-108.43103448275862,0.8682466635987115,37.45983935742972,0.4008474576271186,0.0,-3.324324324324324,0.0001073049161361,-0.027027027027027,0.0,0.0,0.6315232397606995,1.3008130081300813,0.1314708299096138,0.4145077720207253,0.0,,0.0014937370460484,-0.0046209566629199,-78.1442686515754,-707000000.0,-13183000000.0,-20717000000.0,20210000000.0,230500000.0,1216500000.0,0.0,16.861133935907972,217.62295081967213,0.0,5.337719298245614,0.4135593220338983,0.0,0.2126436781609195,0.6009075303624773,2003-08-04,,bmo,,2025-03-24,2003-06-30,,,
2003-03-31,CHTR,USD,1091667,2003-05-14,2003-05-14 17:17:41,2003,Q1,1178000000.0,485000000.0,693000000.0,0.5882852292,0,0.0,0.0,235000000.0,372000000.0,607000000.0,1092000000.0,0.0,0.0,370000000.0,456000000.0,0.3870967742,86000000.0,0.0730050934,-227000000.0,-141000000.0,-0.1196943973,40000000.0,-181000000.0,-0.1536502547,-0.68,-0.68,266256281,266256281,https://www.sec.gov/Archives/edgar/data/1091667/000095012303005952/0000950123-03-005952-index.htm,https://www.sec.gov/Archives/edgar/data/1091667/000095012303005952/y86584e10vq.txt,4.424308773395659,-0.6797961697662261,0.6084363508404896,0.2178352367206691,1.6750778547830765,2.745475138669123,-48.80260458531681,-0.5182976321974542,71.2133435079415,9318969835.0,27833969835.0,-12.871505296961326,7.910840267402377,57.52450515432099,160.67189370689655,-67.52876692028985,-67.52876692028985,23.62815775466893,61.039407532894735,171.81462861111112,479.8960316379311,-0.0194227477076064,0.0062238639063048,-137.3985507246377,0.8542915070961928,40.60307017543859,0.578611332801277,0.0,-0.8950276243093923,0.0,0.0,0.0,0.0,0.6183825185852669,0.6419753086419753,0.0882852292020373,0.2810810810810811,0.0,,0.0052715673345701,-0.0213695395513577,-78.28266030651874,-528000000.0,-12994000000.0,-20739000000.0,20605000000.0,250000000.0,1329000000.0,0.0,17.801358234295417,232.51546391752572,0.0,5.055793991416309,0.3870710295291301,0.0,1.3115942028985508,0.3906011141198205,2003-05-14,,bmo,,2025-03-24,2003-03-31,,,
2002-12-31,CHTR,USD,1091667,2003-04-15,2003-04-15 14:02:15,2002,Q4,1150742000.0,491503000.0,659239000.0,0.5728816711,0,302315000.0,10994000.0,313309000.0,4582203000.0,4895512000.0,5387015000.0,0.0,0.0,-55797000.0,-4292070000.0,-3.7298282326,-4236273000.0,-3.6813403873,2068291000.0,-2167982000.0,-1.8839861585,-535000000.0,-1860490000.0,-1.6167742205,-6.99,-6.99,266256281,266256281,https://www.sec.gov/Archives/edgar/data/1091667/000095012303004266/0000950123-03-004266-index.htm,https://www.sec.gov/Archives/edgar/data/1091667/000095012303004266/y85418e10vk.htm,4.321933723696832,-6.9875910270075465,0.7727367002470826,-1.1920995771739185,1.2056053618506,4.00366141972816,-47.55192986414469,0.1539869776818523,70.12416732433816,9318969835.0,27668969835.0,-1.2522198231379906,8.098226913591404,45.2935650510824,-29.35996343776386,227.2919471951219,227.2919471951219,24.044459865895224,-6.446532753426668,134.48120417893907,-87.17271942067522,-0.1996454579145013,-0.0340599879192548,455.390243902439,0.8341225875625446,-4.27532635767823,0.4505338078291815,0.0,-0.1105869958989298,0.0,0.0,0.2627131016335547,0.0,0.6132505360972123,2.5426982784598486,0.454619714931757,-9.375952112120723,0.0043450226028075,,-0.1520984829456791,-0.2149116322051519,-78.10801653914785,-772000000.0,-12661000000.0,-20685000000.0,20634000000.0,258459500.0,1335043000.0,0.0,20.88217862909323,257.272081757385,0.0,4.309895131086142,0.3498241992882562,0.0,-45.37780487804878,1.964836277421001,2003-04-15,,bmo,,2025-03-24,2002-12-31,,,
2002-09-30,CHTR,USD,1091667,2002-11-19,2002-11-19 17:07:14,2002,Q3,1178511000.0,453448000.0,725063000.0,0.6152365146,0,206552000.0,22378000.0,228930000.0,513660000.0,742590000.0,1196038000.0,0.0,0.0,513660000.0,680000000.0,0.5769992813,-17527000.0,-0.0148721565,-478000000.0,-223852000.0,-0.1899447693,15000000.0,-238852000.0,-0.2026726946,-0.9,-0.9,266245902,266245902,https://www.sec.gov/Archives/edgar/data/1091667/000109166702000038/0001091667-02-000038-index.htm,https://www.sec.gov/Archives/edgar/data/1091667/000109166702000038/body10q.htm,4.426400523528058,-0.8971105215358395,1.184142169444546,-1.0128794395490828,1.908664119081916,20.34223234729825,-48.34305768957901,8.251142960314935,69.30354556217733,9318606570.0,27262217570.0,-9.753536258854856,7.907101902315719,29.55726170652101,-34.5549515898767,4.2418365756523135,4.2418365756523135,23.132764624174065,40.09149642647059,86.47178023490753,-101.0928620376379,-0.0256317291867382,-0.0289394125585452,8.399266125372296,0.6866503012856572,26.38766323529412,0.6491195064999533,0.0,-1.1367579612322605,0.0,0.0,0.1752652287505165,0.0,0.6805247078650732,1.855369790625902,0.4963449641114932,1.1387844099209594,0.0,,-0.0007303235915857,-0.0278220313465529,-77.97499452216921,-443894000.0,-12871141000.0,-20634944000.0,25239833000.0,243883500.0,1212899000.0,0.0,19.08570221236798,251.09326758525785,0.0,4.71557184527787,0.3584325492496162,0.0,-0.1087256063615213,2.1970216089936287,2002-11-19,,bmo,,2025-03-24,2002-09-30,,,
2002-06-30,CHTR,USD,1091667,2002-08-06,2002-08-06 09:30:22,2002,Q2,1158413000.0,345787000.0,812626000.0,0.7014993789,0,290815000.0,21435000.0,312250000.0,492168000.0,804418000.0,1150205000.0,0.0,0.0,492168000.0,661345000.0,0.5709060585,8208000.0,0.0070855558,-66241000.0,-58033000.0,-0.0500969861,-66241000.0,-201999000.0,-0.1743756329,-0.76,-0.76,266244813,266244813,https://www.sec.gov/Archives/edgar/data/1091667/000109166702000005/0001091667-02-000005-index.htm,https://www.sec.gov/Archives/edgar/data/1091667/000109166702000005/body10q.htm,4.350931711860242,-0.7586964708304007,0.6800395393994023,-1.733536119631371,0.0246089301277768,22.55003555693684,-41.95858268232253,9.314423714237767,66.00074871693369,9318568455.0,26884373455.0,-11.532938844994282,8.044254039794097,51.467595591443576,-20.189945628270262,3.7576130390654208,3.7576130390654208,23.2079348686522,40.65105724697397,148.48568934092577,-58.24865062994941,-0.0216770420237257,-0.0495296034180391,7.085864970480867,0.6980119377795297,26.560728515373977,0.2702324090730517,0.0,-0.8963262194367299,0.0,0.0,0.2510460431642255,0.0,0.6822314367035757,3.5491695985242218,0.5547261641573429,1.305655792331074,0.0,,-4.8342864702921705e-05,-0.0252505662342506,-71.31067751543388,-847050000.0,-11171255000.0,-18857374000.0,23641117000.0,234399000.0,1177017000.0,0.0,18.47900532884213,302.1052844670274,0.0,4.870392015068447,0.2979093866523306,0.0,-0.0814539357567208,2.4135756590307733,2002-08-06,,bmo,,2025-03-24,2002-06-30,,,
2002-03-31,CHTR,USD,1091667,2002-05-14,2002-05-14 17:16:35,2002,Q1,1078334000.0,329462000.0,748872000.0,0.6944712863,0,281118000.0,19193000.0,300311000.0,486969000.0,787280000.0,1116742000.0,0.0,0.0,486969000.0,423000000.0,0.3922717822,-38408000.0,-0.0356179069,-71592000.0,-8398000.0,-0.0077879395,30010000.0,-174167000.0,-0.1615148924,-0.65,-0.65,266191903,266191918,https://www.sec.gov/Archives/edgar/data/1091667/000095012302005149/0000950123-02-005149-index.htm,https://www.sec.gov/Archives/edgar/data/1091667/000095012302005149/y60724e10-q.txt,4.050964690687831,-0.6542911262030385,0.1725221521858236,-1.598005030228136,0.0629207718613439,24.31789595042641,24.31789595042641,10.124421402855369,63.79812011036264,9316716605.0,26282510605.0,-13.373251828704635,8.639917321534886,202.87249814911596,-21.90230902777778,3.456987674389869,3.456987674389869,24.37325597171192,62.13359481087471,572.3044727157913,-61.78653850945987,-0.0186940321772296,-0.0456572865779467,6.30140899630766,0.6792471628678785,40.10826004728133,0.2662516906585146,0.0,-0.2636779642527,0.0,0.0,0.2606965930778404,0.0,0.0,10.262607786778156,0.4370630991881921,0.9678234138107352,0.0,,-0.00737788851145,-0.0069661204812029,-68.89322813098488,-875598000.0,6473227000.0,-18211057000.0,23414086000.0,263975000.0,1286161000.0,0.0,19.27556768125645,325.9829054640596,0.0,4.669123186836978,0.2760880969260602,0.0,-0.0646250388213306,1.7705271824139597,2002-05-14,,bmo,,2025-03-24,2002-03-31,,,
2001-12-31,CHTR,USD,1091667,2002-03-29,2002-03-29 00:00:00,2001,Q4,1107016000.0,590180000.0,516836000.0,0.4668731075,0,14714000.0,0.0,14714000.0,835412000.0,850126000.0,1440306000.0,0.0,0.0,817783000.0,484493000.0,0.4376567276,-333290000.0,-0.3010706259,-581866000.0,280699000.0,0.2535636341,-591292000.0,-305686000.0,-0.2761351236,-1.15,-1.15,266191918,266191918,https://www.sec.gov/Archives/edgar/data/1091667/000095012302003204/0000950123-02-003204-index.htm,https://www.sec.gov/Archives/edgar/data/1091667/000095012302003204/y58890e10-k405.htm,4.158713789349532,-1.1483669462872272,0.8119517738325924,-2.4580423211797138,0.0063074792526195,25.69042310292832,-38.69460454468043,10.750859836398188,61.39507586402379,9316717130.0,25657911130.0,-7.619515720379736,8.41606366122983,43.10600842066302,-14.23897371433462,3.2555535587492037,3.2555535587492037,23.17754317010775,52.958270047245264,118.7124303328938,-39.21363255393842,-0.032810484179635,-0.0702297806051346,5.71071307768,0.6547146955286601,33.72844189699335,0.2670404379946385,0.0,-0.7070490634180172,0.0,0.0,0.0132915874747971,0.0,0.6865994247856246,4.027325514146251,0.7862993850134055,1.064397278984767,0.0,,-0.0438958884431289,-0.0390750410645464,-67.2402533273005,-1007815000.0,-10300191000.0,-17756062000.0,23280442000.0,279280500.0,1337410500.0,0.0,24.145992469846867,210.2917753905588,0.0,3.727326599326599,0.4279767947788252,0.0,-0.1068162885352953,3.269994095012306,2002-03-29,,bmo,,2025-03-24,2001-12-31,,,
2001-09-30,CHTR,USD,1091667,2001-11-14,2001-11-14 00:00:00,2001,Q3,1043844000.0,561288000.0,482556000.0,0.4622874682,0,-42069000.0,0.0,-42069000.0,775438000.0,733369000.0,1294657000.0,0.0,0.0,775438000.0,524625000.0,0.5025894674,-250813000.0,-0.2402782408,-88917000.0,-339730000.0,-0.3254605094,-88917000.0,-317427000.0,-0.30409429,-1.19,-1.19,266061346,266061346,https://www.sec.gov/Archives/edgar/data/1091667/000095012301508474/0000950123-01-508474-index.htm,https://www.sec.gov/Archives/edgar/data/1091667/000095012301508474/y54841e10-q.htm,3.923320751748734,-1.1930594382545143,1.068952721903467,-1.91664820037406,0.0571484743221587,28.07357818899405,-37.71321971738052,11.899251986795557,58.83883260516919,9312147110.0,24951681110.0,-7.33408556140467,8.92101416495185,32.74232740403717,-18.261045502857165,2.941361359423184,2.941361359423184,23.90364950126647,47.56098376935907,87.7323030375483,-48.93004574994215,-0.0340874125215575,-0.0547613771535445,4.944750533097531,0.6288486338713524,29.81088205861329,0.2730639494189398,0.0,-0.8959789053196651,0.0,0.0,-0.0403019991492981,0.0,0.7031060297848245,2.793014939857317,0.760988231958032,1.0243926658224127,0.0,,-0.0078466159236071,-0.042947983510676,-64.69792966468718,-941979000.0,-10034030000.0,-17071152000.0,23288374000.0,238512000.0,1242163000.0,0.0,22.551731867980276,207.7790546029846,0.0,3.9908243201394704,0.4331524184281625,0.0,-0.1002633980336274,2.985600922277526,2001-11-14,,bmo,,2025-03-24,2001-09-30,,,
2001-06-30,CHTR,USD,1091667,2001-08-14,2001-08-14 00:00:00,2001,Q2,928475000.0,486428000.0,442047000.0,0.4761000565,0,18843000.0,0.0,18843000.0,720952000.0,739795000.0,1226223000.0,0.0,0.0,720952000.0,423204000.0,0.4558054875,-297748000.0,-0.3206849942,-23991000.0,-321739000.0,-0.346524139,-23991000.0,-273865000.0,-0.2949621691,-1.19,-1.19,230595904,230595904,https://www.sec.gov/Archives/edgar/data/1091667/000095013401505238/0000950134-01-505238-index.htm,https://www.sec.gov/Archives/edgar/data/1091667/000095013401505238/c64451e10-q.txt,4.026415837811239,-1.1876403494140122,0.7468476109619016,-2.8860746806673547,2.4837084703811563,35.69861327632255,-41.47093176468564,15.26972916223178,67.52374491439362,8070856640.0,23068822640.0,-7.367550289376152,8.692594458655321,46.86364324700964,-12.127198313491617,2.2921166202848684,2.2921166202848684,24.84592761248284,54.50993525581044,133.9497308094298,-34.66301032129908,-0.0339325814118289,-0.0824592765904958,4.422065656633071,0.6147090306532986,35.43909320327785,0.734028885027829,0.0,-0.6288476846340911,0.0,0.0,0.0202945690514014,0.0,0.7025205176083531,4.8643421205434905,0.9022720051697676,1.161987205805657,0.0,,-0.0114136972166514,-0.0363446925786968,-70.96357509455154,-316108000.0,-9563027000.0,-16225843000.0,23818424000.0,206933000.0,1179135500.0,0.0,20.88550580252565,219.899861850058,0.0,4.309208541605751,0.4092772011897299,0.0,-0.0777774338232224,3.632922291629257,2001-08-14,,bmo,,2025-03-24,2001-06-30,,,
2001-03-31,CHTR,USD,1091667,2001-05-15,2001-05-15 00:00:00,2001,Q1,873797000.0,472147000.0,401650000.0,0.459660539,0,19759000.0,0.0,19759000.0,695895000.0,715654000.0,1187801000.0,0.0,0.0,695895000.0,381891000.0,0.4370477353,-314004000.0,-0.3593557771,33305000.0,-280699000.0,-0.321240517,33305000.0,-280699000.0,-0.321240517,-1.33,-1.33,211381773,211381773,https://www.sec.gov/Archives/edgar/data/1091667/000095012301502477/0000950123-01-502477-index.htm,https://www.sec.gov/Archives/edgar/data/1091667/000095012301502477/y49330e10-q.txt,4.133738626556037,-1.327924333381384,-0.7289512137832244,-3.2103524838917874,0.0918764173673574,36.124226283218846,-43.13376158501613,13.493646871814253,64.84639997792051,7398362055.0,21086288055.0,-6.589230862062209,8.466911714047999,-48.01418714752056,-10.90222963852581,2.5938132465218557,2.5938132465218557,24.131792687546422,55.21546214757614,-136.8466389442328,-31.07276352396811,-0.0379406952394681,-0.0917243566826225,4.805698607199566,0.5996549501188255,35.84249432429672,0.265420605488619,0.0,0.548940323976929,0.0,0.0,0.0226128036603467,0.0,0.7329234125229387,-3.404070427745365,0.6002801566038793,0.7537387105813377,0.0,,-0.0161953675138329,-0.0459783162408702,-71.21946957082245,-859286000.0,-9117691000.0,-14912241000.0,21395294000.0,211275000.0,1268383000.0,0.0,20.435261279221603,222.9791569151133,0.0,4.404152154957334,0.4036251694783401,0.0,-0.098411077894381,2.481401270108563,2001-05-15,,bmo,,2025-03-24,2001-03-31,,,
2000-12-31,CHTR,USD,1091667,2001-03-06,2001-03-06 00:00:00,2000,Q4,893877000.0,0.0,893877000.0,1.0,0,-285562000.0,0.0,-285562000.0,695189000.0,409627000.0,1204224000.0,0.0,0.0,695189000.0,425633000.0,0.4761650652,-310347000.0,-0.3471920633,310347000.0,-294551000.0,-0.3295207282,15796000.0,-241097000.0,-0.2697205544,-1.14,-1.14,211381773,211381773,https://www.sec.gov/Archives/edgar/data/1091667/000095012301002038/0000950123-01-002038-index.htm,https://www.sec.gov/Archives/edgar/data/1091667/000095012301002038/y44579tke10-k.txt,4.228732625873093,-1.1405761082342705,1.300078980792729,-3.293604695046247,0.6183219969490936,34.12088420698411,-46.62733621786775,14.775181207321976,61.78609827442407,7398362055.0,20328115055.0,-7.671561710639287,8.276711510644082,26.92144132555592,-10.626654756911728,2.3688372757591245,2.3688372757591245,22.741512596252058,47.759725056562814,73.97071847037805,-29.19833592116149,-0.0325878888066934,-0.0941029912870356,4.1817489347477785,0.566772304251868,30.37770332657477,0.3163818336875765,0.0,-1.1398441291264512,0.0,0.0,-0.3194645348297361,0.0,0.740714436298618,3.53338815849323,1.086302701602122,1.3967726762074777,0.0,,-0.0150851213286427,-0.0403518808126846,-73.479470483957,-934666000.0,-9856169000.0,-15398465000.0,21401555000.0,195546000.0,1268862500.0,0.0,22.56823925439406,0.0,0.0,3.9879052586026136,0.0,0.0,-0.0771954057435889,4.593683675838976,2001-03-06,,bmo,,2025-03-24,2000-12-31,,,
2000-09-30,CHTR,USD,1091667,2000-11-14,2000-11-14 00:00:00,2000,Q3,838961000.0,0.0,838961000.0,1.0,0,434137000.0,0.0,434137000.0,628106000.0,1062243000.0,1062243000.0,624000.0,283300000.0,628106000.0,387942000.0,0.4624076685,-223282000.0,-0.266141096,-300182000.0,-523464000.0,-0.6239431869,-16882000.0,-210018000.0,-0.2503310643,-1.03,-1.03,203413614,203413614,https://www.sec.gov/Archives/edgar/data/1091667/000095012400006897/0000950124-00-006897-index.htm,https://www.sec.gov/Archives/edgar/data/1091667/000095012400006897/c58299e10-q.txt,4.124409293470396,-1.032467767865331,1.2268844503200262,-2.7262137921604404,0.2186038541156837,13.124151070832456,-71.79572061484538,13.124151070832456,61.21040158108592,7119476490.0,19242738490.0,-8.47484083507128,8.486063702603577,28.52754388636227,-12.838318146818406,2.666839158670244,2.666839158670244,22.936392144569293,49.60210157703987,77.10511686334222,-34.6997983766989,-0.0294990790818665,-0.0778918226331554,4.557831775252835,0.5422232083386233,31.25019203901614,0.2154260618197414,-0.7881468408048006,-1.1883029073698446,0.0,0.0,0.5174698227927162,0.0,0.7697645719382634,3.2220623885560875,0.9584641002382708,1.2802202176065822,0.0,,-0.0101656647052358,-0.0406492876822891,-96.36098520918074,-929309000.0,-14604227000.0,-19515645000.0,21026032000.0,144907000.0,1094027500.0,0.0,17.9091161567701,0.0,0.0,5.025373626044506,0.0,0.0,-0.078669299240232,3.9530982424804666,2000-11-14,,bmo,,2025-03-24,2000-09-30,,,
2000-06-30,CHTR,USD,1091667,2000-08-14,2000-08-14 00:00:00,2000,Q2,794780000.0,0.0,794780000.0,1.0,0,417133000.0,0.0,417133000.0,603687000.0,1020820000.0,1020820000.0,675000.0,251128000.0,603687000.0,360679000.0,0.4538098593,-226040000.0,-0.2844057475,-268096000.0,-494136000.0,-0.6217267672,-16968000.0,-196821000.0,-0.2476421148,-0.98,-0.98,200813548,200813548,https://www.sec.gov/Archives/edgar/data/1091667/000095012400005063/0000950124-00-005063-index.htm,https://www.sec.gov/Archives/edgar/data/1091667/000095012400005063/e10-q.txt,3.957800695797676,-0.9801181342605432,2.0310930415909985,-1.903133547543316,0.3686056082232061,13.46118340581284,-72.87882289694916,13.46118340581284,59.04211203917377,7028474180.0,18559781180.0,-8.92749526219255,8.843295226351946,17.232100786768367,-18.39072199908419,2.600068578286083,2.600068578286083,23.352098920455976,51.4578924195753,45.5040470639001,-48.56356689998037,-0.0280033752645869,-0.0543752442155233,4.293200472923082,0.5269123847789144,31.971107272671823,0.2310875312842803,-0.9000987544200567,-2.072294114957246,0.0,0.0,0.5248408364578877,0.0,0.7872017892993907,1.9369996886270413,0.9940436347165252,1.308701363454903,0.0133231837741261,,-0.0103916822152932,-0.0419937297761384,-95.39095564408832,-784353000.0,-14635055000.0,-19086241000.0,20787768000.0,110384500.0,881439500.0,0.0,13.91354840333174,0.0,0.0,6.468515247947001,0.0,0.0,-0.0728106961114062,3.934226589134315,2000-08-14,,bmo,,2025-03-24,2000-06-30,,,
2000-03-31,CHTR,USD,1091667,2000-05-15,2000-05-15 00:00:00,2000,Q1,721604000.0,0.0,721604000.0,1.0,0,387269000.0,0.0,387269000.0,546100000.0,933369000.0,933369000.0,5435000.0,230914000.0,546100000.0,327394000.0,0.4537031391,-211765000.0,-0.2934642823,-237855000.0,-449620000.0,-0.6230841292,-6941000.0,-180714000.0,-0.2504337559,-0.9,-0.9,200657426,200657426,https://www.sec.gov/Archives/edgar/data/1091667/000095012400003246/0000950124-00-003246-index.html,https://www.sec.gov/Archives/edgar/data/1091667/000095012400003246/,3.596198826949968,-0.9006095792338131,0.991545660512958,-0.3039209722544732,0.651423685660156,14.430235938539347,-72.51474959117635,14.430235938539347,56.74017267619091,7023009910.0,18046719910.0,-9.71564171840588,9.732498586482336,35.29842486718503,-115.1615162993572,2.42546276783488,2.42546276783488,25.009173882073824,55.12232939516301,90.70481104337031,-295.92548717696445,-0.0257317022638232,-0.0086834563501278,3.852285277948731,0.5115611930838669,33.67108132708602,0.3567672721472816,-0.9170730228569944,-1.1009717011410294,0.0,0.0,0.5366780117626843,0.0,0.8001110312607345,1.306512331562467,0.3602322049212587,0.4760025636330342,0.021479925277576,,-0.0099096093613595,-0.041462306066312,-93.21856844710048,-492010000.0,-14550623000.0,-18636244000.0,20785791000.0,95800000.0,428874500.0,0.0,12.210298169078886,0.0,0.0,7.370827374872318,0.0,0.0,-0.0624112857939157,1.2954666327674311,2000-05-15,,bmo,,2025-03-24,2000-03-31,,,
1999-12-31,CHTR,USD,1091667,2000-03-30,2000-03-30 00:00:00,1999,Q4,583062000.0,0.0,583062000.0,1.0,0,322591000.0,0.0,322591000.0,303924000.0,626515000.0,626515000.0,16141000.0,189049000.0,303924000.0,243425000.0,0.4174941944,-43453000.0,-0.0745255222,-206095000.0,-249548000.0,-0.4279956505,-17046000.0,-66132000.0,-0.1134219002,-0.33,-0.33,200506350,200657426,https://www.sec.gov/Archives/edgar/data/1091667/000095012400001846/0000950124-00-001846-index.html,https://www.sec.gov/Archives/edgar/data/1091667/000095012400001846/,2.9079478031493764,-0.3298249656432327,1.0688190174525645,-0.7077182343601587,0.6668417234666134,15.017374761447703,-59.722367895081625,15.017374761447703,45.51229424903501,7017722250.0,15820471250.0,-26.529222804391217,12.035979449869826,32.74642332190103,-49.45470994066328,2.3306337196732465,2.3306337196732465,27.13342877772861,64.99115230563828,73.82222183336833,-111.48871228030612,-0.0094235704469495,-0.0202205209817188,2.9678580336151925,0.4711703109064837,36.1620581287871,0.3647309981971171,-0.2298504620495215,-3.240564325893667,0.0,0.0,0.5532704926748785,0.0,0.7901187604022185,1.6621497398567462,0.6109247387070329,1.1720265592713968,0.0,,-0.0022187666393377,-0.0166131000619486,-78.55834491027342,-457367000.0,-11974714000.0,-15692837000.0,18018999000.0,,,,14.463298928758862,0.0,0.0,6.222646744930629,0.0,0.0,-0.0219628910433768,1.7765372518127232,2000-03-30,,bmo,,2025-03-24,1999-12-31,,,
1999-09-30,CHTR,USD,1091667,1999-12-22,1999-12-22 00:00:00,1999,Q3,376189000.0,0.0,376189000.0,1.0,0,215810000.0,0.0,215810000.0,191439000.0,407249000.0,407249000.0,8241000.0,131081000.0,191439000.0,158367000.0,0.4209772216,-31060000.0,-0.082564881,-133093000.0,-164153000.0,-0.4363577882,-2012000.0,-35000.0,-9.30383e-05,-0.0002,-0.0002,200506350,200506350,https://www.sec.gov/Archives/edgar/data/1091667/000095012499006587/0000950124-99-006587-index.html,https://www.sec.gov/Archives/edgar/data/1091667/000095012499006587/,1.876194943451916,-0.0001745580626249,0.59742247564728,-0.2995615849572844,,,,,,7017722250.0,,-50126.5875,18.654777917482967,58.585007137669365,-116.8374109283431,0.0,0.0,,,,,-4.9873732178556935e-06,-0.0085589024273509,0.0,0.0,,0.0,-0.2369527238882828,-17112.428571428572,0.0,0.0,0.5736744030261385,0.0,0.0,1.501423359796973,0.4780868127457209,0.9394689692277958,0.0,,0.0,0.0,,,,,,,,,,0.0,0.0,0.0,0.0,0.0,0.0,0.8969840606045644,1999-12-22,,bmo,,2025-03-24,1999-09-30,,,
1999-06-30,CHTR,USD,1091667,1999-06-30,1999-06-29 20:00:00,1999,Q2,308037000.0,0.0,308037000.0,1.0,0,179793000.0,0.0,179793000.0,159874000.0,339667000.0,339667000.0,8421000.0,112243000.0,159874000.0,131187000.0,0.4258806572,-31630000.0,-0.10268247,-109300000.0,-140930000.0,-0.4575099745,2943000.0,-57000.0,-0.0001850427,-0.0003,-0.0003,200506350,200506350,,,1.5362954839086145,-0.0002842802734177,0.644388569239827,-0.1066948752495868,,,,,,7017722250.0,,-30779.483552631576,22.782075692205808,54.31505410049225,-328.0382484924976,0.0,0.0,,,,,-8.12229352622213e-06,-0.003048425007131,0.0,0.0,,0.0,-0.2817993104247035,-2266.736842105264,0.0,0.0,0.5836733898849813,0.0,0.0,1.1655753691836166,0.4888925681005853,0.9419730537798516,0.0699364037437061,,0.0,0.0,,,,,,,,,,0.0,0.0,0.0,0.0,0.0,0.0,0.7510834444894139,1999-06-29,,bmo,,2025-03-24,1999-06-30,,,
1999-03-31,CHTR,USD,1091667,1999-03-31,1999-03-30 19:00:00,1999,Q1,160956000.0,0.0,160956000.0,1.0,0,99742000.0,0.0,99742000.0,90078000.0,189820000.0,189820000.0,1664000.0,45426000.0,90078000.0,52329000.0,0.3251136957,-28864000.0,-0.1793285121,-54311000.0,-83175000.0,-0.5167561321,-8885000.0,-33000.0,-0.000205025,-0.0002,-0.0002,200506350,200506350,,,0.8027476436531811,-0.0001645833161892,0.0828901428807616,-0.1906822402382767,,,,,,7017722250.0,,-53164.5625,43.60025255349288,422.2456227436823,-183.5514411633929,0.0,0.0,,,,,-4.702380462549655e-06,-0.0054480640068079,0.0,0.0,,0.0,-0.6354070356183683,-503.6363636363636,0.0,0.0,0.6196848828251199,0.0,0.0,3.3004211793020457,0.3407949998757424,0.6089500210928307,0.1034506324709858,,0.0,0.0,,,,,,,,,,0.0,0.0,0.0,0.0,0.0,0.0,0.2735723831190383,1999-03-30,,bmo,,2025-03-24,1999-03-31,,,
