date,symbol,reportedCurrency,cik,fillingDate,acceptedDate,calendarYear,period,revenue,costOfRevenue,grossProfit,grossProfitRatio,researchAndDevelopmentExpenses,generalAndAdministrativeExpenses,sellingAndMarketingExpenses,sellingGeneralAndAdministrativeExpenses,otherExpenses,operatingExpenses,costAndExpenses,interestIncome,interestExpense,depreciationAndAmortization,ebitda,ebitdaratio,operatingIncome,operatingIncomeRatio,totalOtherIncomeExpensesNet,incomeBeforeTax,incomeBeforeTaxRatio,incomeTaxExpense,netIncome,netIncomeRatio,eps,epsdiluted,weightedAverageShsOut,weightedAverageShsOutDil,link,finalLink,revenuePerShare,netIncomePerShare,operatingCashFlowPerShare,freeCashFlowPerShare,cashPerShare,bookValuePerShare,tangibleBookValuePerShare,shareholdersEquityPerShare,interestDebtPerShare,marketCap,enterpriseValue,peRatio,priceToSalesRatio,pocfratio,pfcfRatio,pbRatio,ptbRatio,evToSales,enterpriseValueOverEBITDA,evToOperatingCashFlow,evToFreeCashFlow,earningsYield,freeCashFlowYield,debtToEquity,debtToAssets,netDebtToEBITDA,currentRatio,interestCoverage,incomeQuality,dividendYield,payoutRatio,salesGeneralAndAdministrativeToRevenue,researchAndDdevelopementToRevenue,intangiblesToTotalAssets,capexToOperatingCashFlow,capexToRevenue,capexToDepreciation,stockBasedCompensationToRevenue,grahamNumber,roic,returnOnTangibleAssets,grahamNetNet,workingCapital,tangibleAssetValue,netCurrentAssetValue,investedCapital,averageReceivables,averagePayables,averageInventory,daysSalesOutstanding,daysPayablesOutstanding,daysOfInventoryOnHand,receivablesTurnover,payablesTurnover,inventoryTurnover,roe,capexPerShare,report_date,epsEstimated,time,revenueEstimated,updatedFromDate,fiscalDateEnding,surprise(%),QuarterAvgPrice,QuarterAvgVolume
2025-03-31,CI,USD,1739940,2025-05-02,2025-05-02 11:07:34,2025,Q1,65500000000.0,0.0,65500000000.0,1.0,0,0.0,0.0,4213000000.0,0.0,63852000000.0,63531000000.0,0.0,0.0,674000000.0,2684000000.0,0.0409770992,1971000000.0,0.0300916031,-323000000.0,1648000000.0,0.0251603053,1562000000.0,1323000000.0,0.0201984733,0.31,0.3,280294000,283218000,https://www.sec.gov/Archives/edgar/data/1739940/000173994025000021/0001739940-25-000021-index.htm,https://www.sec.gov/Archives/edgar/data/1739940/000173994025000021/ci-20250331.htm,233.6832040643039,4.720043953848459,6.849950409213183,5.683318230144063,32.32677117597951,144.18432074892792,-117.744225705866,143.5135964380258,108.62879690610572,92216726000.0,114330726000.0,17.425685185185184,1.4078889465648854,48.029544791666666,57.88871688637791,2.292465718689405,2.292465718689405,1.7455072671755725,42.597140834575264,59.547253125,71.77070056497175,0.0143466381575941,0.0172745234958786,0.7569233828866903,0.202100120803409,8.23919523099851,0.781325679433133,0.0,1.362668559261888,0.0044677361458267,0.3114134542705971,0.0,0.0,0.4873090045002589,0.1703125,0.0049923664122137,0.4851632047477744,0.0,123.45560283418855,0.0010399326888588,0.0171282091117411,-279.7000649318216,-12190000000.0,-33003000000.0,-66689000000.0,64908000000.0,28730500000.0,9215000000.0,2588000000.0,37.001679389312976,0.0,0.0,2.4323220320101004,0.0,0.0,0.0328891761547258,1.1666321790691203,2025-05-02,6.35,bmo,60198365217.0,2025-05-11,2025-03-31,0.0614173228346457,301.2966666666667,1774773.9666666666
2024-12-31,CI,USD,1739940,2025-02-27,2025-02-27 13:38:15,2024,Q4,65717000000.0,59187000000.0,6530000000.0,0.099365461,0,0.0,0.0,3865000000.0,546000000.0,4289000000.0,63476000000.0,0.0,362000000.0,646000000.0,2941000000.0,0.0447524994,2173000000.0,0.0330660255,-164000000.0,2009000000.0,0.0305704764,473000000.0,1424000000.0,0.0216686702,5.13,5.13,273789000,277784000,https://www.sec.gov/Archives/edgar/data/1739940/000173994025000009/0001739940-25-000009-index.htm,https://www.sec.gov/Archives/edgar/data/1739940/000173994025000009/ci-20241231.htm,240.02790470033497,5.201085507452819,19.03655734890737,17.805682478112708,30.0048577554248,150.63789998867742,-118.86525755234872,149.87088597423565,118.09824353790692,75604094460.0,100026094460.0,13.273190740870788,1.150449571039457,14.505774071373754,15.508532196923078,1.8425193005629608,1.8425193005629608,1.5220733517963387,34.01091277116627,19.19149932079816,20.5181732225641,0.0188349587435823,0.0644806347436543,0.7791777349937855,0.2051051763845497,8.303978238694322,0.0,6.002762430939226,3.3932291666666665,0.0050790899982693,0.2696629213483146,0.0,0.0,0.4733546743990608,0.0646584804297774,0.0051280490588432,0.521671826625387,0.0,132.43320615755135,0.5474094744982012,0.0173459692547567,-305.0670406773099,0.0,-32544000000.0,-114638000000.0,77743000000.0,29189000000.0,8904500000.0,2541500000.0,41.813838124077485,14.132495311470423,0.0,2.1523974846063147,6.368302130406714,0.0,0.0347037750103575,1.230874870794663,2025-01-30,7.84,bmo,63439878581.0,2025-04-30,2024-12-31,-0.1530612244897959,318.7703125,1976280.09375
2024-09-30,CI,USD,1739940,2024-10-31,2024-10-31 13:36:40,2024,Q3,62773000000.0,0.0,62773000000.0,1.0,0,0.0,0.0,3590000000.0,57991000000.0,61581000000.0,61581000000.0,0.0,376000000.0,650000000.0,2218000000.0,0.0353336626,1192000000.0,0.0189890558,0.0,1192000000.0,0.0189890558,367000000.0,739000000.0,0.0117725774,2.65,2.63,281396000,281396000,https://www.sec.gov/Archives/edgar/data/1739940/000173994024000033/0001739940-24-000033-index.htm,https://www.sec.gov/Archives/edgar/data/1739940/000173994024000033/ci-20240930.htm,223.0770870943439,2.6261922699683007,0.1634706961008685,-1.2544599070349258,23.99465521897966,150.31485877553342,-113.24610157926908,149.59345548621872,117.90501641814384,97486830240.0,124400830240.0,32.97930657645467,1.5530057547034553,2119.278918260869,-276.16665790368273,2.31587671314883,2.31587671314883,1.9817569693976709,56.08693879170424,2704.365874782609,-352.4102839660057,0.0075805111129439,-0.0036210019253981,0.7792374391257869,0.2080830251397179,12.134355275022545,0.8626358219418157,3.1702127659574466,0.0557575757575757,0.0040005403708364,0.5277401894451962,0.0,0.0,0.4704736771991702,8.673913043478262,0.0063562359613209,0.6138461538461538,0.0,94.0179582303534,0.0079979835386957,0.0088530560414021,-302.6446715660493,-7838000000.0,-31867000000.0,-66119000000.0,69921000000.0,13923000000.0,8895000000.0,5128000000.0,39.923852611791695,0.0,0.0,2.254291460173813,0.0,0.0,0.0175555291602328,1.4179306031357943,2024-10-31,7.23,bmo,59471379356.0,2025-04-25,2024-09-30,0.0387275242047025,344.24484375,1272640.734375
2024-06-30,CI,USD,1739940,2024-08-01,2024-08-01 10:34:41,2024,Q2,60475000000.0,0.0,60475000000.0,1.0,0,0.0,0.0,3684000000.0,54802000000.0,58486000000.0,58486000000.0,0.0,375000000.0,738000000.0,3102000000.0,0.0512939231,1989000000.0,0.0328896238,0.0,1989000000.0,0.0328896238,360000000.0,1548000000.0,0.0255973543,5.51,5.45,281133000,284052000,https://www.sec.gov/Archives/edgar/data/1739940/000173994024000028/0001739940-24-000028-index.htm,https://www.sec.gov/Archives/edgar/data/1739940/000173994024000028/ci-20240630.htm,215.11170869303857,5.506290616896629,0.9426143497917356,-0.3734887046344612,27.94406917722217,147.7130041652883,-117.05136003244016,147.01938228525287,114.77485745181106,91725263910.0,116829263910.0,14.813511613372093,1.5167468195121951,346.1330713584905,-873.573942,2.2192311988289948,2.2192311988289948,1.9318605028524185,37.66256089941973,440.8651468301887,-1112.6596562857144,0.0168764845584841,-0.0011447227898196,0.7716055356624407,0.2114139117407243,8.09284332688588,0.8346125367959114,5.304,0.171188630490956,0.00427363174866,0.2532299741602067,0.0,0.0,0.4934272891793889,1.3962264150943395,0.0061182306738321,0.5013550135501355,0.0,134.9609481166037,0.016760121405422,0.0202572725964117,-351.7249842601189,-9158000000.0,-32907000000.0,-63109000000.0,68827000000.0,0.0,8696500000.0,4901500000.0,0.0,0.0,0.0,0.0,0.0,0.0,0.0374528210587438,1.316103054426197,2024-08-01,6.41,bmo,58257541910.0,2025-04-25,2024-06-30,0.048361934477379,344.8363492063492,1588147.984126984
2024-03-31,CI,USD,1739940,2024-05-02,2024-05-02 11:10:29,2024,Q1,55419000000.0,0.0,55419000000.0,1.0,0,0.0,0.0,3705000000.0,51635000000.0,55340000000.0,55340000000.0,0.0,322000000.0,741000000.0,1142000000.0,0.0206066511,79000000.0,0.0014255039,0.0,79000000.0,0.0014255039,291000000.0,-277000000.0,-0.0049982858,-0.97,-0.97,286465000,286465000,https://www.sec.gov/Archives/edgar/data/1739940/000173994024000015/0001739940-24-000015-index.htm,https://www.sec.gov/Archives/edgar/data/1739940/000173994024000015/ci-20240331.htm,193.45818860942876,-0.9669593144014104,16.895606793150996,15.84835843820362,33.32693348227532,144.34573159024663,-116.59015935629134,143.75578168362628,115.51149355069556,104296177200.0,128625177200.0,-94.1301238267148,1.8819570400043304,21.54879694214876,22.972726255506608,2.532628571428571,2.532628571428571,2.320958104621159,112.63150367775832,26.575449834710746,28.331536828193837,-0.0026558979191425,0.043529879252372,0.795706757970909,0.2207387148275142,21.30385288966725,0.8341574157800565,0.2453416149068323,-17.47292418772563,0.0038448197313218,-1.447653429602888,0.0,0.0,0.5035399839673419,0.0619834710743801,0.0054133059059167,0.4048582995951417,0.0,,-0.0021591892855324,-0.003758582322451,-332.44899027804445,-8620000000.0,-33399000000.0,-63740000000.0,69736000000.0,0.0,8335500000.0,5137500000.0,0.0,0.0,0.0,0.0,0.0,0.0,-0.006726402952818,1.0472483549473757,2024-05-02,6.22,bmo,56530077630.0,2025-04-25,2024-03-31,0.040192926045016,329.1822950819672,1658923.4590163934
2023-12-31,CI,USD,1739940,2024-02-29,2024-02-29 14:48:05,2023,Q4,51080000000.0,0.0,0.0,0.0,0,0.0,0.0,3796000000.0,45224000000.0,49020000000.0,49020000000.0,0.0,360000000.0,765000000.0,1070000000.0,0.0209475333,2060000000.0,0.0403288958,-1872000000.0,188000000.0,0.0036805012,919000000.0,1029000000.0,0.0201448708,3.49,3.49,294565000,294565000,https://www.sec.gov/Archives/edgar/data/1739940/000173994024000005/0001739940-24-000005-index.htm,https://www.sec.gov/Archives/edgar/data/1739940/000173994024000005/ci-20231231.htm,173.40824605774617,3.493286710912702,4.980225077656884,3.741109772036732,29.694634460984844,157.35406446794426,-97.67283961095174,156.91952540186375,108.09159268752228,88207489250.0,111865489250.0,21.43039097424684,1.7268498287000784,60.12780453306067,80.04309369328493,1.908302993098674,1.908302993098674,2.1900056626859827,104.54718621495329,76.25459389911384,101.51133325771325,0.0116656761092426,0.0124932702355542,0.681046232395128,0.2128091072563308,22.110280373831777,0.7667090894162082,5.722222222222222,1.4256559766763848,0.0040586122906791,0.3479105928085519,0.0,0.0,0.5078349985803713,0.2488070892978868,0.0071456538762725,0.477124183006536,0.0055990602975724,111.05723788796398,-0.0807367565469335,0.0141338388000659,-305.5539524383413,-11365000000.0,-28771000000.0,-64224000000.0,67822000000.0,9541500000.0,8113000000.0,5030500000.0,0.0,0.0,0.0,0.0,0.0,0.0,0.0222616446357873,1.2391153056201518,2024-02-02,6.54,bmo,48906876359.0,2025-04-25,2023-12-31,0.0382262996941896,292.2284126984127,1969009.5555555555
2023-09-30,CI,USD,1739940,2023-11-02,2023-11-02 11:18:39,2023,Q3,49034000000.0,0.0,0.0,0.0,0,0.0,0.0,3585000000.0,43209000000.0,46794000000.0,46794000000.0,0.0,365000000.0,766000000.0,2771000000.0,0.0565118081,2240000000.0,0.0456825876,-400000000.0,1840000000.0,0.0375249827,391000000.0,1408000000.0,0.0287147693,4.79,4.74,294058000,297131000,https://www.sec.gov/Archives/edgar/data/1739940/000173994023000025/0001739940-23-000025-index.htm,https://www.sec.gov/Archives/edgar/data/1739940/000173994023000025/ci-20230930.htm,166.74941678172334,4.788171041087132,9.610348978772896,8.239871045848098,32.4527814240728,155.635962973291,-106.67283325058322,155.38091124880123,107.13872773398444,84121172060.0,106764172060.0,14.936287652698864,1.7155682191948445,29.76686909412597,34.71777633512175,1.8410884432382744,1.8410884432382744,2.1773498401109435,38.529112977264525,37.7792540905874,44.062803161370205,0.01673776013244,0.0288036880688226,0.6815346567157646,0.2080924855491329,8.171418260555756,0.7335047493571899,6.136986301369863,1.950310559006211,0.0043033161704142,0.2571022727272727,0.0,0.0,0.5154465568512145,0.1426043878273177,0.0082187869641473,0.5261096605744126,0.0,129.38231540876404,0.016699485004544,0.019417743514777,-264.6272163994858,-12541000000.0,-31368000000.0,-69361000000.0,68517000000.0,18708000000.0,7872500000.0,4465000000.0,35.02610433576702,0.0,0.0,2.569512131216266,0.0,0.0,0.0308156967455297,1.3704779329247971,2023-11-02,6.66,bmo,48199900000.0,2025-04-25,2023-09-30,0.0165165165165164,285.1844444444444,1312213.7936507936
2023-06-30,CI,USD,1739940,2023-08-03,2023-08-03 10:36:35,2023,Q2,48612000000.0,0.0,0.0,0.0,0,0.0,0.0,3439000000.0,42952000000.0,46391000000.0,46391000000.0,0.0,363000000.0,755000000.0,2970000000.0,0.0610960257,2221000000.0,0.0456883074,-337000000.0,1884000000.0,0.0387558627,374000000.0,1460000000.0,0.0300337365,4.96,4.92,294512000,296879000,https://www.sec.gov/Archives/edgar/data/1739940/000173994023000020/0001739940-23-000020-index.htm,https://www.sec.gov/Archives/edgar/data/1739940/000173994023000020/ci-20230630.htm,165.05948823817027,4.95735318085511,8.46145488129516,7.113462269788667,35.506193296028684,154.5811376106916,-108.64752539794644,154.30610637257564,112.3757266257402,82640067200.0,105788067200.0,14.150696438356164,1.6999931539537565,33.16214574638845,39.44633279236277,1.8184633557046983,1.8184633557046983,2.176171875257138,35.618877845117844,42.45107030497592,50.49549747016707,0.0176669749852284,0.025350899037023,0.7202772582242271,0.2181414690711343,7.793939393939394,0.7331502798605978,6.118457300275482,1.6503311258278146,0.0043804417429128,0.247945205479452,0.0,0.0,0.5166406760232983,0.1593097913322632,0.0081667078087714,0.5258278145695364,0.0,131.19211871586543,0.0165857691844261,0.0201296015441886,-265.0630534579236,-12634000000.0,-31998000000.0,-69817000000.0,68774000000.0,18018500000.0,7716000000.0,4362500000.0,33.94161935324611,0.0,0.0,2.651611847488136,0.0,0.0,0.0321267466167895,1.3479926115064922,2023-08-03,6.02,bmo,47188100000.0,2025-04-25,2023-06-30,0.0182724252491694,260.4137096774194,1758467.0
2023-03-31,CI,USD,1739940,2023-05-05,2023-05-05 10:50:25,2023,Q1,46461000000.0,0.0,0.0,0.0,0,0.0,0.0,3550000000.0,40896000000.0,44446000000.0,44446000000.0,0.0,358000000.0,749000000.0,2763000000.0,0.0594692323,2015000000.0,0.0433697079,-414000000.0,1601000000.0,0.0344590086,295000000.0,1267000000.0,0.0272701836,4.28,4.24,295706000,298999000,https://www.sec.gov/Archives/edgar/data/1739940/000173994023000016/0001739940-23-000016-index.htm,https://www.sec.gov/Archives/edgar/data/1739940/000173994023000016/ci-20230331.htm,157.11889511880042,4.284661116108567,17.003374973791537,15.62362616923566,29.924993067438603,150.811955117583,-112.66934049359836,150.49407181457258,111.25915605364789,75561754180.0,100168754180.0,14.9095805406472,1.6263479946621897,15.028192955449482,16.35535804761905,1.6979406359264753,1.6979406359264753,2.1559749936505885,36.25362076728194,19.922186591089897,21.681548523809525,0.0167677420111476,0.0611420426925827,0.7312480337962339,0.2199140401146131,8.905899384726746,0.7160551791982471,5.628491620111732,3.849923430321593,0.0048701886820065,0.2904498816101026,0.0,0.0,0.5265245715521436,0.081145584725537,0.0087815587266739,0.5447263017356475,0.0,120.45066292240512,0.0154097933497049,0.0180837246478169,-267.6560502661427,-12700000000.0,-33317000000.0,-71353000000.0,69050000000.0,19832500000.0,7567500000.0,4494000000.0,34.294569639052106,0.0,0.0,2.624322187076367,0.0,0.0,0.0284706305334591,1.3797488045558763,2023-05-05,5.22,bmo,45534700000.0,2025-04-25,2023-03-31,0.0363984674329502,291.37225806451613,1788940.064516129
2022-12-31,CI,USD,1739940,2023-02-23,2023-02-23 13:11:26,2022,Q4,45759000000.0,0.0,0.0,0.0,0,0.0,0.0,3476000000.0,40534000000.0,44010000000.0,44010000000.0,0.0,324000000.0,735000000.0,2388000000.0,0.0521864551,1749000000.0,0.0382219891,-391000000.0,1358000000.0,0.029677222,136000000.0,1193000000.0,0.0260713739,3.91,3.83,305413000,305413000,https://www.sec.gov/Archives/edgar/data/1739940/000173994023000008/0001739940-23-000008-index.htm,https://www.sec.gov/Archives/edgar/data/1739940/000173994023000008/ci-20221231.htm,149.82662820508622,3.906186049709737,6.872660954183352,5.743043026983134,22.359886448841404,147.1810302770347,-109.20294813907724,146.92236414298017,102.86726498217168,101195543419.99998,126364543419.99998,21.206107170997484,2.2114893992438645,48.21131177703669,57.69415246294184,2.2552046581387053,2.2552046581387053,2.7615232723617207,52.91647546901172,60.20225984754644,72.043639350057,0.0117890567082445,0.0173327790999672,0.6929265466215011,0.2160256232109607,10.539782244556116,2.673662704309064,5.398148148148148,1.752086811352254,0.0033005406039846,0.2799664710813076,0.0,0.0,0.5440277353194564,0.1643639828489757,0.0075395004261456,0.4693877551020408,0.0057693568478332,113.63488463991976,0.015133536691603,0.0181779396303463,-239.97914299653257,18022000000.0,-33352000000.0,-70191000000.0,100099000000.0,19618000000.0,15660500000.0,4397000000.0,43.193470137022224,0.0,0.0,2.083648285597195,0.0,0.0,0.0265867356034943,1.1296179272002174,2023-02-03,4.86,bmo,45878886605.0,2025-04-25,2022-12-31,0.0205761316872427,316.42809523809524,1792347.0476190476
2022-09-30,CI,USD,1739940,2022-11-03,2022-11-03 10:36:39,2022,Q3,45199000000.0,0.0,0.0,0.0,0,0.0,0.0,3144000000.0,39913000000.0,43057000000.0,43057000000.0,0.0,304000000.0,726000000.0,4579000000.0,0.1013075511,2142000000.0,0.047390429,1349000000.0,3491000000.0,0.077236222,713000000.0,2757000000.0,0.0609969247,9.07,8.97,303854000,307517000,https://www.sec.gov/Archives/edgar/data/1739940/000173994022000025/0001739940-22-000025-index.htm,https://www.sec.gov/Archives/edgar/data/1739940/000173994022000025/ci-20220930.htm,148.75236133142892,9.073436584675536,10.804531123500102,9.692154784863783,25.87426856319153,148.53515175051177,-110.44448978785864,148.23237475893026,104.9253918000092,84310369380.00002,108809369380.00002,7.645118732317737,1.865314926878913,25.680892287541887,28.628308787775897,1.8718582931107213,1.8718582931107213,2.4073401929246225,23.76269259226905,33.14327425525435,36.9471542886248,0.0327006039740351,0.0349304601753839,0.7010945582913346,0.2189738504531617,5.350294824197423,1.1083450469778795,7.046052631578948,1.181785457163427,0.0040445795992549,0.1236851650344577,0.0,0.0,0.5456802280024131,0.1029546146816935,0.0074780415495918,0.465564738292011,0.0,173.9597185380793,0.0190160097392018,0.0420806813498786,-250.9404187537436,2929000000.0,-33559000000.0,-69113000000.0,85365000000.0,17782500000.0,23560000000.0,3899000000.0,34.39788490895816,0.0,0.0,2.61643994211288,0.0,0.0,0.0612108967385271,1.1123763386363188,2022-11-03,5.7,bmo,44773778091.0,2025-04-25,2022-09-30,0.0596491228070175,281.4078125,1992123.640625
2022-06-30,CI,USD,1739940,2022-08-04,2022-08-04 13:10:10,2022,Q2,45389000000.0,0.0,0.0,0.0,0,0.0,0.0,3251000000.0,39767000000.0,43018000000.0,43018000000.0,0.0,301000000.0,759000000.0,3100000000.0,0.0682984864,2371000000.0,0.0522373262,-390000000.0,1981000000.0,0.043644936,411000000.0,1557000000.0,0.0343034656,4.94,4.89,315122000,315122000,https://www.sec.gov/Archives/edgar/data/1739940/000173994022000019/0001739940-22-000019-index.htm,https://www.sec.gov/Archives/edgar/data/1739940/000173994022000019/ci-20220630.htm,144.03627801296005,4.940943507593884,3.9476774074802776,2.919504192027215,16.422211080153083,145.87048825534237,-105.09897753885797,145.63248519620973,106.88558716941375,83040949440.0,112000949440.0,13.33348578034682,1.8295390830377405,66.75317479099678,90.2619015652174,1.8094863906563232,1.8094863906563232,2.467579136795259,36.12933852903226,90.03291755627009,121.7401624347826,0.0187497856238383,0.0110788714026533,0.7273816787239606,0.2187053659175784,9.341935483870968,1.4409148665819569,7.877076411960133,0.7913486005089059,0.0042388725366673,0.2260757867694283,0.0,0.0,0.518155015396711,0.2604501607717042,0.0071382934191103,0.4268774703557312,0.0,127.24049021464016,0.019302971021607,0.0211709996736647,-272.529369577497,11451000000.0,-33119000000.0,-69241000000.0,94196000000.0,17146500000.0,22720500000.0,3640500000.0,36.26649628764679,0.0,0.0,2.4816293056314924,0.0,0.0,0.033927481914059,1.0281732154530627,2022-08-04,5.48,bmo,44486302758.0,2025-04-25,2022-06-30,0.1350364963503648,257.6701612903226,1654433.564516129
2022-03-31,CI,USD,1739940,2022-05-06,2022-05-06 10:38:37,2022,Q1,43684000000.0,0.0,0.0,0.0,0,0.0,0.0,3239000000.0,38257000000.0,41496000000.0,41496000000.0,0.0,299000000.0,717000000.0,2853000000.0,0.0653099533,2188000000.0,0.0500869884,-621000000.0,1567000000.0,0.0358712572,355000000.0,1197000000.0,0.0274013369,3.76,3.73,318487000,321282000,https://www.sec.gov/Archives/edgar/data/1739940/000173994022000012/0001739940-22-000012-index.htm,https://www.sec.gov/Archives/edgar/data/1739940/000173994022000012/ci-20220331.htm,137.16101442131077,3.758395162125927,6.373886532260343,5.4696110045307975,16.1859039772424,144.9478314656485,-104.72640955517808,144.70606335580416,105.13772932647171,76312670070.0,105074670070.0,15.938318728070175,1.7469249626865673,37.59244831034484,43.80750291044776,1.6558393922364223,1.6558393922364223,2.405335364664408,36.82953735366281,51.76092121674877,60.31840991389208,0.0156854687288757,0.0228271399546379,0.7200729055915985,0.2174562610575978,10.081317910970908,1.0874792013311148,7.317725752508361,1.6944908180300502,0.0046781222524717,0.2982456140350877,0.0,0.0,0.5210536662079811,0.141871921182266,0.0065928028568812,0.401673640167364,0.0,110.62055771895068,0.0191902793612346,0.016376621244459,-274.85815747581535,2103000000.0,-33354000000.0,-80303000000.0,85282000000.0,18049000000.0,14261000000.0,3611000000.0,32.970195037084515,0.0,0.0,2.7297381740923576,0.0,0.0,0.025972617006965,0.9042755277295462,2022-05-06,5.13,bmo,43375438799.0,2025-04-25,2022-03-31,0.1715399610136452,234.11483870967743,1737121.2096774194
2021-12-31,CI,USD,1739940,2022-02-24,2022-02-24 12:08:50,2021,Q4,45756000000.0,0.0,0.0,0.0,0,0.0,0.0,3408000000.0,40811000000.0,44219000000.0,44219000000.0,0.0,293000000.0,743000000.0,2001000000.0,0.0437319696,1537000000.0,0.033591223,-225000000.0,1312000000.0,0.0286738351,179000000.0,1116000000.0,0.0243902439,3.39,3.38,335166000,337579000,https://www.sec.gov/Archives/edgar/data/1739940/000173994022000007/0001739940-22-000007-index.htm,https://www.sec.gov/Archives/edgar/data/1739940/000173994022000007/ci-20211231.htm,136.51742718533504,3.329693345983781,12.754873704373356,11.847860463173472,17.90456072513322,140.77800254202396,-97.65011964220714,140.5631836164766,101.33187733839353,76964168580.0,105553168580.0,17.241077190860217,1.6820563113034357,18.0033142877193,19.381558443716948,1.6336425662251657,1.6336425662251657,2.306870543316724,52.75020918540729,24.690799667836256,26.58100442709645,0.0145002540869389,0.0515954381534358,0.7146799116997793,0.2173814796402585,14.28735632183908,7.615326086956522,5.2457337883959045,3.773168578993822,0.0042097511865306,0.2903225806451613,0.0,0.0,0.5159372195572313,0.0711111111111111,0.006643937407116,0.4091520861372812,0.005857155345747,102.61932901021508,0.008954103589348,0.0148847631241997,-252.9246701634414,60861000000.0,-32729000000.0,-37644000000.0,144769000000.0,20690000000.0,13509500000.0,3371000000.0,39.525963808025175,0.0,0.0,2.276984324458821,0.0,0.0,0.0236882322975038,0.907013241199883,2022-02-03,4.68,bmo,43913685088.0,2025-04-25,2021-12-31,0.0192307692307692,212.52015625,1881410.3125
2021-09-30,CI,USD,1739940,2021-11-04,2021-11-04 12:09:10,2021,Q3,44356000000.0,0.0,0.0,0.0,0,0.0,0.0,3101000000.0,38961000000.0,42062000000.0,42062000000.0,0.0,303000000.0,734000000.0,3015000000.0,0.0679727658,2294000000.0,0.0517179187,-235000000.0,2059000000.0,0.0464198756,424000000.0,1621000000.0,0.036545225,4.84,4.8,335166000,337579000,https://www.sec.gov/Archives/edgar/data/1739940/000173994021000024/0001739940-21-000024-index.htm,https://www.sec.gov/Archives/edgar/data/1739940/000173994021000024/ci-20210930.htm,132.3403925219145,4.836409421003324,6.322240322705763,5.277981656850635,14.491326685881026,141.67009780228304,-99.01959029257144,141.46721326148833,103.2771820530722,67086826560.0,97915826560.0,10.346518593460829,1.5124633997655337,31.65966331288344,37.92358765404183,1.4148861448908574,1.4148861448908574,2.207499020651096,32.47622771475954,46.208507107126,55.35094774448841,0.0241627169314714,0.0263688132336662,0.7236528524728462,0.2224426421870846,10.225207296849089,2.953830146963194,7.570957095709571,1.2960244648318042,0.0049189985116505,0.203578038247995,0.0,0.0,0.5229852642770549,0.1651722510618216,0.0078907024979709,0.4768392370572207,0.0,124.07397256101434,0.0136055597368933,0.022030443055178,-251.9266572385027,45069000000.0,-33188000000.0,-38632000000.0,129810000000.0,20930500000.0,20240500000.0,3031000000.0,43.188069257823074,0.0,0.0,2.0839088560018797,0.0,0.0,0.0341874934092586,1.0442586658551285,2021-11-04,5.23,bmo,42861600000.0,2025-04-25,2021-09-30,0.0956022944550669,217.4409375,2103669.65625
2021-06-30,CI,USD,1739940,2021-08-05,2021-08-05 12:19:00,2021,Q2,43190000000.0,0.0,0.0,0.0,0,0.0,0.0,3000000000.0,38043000000.0,41043000000.0,41043000000.0,0.0,298000000.0,731000000.0,2852000000.0,0.0660338041,2147000000.0,0.0497105812,-249000000.0,1898000000.0,0.0439453577,422000000.0,1467000000.0,0.0339661959,4.3,4.25,367396000,367396000,https://www.sec.gov/Archives/edgar/data/1739940/000173994021000017/0001739940-21-000017-index.htm,https://www.sec.gov/Archives/edgar/data/1739940/000173994021000017/ci-20210630.htm,117.5570773769992,3.992966717111781,-0.8056701760498209,-1.5079097213905432,13.952247710916833,132.73688336291087,-87.92420167884245,132.5790155581443,91.0080675891953,87098569720.0,116415569720.0,14.842973708248126,2.0166374095855524,-294.2519247297297,-157.2176348736462,1.7881412001888768,1.7881412001888768,2.695428796480667,40.81892346423562,-393.2958436486487,-210.1364074368231,0.0168429861100593,-0.0063606096148417,0.6803260177790552,0.214892968542284,10.27945301542777,3.1296595685712965,7.204697986577181,-0.2005420054200542,0.0039265857189095,0.2331288343558282,0.0,0.0,0.5257219192384263,-0.8716216216216216,0.0059736050011576,0.3529411764705882,0.0,109.13812771666964,0.0124516184142871,0.0200582468517986,-226.8968633300308,46105000000.0,-32303000000.0,-37686000000.0,131253000000.0,19669500000.0,19759500000.0,2980500000.0,42.87659180365825,0.0,0.0,2.099047433903577,0.0,0.0,0.0301176373976061,0.7022395453407223,2021-08-05,4.96,bmo,43107000000.0,2025-04-25,2021-06-30,0.0564516129032258,249.7673015873016,1596780.238095238
2021-03-31,CI,USD,1739940,2021-05-07,2021-05-07 10:10:40,2021,Q1,40972000000.0,0.0,0.0,0.0,0,0.0,0.0,3300000000.0,35715000000.0,39015000000.0,39015000000.0,0.0,314000000.0,715000000.0,2539000000.0,0.0619691497,1957000000.0,0.0477643269,-444000000.0,1513000000.0,0.0369276579,342000000.0,1161000000.0,0.0283364249,3.33,3.3,348248000,351976000,https://www.sec.gov/Archives/edgar/data/1739940/000173994021000011/0001739940-21-000011-index.htm,https://www.sec.gov/Archives/edgar/data/1739940/000173994021000011/ci-20210331.htm,117.6517883806942,3.333831062920677,3.138567917116537,2.443660839401806,22.920447497185915,138.44731340883507,-89.62865544095013,138.26066481358112,92.70979302106544,84185471520.0,109652471520.0,18.12779317829457,2.0547073982231767,77.0223893138152,98.92534843713278,1.7484365515379343,1.7484365515379343,2.6762782270819097,43.1872672390705,100.32248080512352,128.85131788484136,0.0137909781704338,0.0101086325779838,0.6640220980705726,0.2102300747627908,10.03032690035447,3.3859941431889324,6.232484076433121,0.9333902647309992,0.0040980942883718,0.2971576227390181,0.0,0.0,0.5222677389022955,0.2214089661482159,0.0059064727130723,0.3384615384615385,0.0,101.83858910329896,0.0114158066135867,0.0159798496985713,-230.7357113321541,47257000000.0,-31213000000.0,-36804000000.0,130798000000.0,18077000000.0,19113500000.0,3042000000.0,41.21522015034658,0.0,0.0,2.1836593295315248,0.0,0.0,0.0241126503146482,0.694907077714732,2021-05-07,4.42,bmo,37706262557.0,2025-04-25,2021-03-31,0.0701357466063349,222.89508196721312,1961551.6557377048
2020-12-31,CI,USD,1739940,2021-02-25,2021-02-25 12:24:42,2020,Q4,41879000000.0,0.0,0.0,0.0,0,0.0,0.0,3895000000.0,36639000000.0,40534000000.0,40534000000.0,0.0,337000000.0,713000000.0,6073000000.0,0.1450130137,1345000000.0,0.0321163352,4033000000.0,5378000000.0,0.128417584,1236000000.0,4135000000.0,0.0987368371,11.45,11.45,348248000,348248000,https://www.sec.gov/Archives/edgar/data/1739940/000173994021000007/0001739940-21-000007-index.htm,https://www.sec.gov/Archives/edgar/data/1739940/000173994021000007/ci-20201231.htm,120.25625416369944,11.873722175001722,12.330293354161402,11.414279478991984,33.059773494750864,144.6842480071673,-84.54032758264225,144.49759941191334,95.4951643656245,72498268640.0,95235268640.0,4.383208503022975,1.7311365753719048,16.883621015370284,18.23855814842767,1.440715976232587,1.440715976232587,2.2740578485637197,15.681750146550304,22.17868389380531,23.958558148427677,0.0570358448217971,0.0548288955662983,0.6541801633512847,0.211764478838991,3.7439486250617486,3.1572593360061263,3.991097922848665,1.036697247706422,0.0,0.0,0.0,0.0,0.5135187293745296,0.0742897065673032,0.0076171828362663,0.4474053295932679,0.0069008333532319,196.47849216482803,0.0075819030593963,0.0546784089706971,-226.6380567871172,47889000000.0,-29441000000.0,-34977000000.0,131921000000.0,18176500000.0,18345500000.0,2911000000.0,37.37410157835669,0.0,0.0,2.408084641481226,0.0,0.0,0.0821724528526857,0.9160138751694196,2021-02-04,3.66,bmo,43798980978.0,2025-04-25,2020-12-31,-0.0409836065573771,196.12890625,1917384.890625
2020-09-30,CI,USD,1739940,2020-11-05,2020-11-05 12:22:15,2020,Q3,40987000000.0,0.0,0.0,0.0,0,0.0,0.0,3207000000.0,35672000000.0,38879000000.0,38879000000.0,0.0,336000000.0,702000000.0,2799000000.0,0.0682899456,2108000000.0,0.0514309415,-304000000.0,1804000000.0,0.0440139556,406000000.0,1388000000.0,0.033864396,3.81,3.78,364427000,367190000,https://www.sec.gov/Archives/edgar/data/1739940/000173994020000021/0001739940-20-000021-index.htm,https://www.sec.gov/Archives/edgar/data/1739940/000173994020000021/ci-20200930.htm,112.4697127271031,3.80871889294701,2.45591023716684,1.7644137234617632,18.297217275339097,131.98253696899516,-88.02585977438554,131.80143073921525,99.66879512220554,61737578070.0,92379578070.0,11.11988077629683,1.5062721855710348,68.98053415642457,96.01489590979784,1.285342648026316,1.285342648026316,2.2538750840510406,33.004493772775994,103.21740566480447,143.66963930015552,0.0224822554332507,0.0104150506077667,0.7492088607594937,0.2248506660668316,10.947481243301178,3.057371992597162,6.273809523809524,0.6402002861230329,0.0,0.0,0.0,0.0,0.5009684836669915,0.2815642458100558,0.0061482909215116,0.358974358974359,0.0,106.27736582129168,0.0114897040931702,0.0173788924086293,-246.21666341956004,50025000000.0,-32079000000.0,-37606000000.0,134405000000.0,18614500000.0,17567500000.0,2684500000.0,41.637104447751724,0.0,0.0,2.1615335935027957,0.0,0.0,0.0288974017321785,0.6914965137050767,2020-11-05,4.24,bmo,39376235827.0,2025-04-25,2020-09-30,0.0400943396226414,176.013125,1950723.28125
2020-06-30,CI,USD,1739940,2020-08-06,2020-08-06 07:43:10,2020,Q2,39303000000.0,0.0,0.0,0.0,0,0.0,0.0,3295000000.0,33369000000.0,36664000000.0,36664000000.0,0.0,374000000.0,694000000.0,3189000000.0,0.0811388444,2639000000.0,0.0671450017,-350000000.0,2289000000.0,0.058239829,529000000.0,1754000000.0,0.0446276366,4.77,4.73,367396000,367396000,https://www.sec.gov/Archives/edgar/data/1739940/000173994020000017/0001739940-20-000017-index.htm,https://www.sec.gov/Archives/edgar/data/1739940/000173994020000017/ci-20200630.htm,106.97721259893956,4.774140164835763,8.911365393199707,8.214569565264728,22.795566636544763,129.02971180960054,-89.75601258587464,128.92355932018856,100.43114241853478,68941859400.0,98280859400.0,9.826376767388826,1.7541118845889627,21.057379169211977,22.843558449304176,1.4555136469197316,1.4555136469197316,2.500594341398876,30.81870787080589,30.01858869883934,32.5648970841617,0.0254417274971263,0.0437760168679175,0.7711016340835198,0.2288069762197108,9.200062715584822,3.3517416776420363,7.05614973262032,1.8602272727272728,0.0002175746365204,0.008551881413911,0.0,0.0,0.5035520084195755,0.078191814294441,0.0065134976973767,0.3688760806916426,0.0,117.68063014677568,0.0142534939824464,0.0221333299683268,-241.6785974806476,51783000000.0,-32976000000.0,-38421000000.0,136419000000.0,15001000000.0,16825500000.0,2638500000.0,41.829631325852986,0.0,0.0,2.1515848250944325,0.0,0.0,0.0370307815732804,0.6967958279349803,2020-07-30,5.15,bmo,34606936316.0,2025-04-25,2020-06-30,0.128155339805825,189.71873015873015,1790681.507936508
2020-03-31,CI,USD,1739940,2020-05-07,2020-05-07 07:19:15,2020,Q1,38381000000.0,0.0,0.0,0.0,0,0.0,0.0,3263000000.0,33057000000.0,36320000000.0,36320000000.0,0.0,391000000.0,693000000.0,2416000000.0,0.0629478127,2061000000.0,0.0536984445,-664000000.0,1397000000.0,0.0363982179,208000000.0,1181000000.0,0.0307704333,3.19,3.15,370440000,370440000,https://www.sec.gov/Archives/edgar/data/1739940/000173994020000012/0001739940-20-000012-index.htm,https://www.sec.gov/Archives/edgar/data/1739940/000173994020000012/ci-20200331.htm,103.60922146636432,3.188100637080229,5.093942338840298,4.373177842565598,14.64474678760393,121.80380088543352,-96.16942014901198,121.69042220062629,99.5518842457618,65634559200.0,97669559200.0,13.89385249788315,1.7100794455590005,34.78249030206677,40.51516,1.455989689212272,1.455989689212272,2.544737218936453,40.42614205298013,51.75917286698464,60.28985135802469,0.0179935694608885,0.0246821189895337,0.8094012733201712,0.2358397269748111,13.259519867549669,0.3981919709064648,5.271099744245524,1.5870479394449115,0.0002257591150242,0.0125466553767993,0.0,0.0,0.5219150545210102,0.1414944356120826,0.0069565670514056,0.3852813852813853,0.0,93.42981072574491,0.0215210374631468,0.0159670114243223,-253.97162833387324,-46666000000.0,-35625000000.0,-78713000000.0,38397000000.0,11225500000.0,15963000000.0,2613000000.0,27.517521690419738,0.0,0.0,3.270643374520665,0.0,0.0,0.0261984516071785,0.7207644962747004,2020-04-30,4.44,bmo,35291577825.0,2025-04-25,2020-03-31,0.0563063063063063,193.9858064516129,2813556.2580645164
2019-12-31,CI,USD,1739940,2020-02-27,2020-02-27 15:25:39,2019,Q4,38338000000.0,0.0,0.0,0.0,0,0.0,0.0,3564000000.0,33213000000.0,36777000000.0,36777000000.0,0.0,391000000.0,927000000.0,2486000000.0,0.0648442798,1561000000.0,0.0407167823,-300000000.0,1261000000.0,0.032891648,277000000.0,977000000.0,0.0254838541,2.6,0.0,0,370440000,https://www.sec.gov/Archives/edgar/data/1739940/000173994020000006/0001739940-20-000006-index.htm,https://www.sec.gov/Archives/edgar/data/1739940/000173994020000006/ci-20191231.htm,0.0,0.0,0.0,0.0,0.0,0.0,0.0,0.0,0.0,0.0,32788000000.0,0.0,0.0,0.0,0.0,0.0,0.0,0.8552350148677552,13.189058728881738,11.73934837092732,13.20499395892066,,0.0,0.825069478141956,0.2401363513808466,13.189058728881738,0.379688056587451,3.992327365728901,2.838414634146341,,0.0,0.0,0.0,0.5210368867718618,0.1109917651271034,0.0080859721425217,0.3344120819848975,0.0077990505503677,,0.014731990720065,0.0130947594156279,0.0,-48759000000.0,-35785000000.0,-80550000000.0,36822000000.0,11217500000.0,15451500000.0,2410500000.0,25.156241848818404,0.0,0.0,3.5776409107876077,0.0,0.0,0.0215492522828532,0.0,2020-02-06,4.19,bmo,36922969837.0,2025-04-25,2019-12-31,0.0286396181384246,183.344375,1975046.578125
2019-09-30,CI,USD,1739940,2019-10-31,2019-10-31 12:54:25,2019,Q3,38607000000.0,0.0,0.0,0.0,0,0.0,0.0,3345000000.0,33139000000.0,36484000000.0,36484000000.0,0.0,411000000.0,913000000.0,3036000000.0,0.0786385889,2123000000.0,0.0549900277,-360000000.0,1763000000.0,0.0456652939,409000000.0,1351000000.0,0.034993654,3.6,3.57,374842000,374842000,https://www.sec.gov/Archives/edgar/data/1739940/000173994019000012/0001739940-19-000012-index.htm,https://www.sec.gov/Archives/edgar/data/1739940/000173994019000012/ci-20190930.htm,102.99539539325905,3.604185230043591,6.56543290239621,5.9171597633136095,15.868019058696731,119.3382811958105,-98.2093788849702,119.2395729400654,104.48135481082696,56897267180.0,91073267180.0,10.528731898593634,1.4737552044965938,23.119572198293376,25.65251,1.2729834253624486,1.2729834253624486,2.358983271945502,29.997782338603425,37.00660998780983,41.06098610459874,0.0237445499047604,0.03898254011011,0.8670350814390549,0.250266391986929,11.256916996047432,0.2778900937327697,5.1654501216545015,1.8175775480059084,0.0,0.0,0.0,0.0,0.5266230537239985,0.0987403494514425,0.0062941953531742,0.2661555312157722,0.0,98.33429677184868,0.0195482839434856,0.0184308536036343,-251.5639922954205,-55006000000.0,-36813000000.0,-88946000000.0,30988000000.0,11709500000.0,15636500000.0,2229000000.0,27.319139016240577,0.0,0.0,3.2943937196006483,0.0,0.0,0.0302264184714515,0.6482731390826001,2019-10-31,4.36,bmo,36692185022.0,2025-04-25,2019-09-30,0.0412844036697247,162.7478125,2103472.953125
2019-06-30,CI,USD,1739940,2019-08-01,2019-08-01 13:26:58,2019,Q2,38842000000.0,0.0,0.0,0.0,0,0.0,0.0,3160000000.0,33519000000.0,36679000000.0,36679000000.0,0.0,428000000.0,914000000.0,2841000000.0,0.0731424746,2163000000.0,0.0556871428,-405000000.0,1758000000.0,0.0452602853,348000000.0,1408000000.0,0.0362494207,3.73,3.7,377962000,377962000,https://www.sec.gov/Archives/edgar/data/1739940/000173994019000007/0001739940-19-000007-index.htm,https://www.sec.gov/Archives/edgar/data/1739940/000173994019000007/ci-20190630.htm,102.76694482514117,3.7252422201173663,2.748953598509903,1.9472857059704416,13.956429482328913,116.01430831670908,-101.37791629846387,115.92435218355284,104.8332901191125,60001467500.0,95586467500.0,10.653669655539773,1.5447574146542402,57.7492468719923,81.52373301630435,1.3694275362318842,1.3694275362318842,2.460904883888574,33.64535990848293,91.9985250240616,129.87291779891305,0.0234660927251487,0.0122663666517823,0.8945566586785347,0.2538519828239454,12.525519183386132,0.2807200661506554,5.053738317757009,0.7368794326241135,0.0,0.0,0.0,0.0,0.5321597658046257,0.2916265640038498,0.007800834148602,0.3315098468271334,0.0,98.57251924148704,0.0209111322236184,0.0194919360420848,-252.2819754366841,-53062000000.0,-38317000000.0,-89843000000.0,33642000000.0,11320500000.0,15773500000.0,2340000000.0,27.109829565933783,0.0,0.0,3.31982905982906,0.0,0.0,0.0321351135455894,0.8016678925394617,2019-08-01,3.74,bmo,33467781395.0,2025-04-25,2019-06-30,0.1203208556149733,156.71253968253967,2565073.793650794
2019-03-31,CI,USD,1739940,2019-05-02,2019-05-02 14:39:36,2019,Q1,37956000000.0,0.0,0.0,0.0,0,0.0,0.0,3192000000.0,32534000000.0,35726000000.0,35726000000.0,0.0,452000000.0,897000000.0,2991000000.0,0.0788017705,2230000000.0,0.0587522394,-442000000.0,1788000000.0,0.0471071767,416000000.0,1368000000.0,0.0360417325,3.61,3.56,379387000,379387000,https://www.sec.gov/Archives/edgar/data/1739940/000110465919026396/0001104659-19-026396-index.htm,https://www.sec.gov/Archives/edgar/data/1739940/000110465919026396/a19-9011_110q.htm,100.04559987558878,3.605816751760076,8.41357242077351,7.902221214749056,17.496645905104813,111.89366003579458,-106.55083068212669,111.78031930456235,107.90564779499562,61411373690.0,96921373690.0,11.222838759137426,1.617962211244599,19.239152158521303,20.484113972648437,1.4481082269854746,1.4481082269854746,2.5535191719359256,32.404337576061515,30.363838875313284,32.32867701467645,0.0222760039028855,0.0488183184947739,0.9546783625730996,0.2623033664187421,11.87228351721832,0.2839448123916869,4.933628318584071,2.326530612244898,0.0002471118799036,0.0110931871345029,0.0,0.0,0.5369360147199834,0.0607769423558897,0.0051111813678996,0.2162764771460423,0.0,95.23043277741274,0.0206544993899835,0.0191400948609964,-252.6766863387517,-53301000000.0,-40424000000.0,-90761000000.0,34097000000.0,13460500000.0,15350500000.0,1191000000.0,25.94293392349036,0.0,0.0,3.469152728269811,0.0,0.0,0.032258064516129,0.5113512060244553,2019-05-02,3.73,bmo,35961025641.0,2025-04-25,2019-03-31,0.0455764075067023,182.62901639344264,2809340.0655737706
2018-12-31,CI,USD,1739940,2019-02-28,2019-02-28 16:54:00,2018,Q4,14255000000.0,0.0,0.0,0.0,0,0.0,0.0,2694000000.0,11002000000.0,13696000000.0,13696000000.0,0.0,0.0,257000000.0,816000000.0,0.0572430726,559000000.0,0.0392143108,-331000000.0,228000000.0,0.0159943879,81000000.0,144000000.0,0.0101017187,0.55,0.0,0,242577000,https://www.sec.gov/Archives/edgar/data/1739940/000104746919000792/0001047469-19-000792-index.htm,https://www.sec.gov/Archives/edgar/data/1739940/000104746919000792/a2237767z10-k.htm,0.0,0.0,0.0,0.0,0.0,0.0,0.0,0.0,0.0,0.0,38623000000.0,0.0,0.0,0.0,0.0,0.0,0.0,2.709435285864609,47.33210784313726,306.531746031746,-689.6964285714286,,0.0,1.0353417178512236,0.2772244919269576,47.33210784313726,3.6151584086999935,0.0,0.8571428571428571,,0.0,0.0,0.0,0.5449988905277172,1.4444444444444444,0.0127674500175377,0.708171206225681,0.0126271483689933,,0.0026064573837414,0.0020654637252933,0.0,47133000000.0,-42436000000.0,-46998000000.0,135203000000.0,12684500000.0,12782000000.0,0.0,100.89091546825676,0.0,0.0,0.8920525657071339,0.0,0.0,0.0035097981866042,0.0,2019-02-01,2.53,bmo,14019380165.0,2025-04-25,2018-12-31,-0.0276679841897232,208.6152380952381,2709250.1904761903
2018-09-30,CI,USD,1739940,2018-09-30,2018-09-29 20:00:00,2018,Q3,11457000000.0,0.0,0.0,0.0,0,0.0,0.0,2871000000.0,7454000000.0,10325000000.0,10325000000.0,0.0,99000000.0,162000000.0,1294000000.0,0.1129440517,1132000000.0,0.0988042245,-99000000.0,1033000000.0,0.090163219,259000000.0,772000000.0,0.0673823863,3.18,3.14,242577000,242577000,,,47.23036396690535,3.182494630570912,2.5723790796324466,2.0529563808605102,99.49005882668185,64.24764095524307,38.98143682212246,64.1239688841069,103.67429723345576,51166766610.0,52184766610.0,16.569548772668394,4.465982945797329,81.99802341346154,102.74451126506024,3.289409618129219,3.289409618129219,4.554836921532687,40.328258585780524,83.6294336698718,104.78868797188755,0.0150879184116574,0.009732880011665,1.6104146576663452,0.3019673079704904,0.7867078825347759,7.164969062351261,11.434343434343434,0.8062015503875969,0.0,0.0,0.0,0.0,0.0738825401417619,0.2019230769230769,0.0109976433621366,0.7777777777777778,0.0,67.76185652675659,0.0117040130535101,0.010048550639749,-149.21138442638832,64763000000.0,9456000000.0,7897000000.0,72451000000.0,9339000000.0,10453500000.0,0.0,73.75490966221524,0.0,0.0,1.2202577484290127,0.0,0.0,0.049630343940855,0.5194226987719364,2018-11-01,3.44,bmo,10124790697.0,2025-04-25,2018-09-30,0.1162790697674418,185.37920634920636,2624915.111111111
2018-06-30,CI,USD,1739940,2018-06-30,2018-06-29 20:00:00,2018,Q2,11477000000.0,0.0,0.0,0.0,0,0.0,0.0,2704000000.0,7612000000.0,10316000000.0,10316000000.0,0.0,56000000.0,136000000.0,1297000000.0,0.1130086259,1161000000.0,0.1011588394,-59000000.0,1102000000.0,0.0960181232,294000000.0,806000000.0,0.0702274113,3.32,3.29,242453000,244984802,,,47.3370096472306,3.324355648311219,4.103888176265091,3.621320420865074,15.895864353091117,60.96851760959856,35.61515015281312,60.80766169113189,22.1073775123426,41204887350.0,42874887350.0,12.78067225496278,3.5902141108303565,41.41194708542713,46.93039561503417,2.7948780675574847,2.7948780675574847,3.7357225189509458,33.056967887432535,43.09033904522613,48.832445728929386,0.01956078639783,0.0213081519321275,0.3597639557756223,0.0840543881334981,1.287586738627602,5.266254752851711,20.732142857142858,1.2314356435643563,0.0,0.0,0.0,0.0,0.0974137111343539,0.1175879396984924,0.0101943016467718,0.8602941176470589,0.0,67.44102316898092,0.0161556912590512,0.0141515231322974,-154.66605898875247,44881000000.0,8635000000.0,7081000000.0,52582000000.0,9344500000.0,10580500000.0,0.0,72.8422061514333,0.0,0.0,1.2355474216815587,0.0,0.0,0.054670012887472,0.4825677554000157,2018-08-02,3.21,bmo,9546933933.0,2025-04-25,2018-06-30,0.2118380062305296,173.10390625,1954708.890625
2018-03-31,CI,USD,1739940,2018-03-31,2018-03-30 20:00:00,2018,Q1,11380000000.0,0.0,0.0,0.0,0,0.0,0.0,2682000000.0,7390000000.0,10072000000.0,10072000000.0,0.0,57000000.0,140000000.0,1448000000.0,0.1272407733,1308000000.0,0.1149384886,-90000000.0,1218000000.0,0.107029877,301000000.0,915000000.0,0.0804042179,3.78,3.72,242179000,245788000,,,46.990036295467405,3.778197118660165,8.361583787198725,7.936278537775777,12.45359837145252,58.81599973573266,33.338976542144444,58.61367005396835,22.124131324351,40623105460.0,43153105460.0,11.099209142076504,3.5696929226713534,20.06079281975309,21.1358509157128,2.861789747094047,2.861789747094047,3.792012782073814,29.80186841160221,21.31017553580247,22.45218806451613,0.0225241273319432,0.0473129756633824,0.3734413525889398,0.0839549579512519,1.7472375690607735,5.103038674033149,22.94736842105263,2.208287895310796,0.0002384642899725,0.0105870601092896,0.0,0.0,0.0977178061798197,0.0508641975308642,0.0090509666080843,0.7357142857142858,0.0,70.58834878731771,0.0187963318258795,0.0160608028646153,-160.3400790324512,44559000000.0,8074000000.0,6522000000.0,52281000000.0,9413000000.0,5619500000.0,0.0,74.34094903339191,0.0,0.0,1.2106382978723405,0.0,0.0,0.064459316660796,0.4253052494229475,2018-05-03,3.44,bmo,8963008849.0,2025-04-25,2018-03-31,0.1947674418604652,194.34262295081967,2461743.196721312
2017-12-31,CI,USD,1739940,2017-12-31,2017-12-30 19:00:00,2017,Q4,10655000000.0,0.0,0.0,0.0,0,0.0,0.0,9903000000.0,-3190000000.0,6713000000.0,6713000000.0,0.0,0.0,141000000.0,4083000000.0,0.3832003754,3942000000.0,0.3699671516,-3184000000.0,758000000.0,0.0711403097,491000000.0,266000000.0,0.0249648053,1.07,0.0,0,249242000,,,0.0,0.0,0.0,0.0,0.0,0.0,0.0,0.0,0.0,0.0,2467000000.0,0.0,0.0,0.0,0.0,0.0,0.0,0.2315344908493665,0.6042125887827577,4.290434782608696,5.556306306306307,,0.0,0.395995631598107,0.0880766926303175,0.6042125887827577,5.253058029161366,0.0,2.153558052434457,,0.0,0.0,0.0,0.1054037860508801,0.2278260869565217,0.0122946973251994,0.9290780141843972,0.0167057719380572,,0.0268146089855285,0.0048150025342118,0.0,43462000000.0,7275000000.0,5712000000.0,51534000000.0,9447500000.0,5037000000.0,0.0,79.61895823557015,0.0,0.0,1.1303840441332484,0.0,0.0,0.0193665817255187,0.0,2018-02-01,1.87,bmo,10252402116.0,2025-04-25,2017-12-31,0.0374331550802138,199.0233333333333,1335717.6984126985
2017-09-30,CI,USD,1739940,2017-09-30,2017-09-29 20:00:00,2017,Q3,10489000000.0,0.0,0.0,0.0,0,0.0,0.0,16000000.0,0.0,16000000.0,16000000.0,0.0,0.0,139000000.0,10612000000.0,1.0117265707,10473000000.0,0.9984745924,-9649000000.0,824000000.0,0.0785584898,262000000.0,560000000.0,0.0533892649,2.25,2.21,249242000,253410000,,,42.08359746752153,2.2468123349997198,4.955023631651167,4.369247558597668,15.370603670328435,56.96070485712681,32.88370338867446,56.75207228316255,21.45705779924732,46593299480.0,48285299480.0,20.800580125,4.442110733149013,37.727368,42.78539897153352,3.293976633439378,3.293976633439378,4.603422583659071,4.550065914059555,39.09740848582996,44.33911797979798,0.0120188955547219,0.023372459391236,0.3780841286673736,0.0863471971066907,0.159442140972484,5.594180546987456,0.0,2.197508896797153,0.0,0.0,0.0,0.0,0.0968903384138465,0.1182186234817813,0.0139193440747449,1.0503597122302155,0.0,53.563077403736045,0.1364442459255143,0.0100116206310896,-147.67274375907752,44683000000.0,8196000000.0,6670000000.0,52210000000.0,9595000000.0,9517000000.0,0.0,81.24797406807131,0.0,0.0,1.1077199281867145,0.0,0.0,0.0395899611170024,0.5857760730534982,2017-11-02,2.36,bmo,8314398305.0,2025-04-25,2017-09-30,0.1991525423728814,178.05174603174603,1214126.1587301588
2017-06-30,CI,USD,1739940,2017-06-30,2017-06-29 20:00:00,2017,Q2,10425000000.0,0.0,0.0,0.0,0,0.0,0.0,0.0,0.0,0.0,0.0,0.0,0.0,140000000.0,10565000000.0,1.0134292566,10425000000.0,1.0,-9291000000.0,1134000000.0,0.1087769784,324000000.0,813000000.0,0.0779856115,3.2,3.15,254087000,254087000,,,41.02925375953905,3.199691444269089,2.743154903635369,2.33778194083129,14.754788714101863,57.48031186168517,33.86635286338931,57.24810793153526,18.745547784813866,42531622930.0,43683622930.0,13.078604837023368,4.079771983693045,61.02097981348637,71.6020588047138,2.9239394287089238,2.9239394287089238,4.190275580815348,4.134748975863701,62.673777517934006,73.54145274410774,0.0191151887464549,0.0139660788627235,0.327443970851093,0.0771485956785124,0.1090392806436346,5.6547445255474456,0.0,0.8604938271604938,0.0,0.0,0.0,0.0,0.097184878032978,0.1477761836441893,0.0098800959232613,0.7357142857142858,0.0,64.19864738337834,0.1424090835821792,0.0145860992500627,-142.050754269207,44639000000.0,8605000000.0,7096000000.0,52148000000.0,9630500000.0,9443000000.0,0.0,83.92230215827338,0.0,0.0,1.072420532866989,0.0,0.0,0.0558916540629726,0.4053729628040789,2017-08-04,2.48,bmo,8528991935.0,2025-04-25,2017-06-30,0.1733870967741936,160.66619047619048,1446551.8412698412
2017-03-31,CI,USD,1739940,2017-03-31,2017-03-30 20:00:00,2017,Q1,10474000000.0,0.0,0.0,0.0,0,0.0,0.0,0.0,0.0,0.0,0.0,0.0,0.0,146000000.0,10620000000.0,1.0139392782,10474000000.0,1.0,-9584000000.0,890000000.0,0.0849723124,297000000.0,598000000.0,0.057093756,2.34,2.3,245788000,259774000,,,42.6139599980471,2.432991032922682,6.424235520041662,6.053997754162124,18.137581981219583,58.11919214933194,33.78114472634954,57.87914788354191,19.378488778947712,36005484120.0,36613484120.0,15.05245991638796,3.4376058926866526,22.802713185560485,24.197233951612905,2.530963315056938,2.530963315056938,3.495654393736872,3.447597374764595,23.18776701709943,24.605836102150537,0.0166085810152411,0.0413270377101653,0.3348095037255729,0.0778942548285279,0.0572504708097928,5.600375822110868,0.0,2.662731871838111,0.0002730561813093,0.016440668896321,0.0,0.0,0.0978298199421067,0.0576314122862571,0.0086881802558716,0.6232876712328768,0.0,56.28887612452325,0.1349592693913115,0.0108402066527689,-143.41220889547088,44067000000.0,8303000000.0,6784000000.0,51568000000.0,9547500000.0,9191500000.0,0.0,81.97441283177392,0.0,0.0,1.0979035639412995,0.0,0.0,0.0420357092647265,0.3702377658795384,2017-05-05,2.45,bmo,9028591836.0,2025-04-25,2017-03-31,0.1306122448979591,147.36161290322582,1390205.5
2016-12-31,CI,USD,1739940,2016-12-31,2016-12-30 19:00:00,2016,Q4,9944000000.0,0.0,0.0,0.0,0,0.0,0.0,0.0,0.0,0.0,0.0,0.0,0.0,150000000.0,10094000000.0,1.015084473,9944000000.0,1.0,-9339000000.0,605000000.0,0.060840708,231000000.0,382000000.0,0.0384151247,1.47,0.0,0,255519000,,,0.0,0.0,0.0,0.0,0.0,0.0,0.0,0.0,0.0,0.0,1847000000.0,0.0,0.0,0.0,0.0,0.0,0.0,0.1857401448109412,0.1829799881117495,1.940126050420168,2.165298944900352,,0.0,0.366683669751512,0.0847708894878706,0.1829799881117495,5.575797007156799,0.0,2.5454545454545454,,0.0,0.0,0.0,0.1078840970350404,0.1039915966386554,0.0099557522123893,0.66,0.0128720836685438,,0.1219343833062244,0.0072135357655412,0.0,42198000000.0,7381000000.0,5845000000.0,50138000000.0,9835500000.0,8935000000.0,0.0,86.47928399034593,0.0,0.0,1.0407116692830978,0.0,0.0,0.0278364789040297,0.0,2017-02-02,1.74,bmo,9201057471.0,2025-04-25,2016-12-31,0.0747126436781609,130.8501587301587,1253947.761904762
2016-09-30,CI,USD,1739940,2016-09-30,2016-09-29 20:00:00,2016,Q3,9880000000.0,0.0,0.0,0.0,0,0.0,0.0,0.0,0.0,0.0,0.0,0.0,0.0,150000000.0,10030000000.0,1.0151821862,9880000000.0,1.0,-9138000000.0,742000000.0,0.0751012146,290000000.0,456000000.0,0.0461538462,1.78,1.76,255519000,259754000,,,38.666400541642695,1.7846031019219706,7.349746985547063,6.9270778298287015,16.519319502659293,54.98612627632387,31.47711129113686,54.68869242600355,19.767610236420776,33299236080.0,35126236080.0,18.256160131578948,3.370368024291498,17.731222619808307,18.81312772881356,2.3829423271790464,2.3829423271790464,3.555287052631579,3.502117256231306,18.70406607028754,19.84533111864407,0.0136940078416357,0.0531543725431913,0.3614569915557464,0.0831276126526447,0.1821535393818544,5.785100598151169,0.0,4.154867256637168,0.0,0.0,0.0,0.0,0.0988611303117079,0.0575079872204472,0.0109311740890688,0.72,0.0,46.86092432111008,0.1161029452215272,0.008328006574742,-136.60040936290451,43999000000.0,8043000000.0,6482000000.0,51567000000.0,10575000000.0,9035000000.0,0.0,92.1497975708502,0.0,0.0,0.9766706207987348,0.0,0.0,0.0326320309145556,0.4226691557183614,2016-11-03,1.91,bmo,9724816753.0,2025-04-25,2016-09-30,0.0157068062827225,130.56578125,1614606.203125
2016-06-30,CI,USD,1739940,2016-06-30,2016-06-29 20:00:00,2016,Q2,9960000000.0,0.0,0.0,0.0,0,0.0,0.0,0.0,0.0,0.0,0.0,0.0,0.0,152000000.0,0.0,0.0,9960000000.0,1.0,-9147000000.0,813000000.0,0.081626506,310000000.0,510000000.0,0.0512048193,2.0,1.97,255381000,259500000,,,39.00055211624984,1.997016222820022,1.1825468613561698,0.6265148934337323,11.445643959417495,52.60767245801371,29.046796746821418,52.29833072938081,19.92708932927665,32686214190.0,35321214190.0,16.022654014705882,3.2817484126506025,108.2324973178808,204.2888386875,2.447305644654088,2.447305644654088,3.5463066455823293,0.0,116.9576628807947,220.7575886875,0.0156029082179859,0.004895030029172,0.3810272536687631,0.0855207878197156,0.0,5.4978827016726655,0.0,0.6003976143141153,0.0,0.0,0.0,0.0,0.1011158538634759,0.4701986754966887,0.0142570281124498,0.9342105263157896,0.0,48.47590984284935,0.1223632649352704,0.0095346706799528,-136.55087888292394,42487000000.0,7418000000.0,5862000000.0,50060000000.0,10857500000.0,9269000000.0,0.0,99.70481927710844,0.0,0.0,0.9026644915715064,0.0,0.0,0.0381850853548966,0.5560319679224375,2016-07-29,2.39,bmo,11668619246.0,2025-04-25,2016-06-30,-0.1715481171548117,132.02234375,1551258.25
2016-03-31,CI,USD,1739940,2016-03-31,2016-03-30 20:00:00,2016,Q1,9884000000.0,0.0,0.0,0.0,0,0.0,0.0,0.0,0.0,0.0,0.0,0.0,0.0,158000000.0,0.0,0.0,9884000000.0,1.0,-9065000000.0,819000000.0,0.0828611898,305000000.0,519000000.0,0.0525091056,2.04,2.0,254822000,259447000,,,38.78785976093116,2.036715825164232,3.508331305774227,3.068808815565375,11.247066579808653,50.062396496377865,26.402743876117448,49.74060324461781,20.367158251642323,34971771280.0,37760771280.0,16.84574724470135,3.538220485633347,39.11831239373602,44.72093514066496,2.759114104930967,2.759114104930967,3.820393694860381,0.0,42.23799919463087,48.28743130434783,0.0148405408420593,0.0223608919816771,0.4094674556213017,0.0881393927042999,0.0,5.241650495352875,0.0,1.7392996108949417,0.0002914602156805,0.0196394605009633,0.0,0.0,0.1023877453977311,0.1252796420581655,0.0113314447592068,0.7088607594936709,0.0,47.743252508437145,0.1253363230248383,0.0098193169993378,-138.33283625432654,41530000000.0,6728000000.0,5194000000.0,49093000000.0,10594000000.0,9120000000.0,0.0,97.25718332658842,0.0,0.0,0.9253815185844022,0.0,0.0,0.0409467455621301,0.4395224902088516,2016-05-06,2.15,bmo,9102474418.0,2025-04-25,2016-03-31,0.0790697674418604,137.32245901639345,1317126.3770491802
2015-12-31,CI,USD,1739940,2015-12-31,2015-12-30 19:00:00,2015,Q4,9528000000.0,0.0,0.0,0.0,0,0.0,0.0,0.0,0.0,0.0,0.0,0.0,0.0,134000000.0,0.0,0.0,9528000000.0,1.0,-8869000000.0,659000000.0,0.0691645676,241000000.0,426000000.0,0.0447103275,1.64,0.0,0,256070000,,,0.0,0.0,0.0,0.0,0.0,0.0,0.0,0.0,0.0,0.0,3201000000.0,0.0,0.0,0.0,0.0,0.0,0.0,0.3359571788413098,0.0,3.2074148296593186,3.788165680473373,,0.0,0.4294972995429996,0.0905444226457399,0.0,5.442591975102812,0.0,2.38755980861244,,0.0,0.0,0.0,0.1153832679372197,0.1533066132264529,0.0160579345088161,1.1417910447761197,0.0116498740554156,,0.1252810303565631,0.0084354765252173,0.0,39970000000.0,5526000000.0,3992000000.0,48091000000.0,10578500000.0,8880500000.0,0.0,99.24748110831234,0.0,0.0,0.9068240220805176,0.0,0.0,0.0353967594515995,0.0,2016-02-04,1.8,bmo,9157466666.0,2025-04-25,2015-12-31,0.0388888888888889,137.4459375,1523477.390625
2015-09-30,CI,USD,1739940,2015-09-30,2015-09-29 20:00:00,2015,Q3,9389000000.0,0.0,0.0,0.0,0,0.0,0.0,0.0,0.0,0.0,0.0,0.0,0.0,149000000.0,0.0,0.0,9389000000.0,1.0,-8511000000.0,878000000.0,0.0935136862,334000000.0,547000000.0,0.0582596656,2.14,2.1,256070000,260519000,,,36.66575545749209,2.1361346506814543,2.382161127816613,1.948685906197524,9.66532588745265,46.292029523177256,22.70472917561604,45.97961494903737,20.326473229976177,34574571400.0,37398571400.0,15.801906489945155,3.6824551496432,56.67962524590164,69.28771823647294,2.936518719211823,2.936518719211823,3.983232655234849,0.0,61.30913344262295,74.94703687374749,0.0158208758012254,0.014432572257425,0.4420757601494819,0.0914618074469767,0.0,5.449790333259766,0.0,1.1213235294117647,0.0,0.0,0.0,0.0,0.1061343548472122,0.1819672131147541,0.0118223452976887,0.7449664429530202,0.0,47.009781919794825,0.1212044815427861,0.0107531109320018,-135.09001444917405,40324000000.0,5814000000.0,4331000000.0,47847000000.0,10730500000.0,9015500000.0,0.0,102.08754925977208,0.0,0.0,0.8815962441314554,0.0,0.0,0.0464582979446237,0.4334752216190885,2015-11-06,2.2,bmo,9047581818.0,2025-04-25,2015-09-30,0.0363636363636361,145.1746875,2298916.890625
2015-06-30,CI,USD,1739940,2015-06-30,2015-06-29 20:00:00,2015,Q2,9492000000.0,0.0,0.0,0.0,0,0.0,0.0,0.0,0.0,0.0,0.0,0.0,0.0,151000000.0,0.0,0.0,9492000000.0,1.0,-8556000000.0,936000000.0,0.0986093552,352000000.0,588000000.0,0.0619469027,2.3,2.26,255730000,260097000,,,37.11727212294217,2.2993000430141164,1.74011652915184,1.2278575059633208,8.078833144331913,44.49614828139053,20.87357760137645,44.14812497556016,20.31830446173699,41428260000.0,44655260000.0,17.61405612244898,4.364544879898863,93.09721348314606,131.9371337579618,3.669465013286094,3.669465013286094,4.704515381373788,0.0,100.34889887640448,142.21420382165604,0.0141932101420624,0.0075793673207612,0.4602302922940655,0.0909472799831968,0.0,5.35056107034959,0.0,0.761986301369863,0.0,0.0,0.0,0.0,0.105737590142127,0.2943820224719101,0.0138010956595027,0.8675496688741722,0.0,47.79090056950388,0.1233465025692292,0.0115088763187254,-139.1262268799124,40321000000.0,5338000000.0,3836000000.0,47864000000.0,10609000000.0,9188500000.0,0.0,102.5063211125158,0.0,0.0,0.8779946350938859,0.0,0.0,0.0520814880425155,0.5122590231885191,2015-07-30,2.31,bmo,8505818181.0,2025-04-25,2015-06-30,0.1038961038961037,138.1279365079365,2657067.5555555555
2015-03-31,CI,USD,1739940,2015-03-31,2015-03-30 20:00:00,2015,Q1,9467000000.0,0.0,0.0,0.0,0,0.0,0.0,0.0,0.0,0.0,0.0,0.0,0.0,151000000.0,0.0,0.0,9467000000.0,1.0,-8613000000.0,854000000.0,0.0902080913,323000000.0,533000000.0,0.0563008345,2.08,2.04,256707000,261246000,,,36.87862037264274,2.076297101364591,2.5866065202740867,2.1386249693230024,10.876212958742848,43.0101243830515,19.52420463797247,42.62447070005882,23.610575480995845,33228154080.0,36669154080.0,15.585438123827393,3.509892688285624,50.04240072289157,60.52487081967213,3.0367532516907327,3.0367532516907327,3.8733658054293865,0.0,55.22462963855422,66.79263038251366,0.0160406141947202,0.0165221335701715,0.5539206726375434,0.1042806510443549,0.0,4.933417820237863,0.0,1.2504708097928436,0.0003090234857849,0.0192650656660412,0.0,0.0,0.103730084993634,0.1731927710843373,0.012147459596493,0.7615894039735099,0.0,44.62369282835041,0.1204672232515889,0.010231700996295,-142.1221470392315,40349000000.0,5012000000.0,3526000000.0,47864000000.0,10122000000.0,8851500000.0,0.0,98.936305059681,0.0,0.0,0.9096761794945708,0.0,0.0,0.0487113873149332,0.4479815509510843,2015-04-30,1.84,bmo,8849586956.0,2025-04-25,2015-03-31,0.0652173913043477,116.19704918032788,1545355.0
2014-12-31,CI,USD,1739940,2014-12-31,2014-12-30 19:00:00,2014,Q4,8928000000.0,0.0,0.0,0.0,0,0.0,0.0,0.0,0.0,0.0,0.0,0.0,0.0,153000000.0,0.0,0.0,8928000000.0,1.0,-8196000000.0,732000000.0,0.0819892473,270000000.0,467000000.0,0.0523073477,1.77,0.0,0,261402000,,,0.0,0.0,0.0,0.0,0.0,0.0,0.0,0.0,0.0,0.0,3732000000.0,0.0,0.0,0.0,0.0,0.0,0.0,0.418010752688172,0.0,7.149425287356322,9.353383458646617,,0.0,0.4781882309263041,0.0921711750393588,0.0,5.551856594110116,0.0,1.12987012987013,,0.0,0.0,0.0,0.1198296836982968,0.2356321839080459,0.0137768817204301,0.803921568627451,0.0113127240143369,,0.1187491622250197,0.0094922557827553,0.0,39105000000.0,4181000000.0,2679000000.0,47305000000.0,9748500000.0,8044500000.0,0.0,99.1633064516129,0.0,0.0,0.907593778591034,0.0,0.0,0.0433450900315574,0.0,2015-02-05,1.67,bmo,8821077844.0,2025-04-25,2014-12-31,0.0119760479041916,98.549375,1589920.78125
2014-09-30,CI,USD,1739940,2014-09-30,2014-09-29 20:00:00,2014,Q3,8757000000.0,0.0,0.0,0.0,0,0.0,0.0,0.0,0.0,0.0,0.0,0.0,0.0,146000000.0,0.0,0.0,8757000000.0,1.0,-7939000000.0,818000000.0,0.0934109855,287000000.0,534000000.0,0.0609797876,2.04,2.01,261402000,265891000,,,33.500126242339384,2.042830582780545,1.797996954881753,1.36188705518703,6.7864821233196375,43.10602061193105,20.141391420111557,42.68138728854408,19.68232836780132,23706547380.0,27230547380.0,11.098570870786515,2.707153977389517,50.4394625106383,66.5914252247191,2.1248137832750738,2.1248137832750738,3.109574897796049,0.0,57.93733485106383,76.49030162921348,0.0225254226792429,0.0150169484528286,0.4611454692121538,0.0924478464772788,0.0,6.200875611640484,0.0,0.8851224105461394,0.0,0.0,0.0,0.0,0.1078648051317988,0.2425531914893617,0.0130181569030489,0.7808219178082192,0.0,44.29214347423389,0.1184085201366194,0.0107552870090634,-135.29353256669805,40390000000.0,5265000000.0,3771000000.0,47887000000.0,9724500000.0,7823500000.0,0.0,99.28057553956836,0.0,0.0,0.9065217391304348,0.0,0.0,0.0478623285829524,0.4361098996947231,2014-10-30,1.82,bmo,8182770491.0,2025-04-25,2014-09-30,0.0714285714285713,93.45640625,1382208.640625
2014-06-30,CI,USD,1739940,2014-06-30,2014-06-29 20:00:00,2014,Q2,8733000000.0,0.0,0.0,0.0,0,0.0,0.0,0.0,0.0,0.0,0.0,0.0,0.0,139000000.0,0.0,0.0,8733000000.0,1.0,-7832000000.0,901000000.0,0.1031718768,329000000.0,573000000.0,0.0656131913,2.16,2.12,265377000,269921000,,,32.90790083541528,2.1591923942165296,1.9293307257222745,1.4055475794812662,8.28632473801422,41.64264423819698,18.90894840170776,41.21306669379788,19.379976410917298,24406722690.0,27582722690.0,10.648657369109948,2.794769574029543,47.669380253906255,65.43357289544235,2.2315738036024504,2.2315738036024504,3.158447577006756,0.0,53.87250525390625,73.94831820375335,0.0234771381343539,0.0152826745621535,0.4702386394806619,0.0919558726242199,0.0,5.958143543025976,0.0,0.8951048951048951,0.0,0.0,0.0,0.0,0.1078689052191171,0.271484375,0.0159166380396198,1.0,0.0,44.74601829571774,0.1156789806139456,0.0114838864838864,-133.15867614751843,40275000000.0,5018000000.0,3520000000.0,47806000000.0,9717000000.0,7972000000.0,0.0,100.88285812435588,0.0,0.0,0.8921238124425376,0.0,0.0,0.0523909664441803,0.5237831462410081,2014-07-31,1.84,bmo,8163456521.0,2025-04-25,2014-06-30,0.0652173913043477,85.76873015873016,1700995.4126984128
2014-03-31,CI,USD,1739940,2014-03-31,2014-03-30 20:00:00,2014,Q1,8496000000.0,0.0,0.0,0.0,0,0.0,0.0,0.0,0.0,0.0,0.0,0.0,0.0,150000000.0,0.0,0.0,8496000000.0,1.0,-7643000000.0,853000000.0,0.1004001883,324000000.0,528000000.0,0.0621468927,1.96,1.92,269979000,274467000,,,31.46911426444279,1.955707666151812,1.8149559780575528,1.4556687742379963,9.889658084517684,39.50307246119143,17.168001955707666,39.09933735586842,19.379285055504315,22605341670.0,25561341670.0,10.703286775568182,2.66070405720339,46.13335034693878,57.51995335877863,2.141468517430845,2.141468517430845,3.008632494114877,0.0,52.16600340816326,65.04158185750636,0.0233573111925452,0.0173852713989967,0.495642288745737,0.0948289924419553,0.0,5.850466143277723,0.0,0.9262759924385632,0.0004777260241251,0.0204529545454545,0.0,0.0,0.1092925887662443,0.1979591836734693,0.0114171374764595,0.6466666666666666,0.0,41.47896648528474,0.1115562748977407,0.0107441548135034,-128.17385796673074,39541000000.0,4635000000.0,3185000000.0,47021000000.0,9467500000.0,7724000000.0,0.0,102.17161016949152,0.0,0.0,0.8808709175738725,0.0,0.0,0.0500189465706707,0.3592872038195563,2014-05-01,1.54,bmo,6896103896.0,2025-04-25,2014-03-31,0.1883116883116883,82.35229508196721,2198608.524590164
2013-12-31,CI,USD,1739940,2013-12-31,2013-12-30 19:00:00,2013,Q4,8112000000.0,0.0,0.0,0.0,0,0.0,0.0,0.0,0.0,0.0,0.0,0.0,0.0,152000000.0,8325000000.0,1.0262573964,8112000000.0,1.0,-7576000000.0,536000000.0,0.0660749507,176000000.0,361000000.0,0.0445019724,1.32,0.0,0,278054000,,,0.0,0.0,0.0,0.0,0.0,0.0,0.0,0.0,0.0,0.0,2452000000.0,0.0,0.0,0.0,0.0,0.0,0.0,0.3022682445759369,0.2945345345345345,4.006535947712418,4.913827655310621,,0.0,0.4965458502886344,0.096565812720848,0.2945345345345345,5.936296679157514,0.0,1.7,,0.0,0.0,0.0,0.1275581566548881,0.184640522875817,0.0139299802761341,0.743421052631579,0.0108481262327416,,0.1163433313891783,0.0076152304609218,0.0,38202000000.0,3746000000.0,2282000000.0,46597000000.0,9265000000.0,7766500000.0,0.0,103.06952662721892,0.0,0.0,0.8731969860064586,0.0,0.0,0.0341629601589855,0.0,2014-02-07,1.49,bmo,8698046979.0,2025-04-25,2013-12-31,-0.0671140939597316,81.81140625,1536656.9375
2013-09-30,CI,USD,1739940,2013-09-30,2013-09-29 20:00:00,2013,Q3,8066000000.0,0.0,0.0,0.0,0,0.0,0.0,0.0,0.0,0.0,0.0,0.0,0.0,146000000.0,0.0,0.0,8066000000.0,1.0,-7267000000.0,799000000.0,0.0990577734,246000000.0,553000000.0,0.0685593851,1.99,1.95,278054000,283563000,,,29.008753695325368,1.9888223150898747,2.9850316844929403,2.2477648226603466,13.731145748667524,35.85274802736159,14.148330899753285,35.51108777431722,18.841663849468087,21371230440.0,23555230440.0,9.66149658227848,2.6495450582692786,25.748470409638557,34.193968704,2.164394413611505,2.164394413611505,2.920311237292338,0.0,28.37979571084337,37.688368704,0.025875908341008,0.0292449235318806,0.5305853757342516,0.0969413245008604,0.0,5.655612244897959,0.0,1.5009041591320071,0.0,0.0,0.0,0.0,0.1116703365838314,0.2469879518072289,0.0254153235804611,1.404109589041096,0.0,39.86311560164659,0.1213186880854197,0.0115189135144142,-119.85441676796592,38325000000.0,3934000000.0,2483000000.0,45811000000.0,9312000000.0,8123500000.0,0.0,103.0994297049343,0.0,0.0,0.8729437229437229,0.0,0.0,0.056005671460401,0.7372668618325937,2013-10-31,1.63,bmo,6779398773.0,2025-04-25,2013-09-30,0.1595092024539877,78.08421875,1475530.578125
2013-06-30,CI,USD,1739940,2013-06-30,2013-06-29 20:00:00,2013,Q2,7980000000.0,0.0,0.0,0.0,0,0.0,0.0,0.0,0.0,7145000000.0,7145000000.0,0.0,0.0,149000000.0,0.0,0.0,835000000.0,0.1046365915,-68000000.0,767000000.0,0.0961152882,261000000.0,505000000.0,0.063283208,1.79,1.76,282043000,287086000,,,28.293558074478007,1.7905071212545605,0.2907358097878692,-0.1524590222058338,12.427183089103435,35.0159372861585,13.79222317164404,34.65783586190758,18.376630513786903,20535550830.0,22509550830.0,10.166114272277229,2.573377296992481,250.43354670731708,-477.5709495348837,2.100823614322251,2.100823614322251,2.8207457180451128,0.0,274.5067174390244,-523.4779262790697,0.0245915000859024,-0.0020939297102847,0.530230179028133,0.0962863883780118,0.0,5.57171861937179,0.0,0.1620553359683794,0.0005356564375147,0.0217821782178217,0.0,0.0,0.1112039978450277,1.524390243902439,0.0156641604010025,0.8389261744966443,0.0,37.36629220507953,0.012077890228612,0.0105553581506176,-118.45711469527696,38279000000.0,3890000000.0,2699000000.0,45456000000.0,9420500000.0,8598000000.0,0.0,105.8345864661654,0.0,0.0,0.850383631713555,0.0,0.0,0.0516624040920716,0.4431948319937031,2013-08-01,1.6,bmo,7082250000.0,2025-04-25,2013-06-30,0.1124999999999999,67.3971875,1941622.9375
2013-03-31,CI,USD,1739940,2013-03-31,2013-03-30 20:00:00,2013,Q1,8222000000.0,0.0,0.0,0.0,0,0.0,0.0,0.0,0.0,8081000000.0,8081000000.0,0.0,0.0,150000000.0,897000000.0,0.1090975432,897000000.0,0.1090975432,-823000000.0,74000000.0,0.0090002432,15000000.0,57000000.0,0.0069326198,0.2,0.2,283804000,283804000,,,28.97069808741244,0.2008428351961212,-2.836464602331186,-3.132443517357049,12.078758579864978,34.43573733985426,13.32962185170047,34.03757522797424,19.01312173189948,17854109640.0,19944109640.0,78.30749842105263,2.171504456336658,-22.179018186335405,-20.08336292463442,1.8482515155279504,1.8482515155279504,2.425700515689613,22.234235942028985,-24.77529147826087,-22.43431905511811,0.0031925422857434,-0.049792457754841,0.558592132505176,0.0982180236262036,2.329988851727982,5.101844939746187,0.0,-13.64406779661017,0.0006358289620092,0.1991607017543859,0.0,0.0,0.1090300151076648,-0.1043478260869565,0.0102164923376307,0.56,0.0,12.402200208822675,0.0155598127988964,0.0011644773131218,-122.07456554523544,38463000000.0,3783000000.0,2674000000.0,45562000000.0,8745000000.0,8749500000.0,0.0,103.51860861104356,0.0,0.0,0.8694089034577561,0.0,0.0,0.0059006211180124,0.2959789150258629,2013-05-02,1.43,bmo,6523510489.0,2025-04-25,2013-03-31,0.2027972027972028,59.0995,1975134.0166666664
2012-12-31,CI,USD,1739940,2012-12-31,2012-12-30 19:00:00,2012,Q4,7620000000.0,0.0,0.0,0.0,0,0.0,0.0,0.0,0.0,6934000000.0,6934000000.0,0.0,0.0,154000000.0,0.0,0.0,739000000.0,0.0969816273,-120000000.0,619000000.0,0.0812335958,212000000.0,406000000.0,0.0532808399,1.43,0.0,0,284891000,,,0.0,0.0,0.0,0.0,0.0,0.0,0.0,0.0,0.0,0.0,2209000000.0,0.0,0.0,0.0,0.0,0.0,0.0,0.2898950131233596,0.0,2.78562421185372,3.0938375350140057,,0.0,0.5309652983928754,0.0965310604086797,0.0,5.22157267308574,0.0,1.9484029484029484,,0.0,0.0,0.0,0.1314065582312874,0.0996216897856242,0.0103674540682414,0.512987012987013,0.0128608923884514,,0.0107474166454623,0.0086988194459323,0.0,36829000000.0,2822000000.0,1702000000.0,45010000000.0,4873500000.0,8238500000.0,0.0,94.87795275590553,0.0,0.0,0.9485870783020044,0.0,0.0,0.0415600368512642,0.0,2013-02-07,1.48,bmo,7058945945.0,2025-04-25,2012-12-31,0.0608108108108108,51.596774193548384,2247999.4032258065
2012-09-30,CI,USD,1739940,2012-09-30,2012-09-29 20:00:00,2012,Q3,7323000000.0,0.0,0.0,0.0,0,0.0,0.0,0.0,0.0,6537000000.0,-6537000000.0,0.0,68000000.0,136000000.0,136000000.0,0.0185716237,0.0,0.0,718000000.0,718000000.0,0.0980472484,252000000.0,466000000.0,0.0636351222,1.64,1.61,284891000,289875000,,,25.70456771186173,1.6357133078967043,-1.1232366062809986,-1.5479604480310014,8.378643059977325,33.451390180805994,4.994892783555816,33.451390180805994,18.53340400363648,13700408190.000002,16676408190.000002,7.350004393776825,1.8708737115936096,-42.81377559375,-31.066685238095243,1.4376084144805876,1.4376084144805876,2.2772645350266285,122.62064845588236,-52.113775593750006,-37.81498455782313,0.0340135851091017,-0.0321888219594718,0.5469045120671564,0.0973641441407782,21.88235294117647,195.9646017699115,0.0,-0.6866952789699571,0.0,0.0,0.0,0.0,0.1514449571276456,-0.378125,0.0165232828075925,0.8897058823529411,0.0,35.08746060836783,0.0,0.0102588939767523,-141.55764836376017,44062000000.0,1423000000.0,287000000.0,53305000000.0,1743500000.0,3977000000.0,0.0,21.06513723883654,0.0,0.0,4.272462077012835,0.0,0.0,0.0488982161594963,0.4247238417500026,2012-11-01,1.36,bmo,5572602941.0,2025-04-25,2012-09-30,0.2426470588235292,44.14539682539682,2523697.603174603
2012-06-30,CI,USD,1739940,2012-06-30,2012-06-29 20:00:00,2012,Q2,7457000000.0,0.0,7457000000.0,1.0,0,0.0,0.0,0.0,6834000000.0,6834000000.0,6869000000.0,0.0,67000000.0,144000000.0,799000000.0,0.1071476465,655000000.0,0.0878369317,-67000000.0,588000000.0,0.0788520853,208000000.0,380000000.0,0.0509588306,1.33,1.31,285690000,290547000,,,26.10171864608492,1.3301130596100668,3.276278483671112,2.8317406979593267,11.410969932444258,31.57968427316322,2.9402499212433058,31.57968427316322,18.47457033847877,12570360000.0,14736360000.0,8.269973684210527,1.6857127531178755,13.429871794871795,15.53814585908529,1.3933008202172468,1.3933008202172468,1.9761780877028297,18.443504380475595,15.74397435897436,18.215525339925836,0.0302298422638651,0.0643577431354392,0.5775881179339393,0.0973054730827404,2.710888610763454,195.8230088495575,9.776119402985074,2.463157894736842,0.0,0.0,0.0,0.0,0.1527832240957556,0.1356837606837606,0.0170309776049349,0.8819444444444444,0.0,30.74251755431203,0.007904306382983,0.0083753939741244,-139.80625853197523,44030000000.0,840000000.0,-275000000.0,53327000000.0,1835000000.0,0.0,0.0,21.39868579857852,0.0,0.0,4.205865764241398,0.0,0.0,0.0421192640212813,0.4445377857117855,2012-08-02,1.42,bmo,7089401408.0,2025-04-25,2012-06-30,0.0492957746478873,45.69111111111111,2709780.761904762
2012-03-31,CI,USD,1739940,2012-03-31,2012-03-30 20:00:00,2012,Q1,6788000000.0,0.0,6788000000.0,1.0,0,0.0,0.0,0.0,6202000000.0,6202000000.0,6236000000.0,0.0,66000000.0,126000000.0,744000000.0,0.1096051856,618000000.0,0.0910430171,-66000000.0,552000000.0,0.0813199764,181000000.0,371000000.0,0.054655274,1.3,1.28,285159000,288999000,,,23.804263586279937,1.3010285489849522,3.299913381657251,3.0158613264880296,8.058662009615688,30.02184746053956,1.777955456429571,30.02184746053956,18.526506264925885,14044080750.0,17150080750.0,9.463666273584906,2.068957093400118,14.924634165781084,16.33032645348837,1.6404719950940312,1.6404719950940312,2.5265292796110783,23.05118380376344,18.22537805526036,19.941954360465115,0.0264168233296437,0.0612357629743762,0.6093914262352529,0.0988348962773515,4.174731182795699,192.2819383259912,9.363636363636363,2.536388140161725,0.0008121827411167,0.0307449056603773,0.0,0.0,0.1525812257270057,0.0860786397449521,0.0119328226281673,0.6428571428571429,0.0,29.645131377466527,0.0078688774396547,0.0082940242784646,-142.03742473497243,43421000000.0,507000000.0,-576000000.0,52558000000.0,1627500000.0,3966000000.0,0.0,25.151738361814967,0.0,0.0,3.578281497100685,0.0,0.0,0.0433360588716271,0.2840520551692214,2012-05-03,1.3,bmo,7101292307.0,2025-04-25,2012-03-31,-0.0461538461538461,45.10612903225806,3584726.9516129037
2011-12-31,CI,USD,1739940,2011-12-31,2011-12-30 19:00:00,2011,Q4,5463000000.0,0.0,5463000000.0,1.0,0,0.0,0.0,1588000000.0,-6535000000.0,-4947000000.0,5008000000.0,0.0,61000000.0,93000000.0,1125000000.0,0.2059308072,516000000.0,0.0944535969,455000000.0,455000000.0,0.0832875709,165000000.0,290000000.0,0.0530843859,1.08,0.0,0,268569000,,,0.0,0.0,0.0,0.0,0.0,0.0,0.0,0.0,0.0,0.0,404000000.0,0.0,0.0,0.0,0.0,0.0,0.0,0.0739520410031118,0.3591111111111111,1.6290322580645162,3.452991452991453,,0.0,0.6104985618408437,0.0997903892491233,0.3591111111111111,433.49038461538464,8.459016393442623,0.8551724137931035,,0.0,0.0,0.0,0.0967735616196838,0.5282258064516129,0.0239794984440783,1.4086021505376345,0.0,,0.0064426728481423,0.0062897173964907,0.0,44979000000.0,3404000000.0,2380000000.0,50943000000.0,1398500000.0,3966000000.0,0.0,22.372322899505765,0.0,0.0,4.022827687776141,0.0,0.0,0.0347555129434324,0.0,2012-02-02,1.19,bmo,5830260504.0,2025-04-25,2011-12-31,-0.0672268907563024,43.04380952380953,3347871.3174603176
2011-09-30,CI,USD,1739940,2011-09-30,2011-09-29 20:00:00,2011,Q3,5613000000.0,0.0,5613000000.0,1.0,0,1448000000.0,0.0,1448000000.0,3889000000.0,5337000000.0,5316000000.0,0.0,49000000.0,86000000.0,408000000.0,0.0726884019,346000000.0,0.0616426154,-73000000.0,297000000.0,0.0529128808,97000000.0,183000000.0,0.0326028862,0.68,0.67,268569000,272060000,,,20.899657071367137,0.6813891402209488,2.47236278200388,2.085125237834597,8.161775930952567,28.897601733632698,11.617126325078472,28.897601733632698,12.14585451038653,11263783860.0,12574783860.0,15.387682868852458,2.0067314911811867,16.963529909638552,20.11389975,1.4513315114031695,1.4513315114031695,2.240296429716729,30.820548676470587,18.9379275,22.45497117857143,0.016246760615664,0.0497168630861849,0.4139930421337456,0.0672119487908961,3.213235294117647,127.83333333333331,7.061224489795919,3.32,0.0,0.0,0.2579725636914306,0.0,0.0970839260312944,0.1566265060240964,0.0185284161767325,1.2093023255813953,0.0,21.04843272060573,0.0048739986820482,0.0042397423719389,-136.9173285077578,41855000000.0,3120000000.0,2142000000.0,47474000000.0,1428000000.0,0.0,0.0,23.073222875467664,0.0,0.0,3.9006254343293953,0.0,0.0,0.0235794356397371,0.3872375441692823,2011-10-28,1.23,bmo,5749902439.0,2025-04-25,2011-09-30,-0.024390243902439,46.545,3324667.5
2011-06-30,CI,USD,1739940,2011-06-30,2011-06-29 20:00:00,2011,Q2,5509000000.0,0.0,5509000000.0,1.0,0,1383000000.0,0.0,1383000000.0,3532000000.0,4915000000.0,4893000000.0,0.0,48000000.0,83000000.0,1431000000.0,0.2597567617,708000000.0,0.1285169722,592000000.0,616000000.0,0.1118170267,208000000.0,391000000.0,0.0709747686,1.46,1.43,268557000,268557000,,,20.51333608880051,1.455929281307134,1.9660630704096336,1.5415721802075537,7.3652893054360895,28.10576525653772,11.561791351556652,28.10576525653772,12.1426736223595,13811886510.0,15250886510.0,8.831129482097186,2.507149484479942,26.15887596590909,33.36204471014493,1.829873676470588,1.829873676470588,2.768358415320385,10.657502802236198,28.88425475378788,36.83789012077295,0.0283089496657035,0.0299741819989802,0.4256756756756756,0.0683137371632683,1.0055904961565338,126.17272727272729,14.75,1.2941176470588236,0.0,0.0,0.2510437465964785,0.0,0.0944655879914102,0.2159090909090909,0.0206934107823561,1.3734939759036144,0.0,30.3430411913029,0.0099703413546885,0.0091805588166236,-135.70396601093995,41307000000.0,3105000000.0,2152000000.0,46703000000.0,1429000000.0,0.0,0.0,23.149391904156836,0.0,0.0,3.887791107974594,0.0,0.0,0.0518018018018018,0.42449089020208,2011-08-04,1.29,bmo,4484069767.0,2025-04-25,2011-06-30,0.1860465116279069,47.46063492063493,2685263.238095238
2011-03-31,CI,USD,1739940,2011-03-31,2011-03-30 20:00:00,2011,Q1,5413000000.0,0.0,5413000000.0,1.0,0,1482000000.0,0.0,1482000000.0,3350000000.0,4832000000.0,4813000000.0,0.0,44000000.0,83000000.0,706000000.0,0.1304267504,599000000.0,0.1106595234,-20000000.0,600000000.0,0.1108442638,170000000.0,413000000.0,0.0762978016,1.53,1.51,270377000,270377000,,,20.02019402537938,1.52749679151703,0.1886255117853959,-0.0813678678289943,6.675863701424308,25.978541074129826,9.875100322882494,25.978541074129826,12.046142978137931,11972293560.0,13529293560.0,7.247151065375303,2.2117667762793274,234.7508541176471,-544.1951618181819,1.704483707289294,1.704483707289294,2.499407640864585,19.163305325779035,265.2802658823529,-614.9678890909091,0.0344963141715679,-0.0018375760575653,0.4574316628701594,0.0690715222391813,2.205382436260624,125.0030303030303,13.613636363636363,0.1186046511627907,0.000903342366757,0.0261866343825665,0.2737853316090892,0.0,0.0936001891781499,1.431372549019608,0.0134860520968039,0.8795180722891566,0.0,29.880564053044587,0.00922852577194,0.0097953181699594,-135.3933581628615,40921000000.0,2670000000.0,1758000000.0,46187000000.0,1379500000.0,0.0,0.0,23.95898762239054,0.0,0.0,3.756419153365718,0.0,0.0,0.0587984054669703,0.2699933796143903,2011-05-05,1.09,bmo,4022504587.0,2025-04-25,2011-03-31,0.2568807339449541,41.83854838709677,2531230.5322580645
2010-12-31,CI,USD,1739940,2010-12-31,2010-12-30 19:00:00,2010,Q4,5429000000.0,0.0,5429000000.0,1.0,0,0.0,0.0,1476000000.0,-6361000000.0,-4885000000.0,4884000000.0,0.0,0.0,88000000.0,544000000.0,0.1002026156,544000000.0,0.1002026156,545000000.0,545000000.0,0.1003868116,83000000.0,461000000.0,0.0849143489,1.7,0.0,0,270497000,,,0.0,0.0,0.0,0.0,0.0,0.0,0.0,0.0,0.0,0.0,1235000000.0,0.0,0.0,0.0,0.0,0.0,0.0,0.2274820408915085,2.270220588235294,2.6847826086956523,3.3468834688346885,,0.0,0.4273890142964635,0.0621689067904207,2.270220588235294,73.21195652173913,0.0,0.9956709956709956,,0.0,0.0,0.0,0.0953767348189659,0.1978260869565217,0.0167618345920058,1.0340909090909092,0.0,,0.0100948358998726,0.0111554748941318,0.0,39861000000.0,2306000000.0,1394000000.0,45130000000.0,,,,21.849327684656476,0.0,0.0,4.119119878603946,0.0,0.0,0.0693754702784048,0.0,2011-02-03,1.02,bmo,4737068627.0,2025-04-25,2010-12-31,0.1274509803921567,36.4928125,2705988.484375
2010-09-30,CI,USD,1739940,2010-09-30,2010-09-29 20:00:00,2010,Q3,5266000000.0,0.0,5266000000.0,1.0,0,1402000000.0,0.0,1402000000.0,3400000000.0,4802000000.0,4802000000.0,0.0,47000000.0,76000000.0,587000000.0,0.1114698063,510000000.0,0.0968477022,-46000000.0,464000000.0,0.0881124193,156000000.0,307000000.0,0.0582985188,1.13,1.13,270497000,270497000,,,19.46786840519488,1.1349478922132223,1.8854183225691967,1.5563943407875134,,,,,,9678382660.0,,7.881419104234528,1.8379002392707933,18.977220901960784,22.98903244655581,0.0,0.0,,,,,0.0317201758583907,0.0434990033758388,0.0,0.0,,0.0,10.851063829787234,1.655844155844156,0.0,0.0,0.2662362324344853,0.0,0.0,0.1745098039215686,0.0169008735282947,1.1710526315789471,0.0,,0.0,0.0,,,,,,,,,,0.0,0.0,0.0,0.0,0.0,0.0,0.3290239817816833,2010-10-29,1.06,bmo,4967924528.0,2025-04-25,2010-09-30,0.0566037735849057,32.88640625,2967959.0625
2010-06-30,CI,USD,1739940,2010-06-30,2010-06-29 20:00:00,2010,Q2,5353000000.0,0.0,5353000000.0,1.0,0,1405000000.0,0.0,1405000000.0,3509000000.0,4914000000.0,4914000000.0,0.0,88000000.0,67000000.0,594000000.0,0.1109658136,438000000.0,0.0818232767,1000000.0,439000000.0,0.0820100878,144000000.0,294000000.0,0.0549224734,1.07,1.06,275107000,277536000,,,19.457883659812364,1.0686750973257677,1.3776457887294762,1.1304692356065094,5.823188795632245,21.77698131999549,11.31196225468636,21.722457080336017,10.628591784287568,8544823420.0,9931823420.0,7.26600630952381,1.5962681524378852,22.545708232189973,27.47531646302251,1.4298566633199463,1.4298566633199463,1.855375195217635,16.720241447811446,26.20533883905013,31.935123536977493,0.03440679643676,0.0363963050742598,0.4745649263721553,0.0638278718041051,2.335016835016835,124.77914110429448,4.977272727272728,1.2847457627118644,0.0,0.0,0.2624696431907342,0.0,0.0647956427799783,0.179419525065963,0.0127031571081636,1.0149253731343284,0.0,22.854334403475093,0.0066242351958776,0.0070753014222799,-129.93580679517424,40352000000.0,3112000000.0,2237000000.0,44106000000.0,1486000000.0,0.0,0.0,24.496543994022044,0.0,0.0,3.673987645847632,0.0,0.0,0.0491967871485943,0.2471765531229667,2010-08-05,1.01,bmo,5088000000.0,2025-04-25,2010-06-30,0.3663366336633662,33.92619047619048,4151128.142857143
2010-03-31,CI,USD,1739940,2010-03-31,2010-03-30 20:00:00,2010,Q1,5205000000.0,0.0,5205000000.0,1.0,0,1414000000.0,0.0,1414000000.0,3369000000.0,4783000000.0,4783000000.0,0.0,0.0,61000000.0,421000000.0,0.0808837656,421000000.0,0.0808837656,422000000.0,422000000.0,0.0810758886,138000000.0,283000000.0,0.0543707973,1.03,1.02,275688000,278100000,,,18.880038304169933,1.026522735846319,1.429151794782508,1.2405327761817706,5.393778474217231,21.09268448390935,10.649719973303156,21.04190244043992,9.206059023243666,10084667040.0,11323667040.0,8.908716466431096,1.937496069164265,25.59560162436548,29.48733052631579,1.738435966212722,1.738435966212722,2.175536414985591,26.89707135391924,28.740271675126905,33.11013754385965,0.0280624039323761,0.0339128697698679,0.4375107740044819,0.0578606602225059,2.9429928741092635,123.08282208588956,0.0,1.3873239436619718,0.0010934937124111,0.0389665017667844,0.2716618635926993,0.0,0.0656346890388473,0.1319796954314721,0.0099903938520653,0.8524590163934426,0.0,22.04540322522733,0.0064592151700257,0.0069049652311821,-128.49942688836657,39799000000.0,2936000000.0,2076000000.0,43538000000.0,1438000000.0,0.0,0.0,26.19596541786743,0.0,0.0,3.435643564356436,0.0,0.0,0.048784692294432,0.188619018600737,2010-05-06,0.89,bmo,4503202247.0,2025-04-25,2010-03-31,0.1348314606741573,35.16295081967213,3953259.75409836
2009-12-31,CI,USD,1739940,2009-12-31,2009-12-30 19:00:00,2009,Q4,4636000000.0,0.0,4636000000.0,1.0,0,0.0,0.0,1386000000.0,-5515000000.0,-4129000000.0,4128000000.0,0.0,0.0,61000000.0,507000000.0,0.1093615186,507000000.0,0.1093615186,508000000.0,508000000.0,0.1095772217,177000000.0,330000000.0,0.0711820535,1.2,0.0,0,274398000,,,0.0,0.0,0.0,0.0,0.0,0.0,0.0,0.0,0.0,0.0,1616000000.0,0.0,0.0,0.0,0.0,0.0,0.0,0.3485763589301122,3.187376725838264,3.394957983193277,4.1757105943152455,,0.0,0.4688942218940373,0.0590519145374654,3.187376725838264,377.6442307692308,0.0,1.4380664652567976,,0.0,0.0,0.0,0.0668635063817915,0.1869747899159664,0.019197584124245,1.459016393442623,0.0,,0.0076801995953979,0.0082218401973241,0.0,39171000000.0,2553000000.0,1691000000.0,42909000000.0,1421000000.0,0.0,0.0,26.42148403796376,0.0,0.0,3.4063188831741367,0.0,0.0,0.0609193280413513,0.0,2010-02-04,0.96,bmo,4297958333.0,2025-04-25,2009-12-31,0.0729166666666667,31.54640625,3797090.25
2009-09-30,CI,USD,1739940,2009-09-30,2009-09-29 20:00:00,2009,Q3,4517000000.0,0.0,4517000000.0,1.0,0,1342000000.0,0.0,1342000000.0,2688000000.0,4030000000.0,4030000000.0,0.0,0.0,62000000.0,0.0,0.0,487000000.0,0.1078149214,0.0,487000000.0,0.1078149214,157000000.0,329000000.0,0.0728359531,1.2,1.19,274398000,276130000,,,16.461490244097988,1.1989883308187377,0.572161604676419,0.2733256073294995,3.779182064009213,18.833956515718043,8.352830559989505,18.793868759976384,9.252982893461322,7707839820.0,9410839820.0,5.857021139817629,1.7064068673898605,49.09452114649681,102.7711976,1.4946363816172197,1.4946363816172197,2.0834270135045383,0.0,59.9416549044586,125.47786426666669,0.0426838138418916,0.0097303526995193,0.4923405080473143,0.059526879703655,0.0,374.5192307692308,0.0,0.4757575757575757,0.0,0.0,0.297099845029887,0.0,0.0674278479825569,0.5222929936305732,0.0181536417976533,1.3225806451612905,0.0,22.51680838881004,0.007736853210794,0.0082711114463131,-128.78100423472475,38846000000.0,2292000000.0,1465000000.0,42549000000.0,1490500000.0,0.0,0.0,29.50852335620987,0.0,0.0,3.049966239027684,0.0,0.0,0.0637967810742679,0.2988359973469194,2009-11-05,1.03,bmo,4078456310.0,2025-04-25,2009-09-30,0.0970873786407765,28.1375,4813663.390625
2009-06-30,CI,USD,1739940,2009-06-30,2009-06-29 20:00:00,2009,Q2,4488000000.0,0.0,4488000000.0,1.0,0,1330000000.0,0.0,1330000000.0,2528000000.0,3858000000.0,3858000000.0,0.0,0.0,76000000.0,0.0,0.0,630000000.0,0.1403743316,0.0,630000000.0,0.1403743316,195000000.0,435000000.0,0.0969251337,1.59,1.58,274086000,275055000,,,16.374422626474903,1.587093102165014,0.1459395956013806,-0.1313456360412425,4.111848106068898,16.410907525375247,5.917850601635983,16.378071116364936,9.270812810577702,6602731740.0,8121731740.0,3.7946734137931033,1.471196911764706,165.0682935,-183.409215,1.4708691779906438,1.4708691779906438,1.80965502228164,0.0,203.0432935,-225.60365944444445,0.0658818224227901,-0.0054522887522309,0.566050345288483,0.06100986818411,0.0,358.188679245283,0.0,0.0919540229885057,0.0016659771187372,0.025287356321839,0.2963458110516934,0.0,0.0690532785901222,1.9,0.016934046345811,1.0,0.0,24.18376073215028,0.0104444284376575,0.0112191473448017,-127.32864867231451,37862000000.0,1622000000.0,817000000.0,41543000000.0,1515000000.0,0.0,0.0,30.08021390374332,0.0,0.0,2.992,0.0,0.0,0.0969035419915348,0.2772852316426231,2009-07-30,0.96,bmo,3646500000.0,2025-04-25,2009-06-30,0.1874999999999999,21.20111111111111,4938218.380952381
2009-03-31,CI,USD,1739940,2009-03-31,2009-03-30 20:00:00,2009,Q1,4773000000.0,0.0,4773000000.0,1.0,0,1392000000.0,0.0,1392000000.0,3108000000.0,4500000000.0,4500000000.0,0.0,0.0,69000000.0,0.0,0.0,273000000.0,0.0571967316,0.0,273000000.0,0.0571967316,65000000.0,208000000.0,0.0435784622,0.76,0.76,272591000,272868000,,,17.509749037935954,0.7630479362854973,0.2641319779449798,0.0440219963241633,5.422042547259447,14.079701824344898,3.529096705320425,14.054022326489136,9.03551474553452,4794875690.0,5882875690.0,5.763071742788462,1.0045832160067043,66.59549569444445,399.57297416666665,1.2515989793787523,1.2515989793787523,1.2325320951183742,0.0,81.70660680555555,490.2396408333333,0.0433796439048037,0.0025026717637386,0.6429130775254502,0.0597322597856138,0.0,99.61273209549071,0.0,0.3461538461538461,0.0022740193291642,0.0524213461538461,0.2916404776869893,0.0,0.0697482659940825,0.8333333333333334,0.0125707102451288,0.8695652173913043,0.0,15.533434471700112,0.0050443808507542,0.0054225976328275,-127.55556859911002,37177000000.0,962000000.0,158000000.0,40857000000.0,1468500000.0,0.0,0.0,28.849780012570708,0.0,0.0,3.119607843137255,0.0,0.0,0.054293918037066,0.2201099816208165,2009-04-30,0.91,bmo,5926912087.0,2025-04-25,2009-03-31,-0.2417582417582418,17.280491803278686,5736085.786885246
2008-12-31,CI,USD,1739940,2008-12-31,2008-12-30 19:00:00,2008,Q4,4817000000.0,0.0,4817000000.0,1.0,0,0.0,0.0,0.0,-5156000000.0,-5156000000.0,5157000000.0,0.0,0.0,63000000.0,-339000000.0,-0.0703757525,-339000000.0,-0.0703757525,-114000000.0,-340000000.0,-0.0705833506,-130000000.0,-209000000.0,-0.0433880008,-0.77,0.0,0,272705000,,,0.0,0.0,0.0,0.0,0.0,0.0,0.0,0.0,0.0,0.0,1049000000.0,0.0,0.0,0.0,0.0,0.0,0.0,0.217770396512352,-3.094395280235988,1.731023102310231,1.9867424242424243,,0.0,0.6656458797327395,0.0577452543109694,-3.094395280235988,120.27906976744184,0.0,-2.8857142857142857,,0.0,0.0,0.0,0.1062164903637154,0.1287128712871287,0.0161926510276105,1.238095238095238,0.0,,-0.0050568118857454,-0.0056474275832252,0.0,35903000000.0,-806000000.0,-1610000000.0,41105000000.0,1517000000.0,0.0,0.0,26.28814614905543,0.0,0.0,3.4235963041933197,0.0,0.0,-0.058184855233853,0.0,2009-02-05,0.41,bmo,3877097560.0,2025-04-25,2008-12-31,0.1951219512195122,18.31,6390934.203125
2008-09-30,CI,USD,1739940,2008-09-30,2008-09-29 20:00:00,2008,Q3,4852000000.0,0.0,4852000000.0,1.0,0,0.0,0.0,1415000000.0,4619000000.0,4619000000.0,4620000000.0,0.0,0.0,64000000.0,0.0,0.0,232000000.0,0.0478153339,1000000.0,232000000.0,0.0478153339,62000000.0,171000000.0,0.0352431987,0.62,0.62,275141000,276806000,,,17.634594626028107,0.621499522063233,1.7845395633511545,1.599180056770892,4.15059914734627,16.871349598932913,6.4803137300511375,16.871349598932913,8.740972810304534,9349291180.0,10676291180.0,13.668554356725146,1.926894307502061,19.041326232179223,21.248389045454545,2.01406531236536,2.01406531236536,2.200389773289366,0.0,21.743973890020367,24.264298136363635,0.0182901566234029,0.0470623913116801,0.518095648427402,0.0589807730037276,0.0,117.86031746031746,0.0,2.888235294117647,0.0,0.0,0.0,0.0,0.0701147733961153,0.1038696537678207,0.0105111294311624,0.796875,0.0,15.359835725902697,0.0041691190896605,0.004509850462853,-122.74342973239176,36811000000.0,1783000000.0,992000000.0,40461000000.0,1634500000.0,0.0,0.0,30.179307502061004,0.0,0.0,2.982175783650891,0.0,0.0,0.0368375700129254,0.1853595065802624,2008-10-30,1.06,bmo,5630150943.0,2025-04-25,2008-09-30,-0.160377358490566,38.104375,2823182.265625
2008-06-30,CI,USD,1739940,2008-06-30,2008-06-29 20:00:00,2008,Q2,4863000000.0,0.0,4863000000.0,1.0,0,0.0,0.0,1455000000.0,4450000000.0,4450000000.0,4450000000.0,0.0,0.0,64000000.0,412000000.0,0.0847213654,412000000.0,0.0847213654,413000000.0,413000000.0,0.0849269998,140000000.0,272000000.0,0.0559325519,0.97,0.96,280070000,281920000,,,17.363516263791194,0.9711857749848252,0.7391009390509515,0.5248687828042989,3.0135323312029136,16.974327846609775,6.844717392080551,16.974327846609775,8.990609490484522,9911677300.0,11624677300.0,9.109997518382354,2.038181636849681,47.88249903381643,67.42637619047619,2.084913188893564,2.084913188893564,2.390433333333333,28.215236165048545,56.15786135265701,79.07943741496598,0.0274423784963217,0.0148309913197032,0.5296592343289861,0.0607992273330918,4.157766990291262,88.29205607476635,0.0,0.7582417582417582,0.0011098020715424,0.0404411764705882,0.0,0.0,0.0685017505734637,0.2898550724637681,0.0123380629241209,0.9375,0.0,19.25922062941579,0.0065758537498695,0.0070506506298926,-123.48877066447672,37361000000.0,1917000000.0,1128000000.0,40987000000.0,5161000000.0,0.0,0.0,30.388648982109807,0.0,0.0,2.96163215590743,0.0,0.0,0.0572149768615902,0.2142321562466526,2008-08-01,0.97,bmo,4311525773.0,2025-04-25,2008-06-30,0.1134020618556702,40.7628125,2668963.546875
2008-03-31,CI,USD,1739940,2008-03-31,2008-03-30 20:00:00,2008,Q1,4569000000.0,0.0,4569000000.0,1.0,0,0.0,0.0,1280000000.0,4495000000.0,4495000000.0,4496000000.0,0.0,0.0,53000000.0,76000000.0,0.0166338367,76000000.0,0.0166338367,74000000.0,73000000.0,0.0159772379,18000000.0,58000000.0,0.0126942438,0.21,0.2,281566000,281566000,,,16.227101283535653,0.2059907801368063,1.250150941519928,1.0086445096353964,55.41862298715044,17.09723475135492,10.761242479560742,17.09723475135492,8.314214074142475,11423132620.0,10914132620.0,49.23764060344828,2.50013845918144,32.45208130681818,40.22229795774648,2.3728983423348566,2.3728983423348566,2.388735526373386,143.60700815789474,31.006058579545453,38.43004443661972,0.005077416320848,0.0248618316400147,0.4862899875363523,0.0571142773494681,-6.697368421052632,153.60557768924303,0.0,6.4,0.0002626249821128,0.0517241379310344,0.0,0.0,0.0435249341270615,0.1931818181818181,0.0148829065441015,1.2830188679245282,0.0,8.901805227245124,0.0013970009264321,0.0014794408733802,-49.93500635730166,38304000000.0,3030000000.0,2381000000.0,40737000000.0,8708000000.0,0.0,0.0,170.978332239002,0.0,0.0,0.5263824884792627,0.0,0.0,0.0120481927710843,0.2415064318845315,2008-05-01,0.95,bmo,4617094736.0,2025-04-25,2008-03-31,-0.0105263157894736,47.33491803278688,2586463.7540983604
2007-12-31,CI,USD,1739940,2007-12-31,2007-12-30 19:00:00,2007,Q4,4455000000.0,0.0,4455000000.0,1.0,0,0.0,0.0,0.0,-4067000000.0,-4067000000.0,4067000000.0,0.0,0.0,47000000.0,388000000.0,0.0870931538,388000000.0,0.0870931538,388000000.0,388000000.0,0.0870931538,125000000.0,263000000.0,0.0590347924,0.94,0.0,0,280769231,,,0.0,0.0,0.0,0.0,0.0,0.0,0.0,0.0,0.0,0.0,-177000000.0,0.0,0.0,0.0,0.0,0.0,0.0,-0.0397306397306397,-0.4561855670103092,-0.3072916666666667,-0.3561368209255533,,0.0,0.3776326874473462,0.0447522775489829,-0.4561855670103092,12552.333333333334,0.0,2.1901140684410647,,0.0114068441064638,0.0,0.0,0.0445026831398976,0.1371527777777778,0.017732884399551,1.680851063829787,0.0,,0.0065643329589417,0.0068700694843529,0.0,37654000000.0,2965000000.0,2340000000.0,40062000000.0,8892500000.0,0.0,0.0,176.4848484848485,0.0,0.0,0.5099587912087912,0.0,0.0,0.0553917438921651,0.0,2008-02-06,0.98,bmo,4455000000.0,2025-04-25,2007-12-31,0.0,52.25609375,1798140.90625
2007-09-30,CI,USD,1739940,2007-09-30,2007-09-29 20:00:00,2007,Q3,4413000000.0,0.0,4413000000.0,1.0,0,0.0,0.0,0.0,3911000000.0,3911000000.0,3911000000.0,0.0,0.0,49000000.0,504000000.0,0.1142080218,504000000.0,0.1142080218,502000000.0,502000000.0,0.1137548153,139000000.0,365000000.0,0.0827101745,1.3,1.28,279883000,279883000,,,15.767302765798568,1.3041163629087869,1.2433766966911173,0.9646888163982807,51.182101092242114,15.13489565282636,8.796532836935434,15.13489565282636,6.406248325193027,15248025840.0,15620025840.0,10.443853315068491,3.4552517199184227,43.81616620689656,56.474169777777774,3.599628385269121,3.599628385269121,3.53954811692726,30.99211476190476,44.88513172413793,57.851947555555554,0.0239375250166811,0.017707210286312,0.4232766761095373,0.0450502512562814,0.7380952380952381,0.0,0.0,0.9586776859504132,0.000196746780959,0.0082191780821917,0.0,0.0,0.044572864321608,0.2241379310344827,0.0176750509857239,1.5918367346938775,0.0,21.07362009989689,0.0091569400788804,0.0095986956293062,-51.63675535848908,37425000000.0,2462000000.0,1861000000.0,39800000000.0,9117000000.0,0.0,0.0,184.54792658055743,0.0,0.0,0.4876781964857995,0.0,0.0,0.086166194523135,0.2786878802928366,2007-11-02,0.94,bmo,3474063829.0,2025-04-25,2007-09-30,0.2127659574468084,51.52746031746032,2106092.111111111
2007-06-30,CI,USD,1739940,2007-06-30,2007-06-29 20:00:00,2007,Q2,4381000000.0,0.0,4381000000.0,1.0,0,0.0,0.0,0.0,4053000000.0,4053000000.0,4053000000.0,0.0,0.0,44000000.0,0.0,0.0,328000000.0,0.0748687514,0.0,328000000.0,0.0748687514,111000000.0,198000000.0,0.0451951609,0.7,0.68,282857143,291176471,,,15.488383830561425,0.6999999996464646,0.1414141413427201,-0.1626262625441281,48.685353510764976,14.173232316074126,8.018181814132232,14.173232316074126,6.335353532153862,14770800007.46,15458800007.46,18.65000000941919,3.3715590064962337,369.2700001865,-321.1043479882608,3.6844100791868297,3.6844100791868297,3.528600777781328,0.0,386.4700001865,-336.06086972739126,0.0134048257304953,-0.0031142524424383,0.4469942629084559,0.0431536868467947,0.0,0.0,0.0,0.184331797235023,0.000203103420159,0.0151515151515151,0.0,0.0,0.0419255406251505,2.15,0.0196302214106368,1.9545454545454544,0.0,14.940830260244102,0.005225641766604,0.0049767500314188,-59.59633835373922,39217000000.0,2268000000.0,1700000000.0,41526000000.0,9224500000.0,0.0,0.0,188.68979685003424,0.0,0.0,0.4769733260751225,0.0,0.0,0.0493888750311798,0.3040404038868483,2007-08-01,0.88,bmo,3982727272.0,2025-04-25,2007-06-30,0.0909090909090908,52.94460317460317,2660474.571428572
2007-03-31,CI,USD,1739940,2007-03-31,2007-03-30 20:00:00,2007,Q1,4374000000.0,0.0,4374000000.0,1.0,0,0.0,0.0,0.0,3961000000.0,3961000000.0,3961000000.0,0.0,0.0,54000000.0,425000000.0,0.0971650663,425000000.0,0.0971650663,413000000.0,413000000.0,0.0944215821,136000000.0,289000000.0,0.0660722451,1.0,0.98,289000000,294897959,,,15.134948096885813,1.0,1.3079584775086506,1.2422145328719725,50.22491349480969,14.366782006920417,8.349480968858131,14.366782006920417,7.2076124567474045,13741950000.0,14235950000.0,11.8875,3.141735253772291,36.354365079365074,38.27841225626741,3.309718208092485,3.309718208092485,3.254675354366712,33.49635294117647,37.661243386243385,39.654456824512536,0.021030494216614,0.0261243855493579,0.5016859344894027,0.04915286233423,1.1623529411764706,137.5807560137457,0.0,1.364620938628159,0.0001455397523641,0.0069204152249134,0.0,0.0,0.0410354429184954,0.0502645502645502,0.0043438500228623,0.3518518518518518,0.0,17.979226767458865,0.0067263303164406,0.0071113954575653,-58.003460207612456,39745000000.0,2413000000.0,1810000000.0,42087000000.0,9384000000.0,0.0,0.0,190.6172839506173,0.0,0.0,0.4721502590673575,0.0,0.0,0.0696050096339113,0.0657439446366782,2007-05-02,0.84,bmo,4113642857.0,2025-04-25,2007-03-31,0.0595238095238095,45.94213114754098,2770722.081967213
2006-12-31,CI,USD,1739940,2006-12-31,2006-12-30 19:00:00,2006,Q4,4205000000.0,0.0,4205000000.0,1.0,0,0.0,0.0,0.0,-3856000000.0,-3856000000.0,3856000000.0,0.0,0.0,53000000.0,0.0,0.0,349000000.0,0.0829964328,0.0,349000000.0,0.0829964328,117000000.0,232000000.0,0.0551724138,0.73,0.0,0,319285714,,,0.0,0.0,0.0,0.0,0.0,0.0,0.0,0.0,0.0,0.0,284000000.0,0.0,0.0,0.0,0.0,0.0,0.0,0.067538644470868,0.0,1.083969465648855,1.2968036529680365,,0.0,0.3870669745958429,0.0395292341800514,0.0,104.79319371727748,0.0,1.1293103448275863,,0.0129310344827586,0.0,0.0,0.0409443618953277,0.1641221374045801,0.0102259215219976,0.8113207547169812,0.0,,0.005471827165735,0.0057054324570248,0.0,39649000000.0,2594000000.0,1962000000.0,42017000000.0,9396000000.0,0.0,0.0,203.4149821640904,0.0,0.0,0.4424452861952861,0.0,0.0,0.0535796766743649,0.0,2007-02-07,0.76,bmo,3596381578.0,2025-04-25,2006-12-31,0.1447368421052631,40.955238095238094,2602077.904761905
2006-09-30,CI,USD,1739940,2006-09-30,2006-09-29 20:00:00,2006,Q3,4137000000.0,0.0,4137000000.0,1.0,0,0.0,0.0,0.0,3691000000.0,3691000000.0,3691000000.0,0.0,0.0,48000000.0,442000000.0,0.1068407058,442000000.0,0.1068407058,446000000.0,446000000.0,0.10780759,144000000.0,298000000.0,0.0720328741,0.93,0.92,320430108,323913043,,,12.910771793017652,0.9299999986268456,0.9331208039913652,0.8519798645138552,44.28422812253336,13.285268436760006,7.914362404421746,13.285268436760006,4.628154355582591,12423075287.160002,12698075287.160002,10.42204302614094,3.0029188511385065,41.54874677979934,45.50577028263737,2.918269975842142,2.918269975842142,3.06939214096205,28.7286771202715,42.46847922127091,46.51309628996338,0.02398761925785,0.021975235091923,0.3483673948790228,0.0351513427670719,0.6221719457013575,87.58461538461539,0.0,0.9900662251655628,0.0002414860999112,0.0100671140939597,0.0,0.0,0.0407926236696769,0.0869565217391304,0.0062847474014986,0.5416666666666666,0.0,16.67315931756012,0.0070940643253129,0.0073638430364732,-52.35463079518108,39396000000.0,2536000000.0,1919000000.0,41734000000.0,9363500000.0,0.0,0.0,202.0594633792603,0.0,0.0,0.4454134366925064,0.0,0.0,0.0700023490721165,0.08114093947751,2006-11-01,0.72,bmo,3504958333.0,2025-04-25,2006-09-30,0.1527777777777777,36.02857142857143,4147960.031746032
2006-06-30,CI,USD,1739940,2006-06-30,2006-06-29 20:00:00,2006,Q2,4098000000.0,0.0,4098000000.0,1.0,0,0.0,0.0,0.0,3690000000.0,3690000000.0,3690000000.0,0.0,0.0,53000000.0,0.0,0.0,408000000.0,0.0995607613,0.0,408000000.0,0.0995607613,135000000.0,273000000.0,0.0666178624,0.79,0.78,345569620,350000000,,,11.858681327368997,0.7900000005787545,0.4861538465100028,0.3790842493619665,41.89604398673703,13.583369973321153,8.889670336182908,13.583369973321153,3.8371428599539503,11348506320.8,11286506320.8,10.392405055677658,2.769279238848219,67.55063286190477,86.6298192427481,2.4176621902002555,2.4176621902002555,2.754149907467057,0.0,67.18158524285715,86.15653680000001,0.0240560292502665,0.0115433693471975,0.2824882829143587,0.0313653136531365,0.0,106.49468085106383,0.0,0.6153846153846154,0.0002643519697831,0.0109890109890109,0.0,0.0,0.0383669221307597,0.2202380952380952,0.0090287945339189,0.6981132075471698,0.0,15.538481311011893,0.0064575645756457,0.0067152063757563,-46.37198721345933,39666000000.0,3072000000.0,2460000000.0,41900000000.0,8820000000.0,0.0,0.0,207.29868228404092,0.0,0.0,0.4341561606102341,0.0,0.0,0.0581593523647209,0.1070695971480363,2006-08-02,0.65,bmo,3341446153.0,2025-04-25,2006-06-30,0.1846153846153846,34.15873015873016,5528507.285714285
2006-03-31,CI,USD,1739940,2006-03-31,2006-03-30 19:00:00,2006,Q1,4107000000.0,0.0,4107000000.0,1.0,0,0.0,0.0,0.0,3579000000.0,3579000000.0,3579000000.0,0.0,0.0,54000000.0,0.0,0.0,528000000.0,0.1285609934,0.0,528000000.0,0.1285609934,176000000.0,352000000.0,0.085707329,0.98,0.96,360409556,367944251,,,11.395369328109602,0.9766666675175504,-0.2413920456648491,-0.324630682101004,47.02705496521296,14.84977274021003,10.349337130228587,14.84977274021003,3.712443185052507,15692232068.24,15126232068.24,11.145051184829546,3.820850272276601,-180.37048354298847,-134.1216416088889,2.9320314028849026,2.9320314028849026,3.68303678311176,0.0,-173.86473641655172,-129.28403477128205,0.0224314806503801,-0.0074559182843593,0.25,0.0303897519760152,0.0,491.52941176470586,0.0,-0.2471590909090909,0.0001911773919066,0.0085227272727272,0.0,0.0,0.0368401926047061,-0.3448275862068966,0.0073046018991964,0.5555555555555556,0.0,18.06443346054375,0.0079949123285182,0.0083007121633731,-43.218193692955246,41695000000.0,3730000000.0,3104000000.0,43943000000.0,8408500000.0,0.0,0.0,179.71512052593133,0.0,0.0,0.500792586269967,0.0,0.0,0.0657698056801195,0.0832386364361548,2006-05-03,0.63,bmo,3650666666.0,2025-04-25,2006-03-31,0.111111111111111,40.73435483870968,2792795.2258064514
2005-12-31,CI,USD,1739940,2005-12-31,2005-12-30 19:00:00,2005,Q4,4210000000.0,0.0,4210000000.0,1.0,0,0.0,0.0,0.0,-3902000000.0,-3902000000.0,3902000000.0,0.0,0.0,51000000.0,0.0,0.0,308000000.0,0.0731591449,0.0,308000000.0,0.0731591449,98000000.0,210000000.0,0.0498812352,0.55,0.0,0,380882353,,,0.0,0.0,0.0,0.0,0.0,0.0,0.0,0.0,0.0,0.0,-271000000.0,0.0,0.0,0.0,0.0,0.0,0.0,-0.0643705463182897,0.0,-0.5827956989247312,-0.6215596330275229,,0.0,0.2682835820895522,0.0320531395582105,0.0,426.03,0.0,2.2142857142857144,,0.0142857142857142,0.0,0.0,0.0361545148563404,0.0623655913978494,0.0068883610451306,0.5686274509803921,0.0,,0.0046809174598221,0.0048565019310376,0.0,42503000000.0,3738000000.0,3100000000.0,44763000000.0,8832500000.0,0.0,0.0,184.19002375296915,0.0,0.0,0.4886258124419684,0.0,0.0,0.0391791044776119,0.0,2006-02-08,0.55,bmo,3368000000.0,2025-04-25,2005-12-31,0.1999999999999999,37.72,3430341.634920635
2005-09-30,CI,USD,1739940,2005-09-30,2005-09-29 20:00:00,2005,Q3,4022000000.0,0.0,4022000000.0,1.0,0,0.0,0.0,0.0,3639000000.0,3639000000.0,3639000000.0,0.0,0.0,58000000.0,0.0,0.0,383000000.0,0.0952262556,0.0,383000000.0,0.0952262556,124000000.0,259000000.0,0.064395823,0.68,0.67,380882353,388500000,,,10.55969111806028,0.6799999998949807,-0.4358301157628061,-0.4857142856392719,47.06702701975799,14.854980692686487,10.601698840061514,14.854980692686487,3.775444014860936,14964867649.37,15151867649.37,14.444852943407335,3.720752772095972,-90.14980511668676,-80.89117648308107,2.6449041444627075,2.6449041444627075,3.767247053547986,0.0,-91.27631114078312,-81.90198729389189,0.0173072028479251,-0.0123622877485179,0.2541534110993284,0.0313310238141926,0.0,436.17,0.0,-0.640926640926641,0.000267292708076,0.0154440154440154,0.0,0.0,0.0352964246029152,-0.1144578313253012,0.0047240179015415,0.3275862068965517,0.0,15.075848386177208,0.0056430703531821,0.0058495381349233,-40.76127412497896,43517000000.0,4038000000.0,3378000000.0,45797000000.0,9219500000.0,0.0,0.0,202.48881153654892,0.0,0.0,0.4444690020996795,0.0,0.0,0.0457758925415341,0.0498841698764657,2005-11-02,0.54,bmo,3202703703.0,2025-04-25,2005-09-30,0.2037037037037036,37.230625,2990752.46875
2005-06-30,CI,USD,1739940,2005-06-30,2005-06-29 20:00:00,2005,Q2,4107000000.0,0.0,4107000000.0,1.0,0,0.0,0.0,0.0,3670000000.0,3670000000.0,3670000000.0,0.0,0.0,50000000.0,0.0,0.0,437000000.0,0.106403701,0.0,437000000.0,0.106403701,66000000.0,720000000.0,0.1753104456,1.86,1.83,387096774,394160584,,,10.609750005304877,1.86000000093,0.3823333335245,0.310000000155,49.39850002469925,15.187416674260374,11.002416672167875,15.187416674260374,3.71483333519075,13811612896.32,13370612896.32,4.795698922333333,3.362944459780862,93.32170875891892,115.096774136,2.349313300955945,2.349313300955945,3.255566811862673,0.0,90.3419790291892,111.421774136,0.0521300448691143,0.008688340811519,0.2445994216703521,0.0300422011448627,0.0,455.16,0.0,0.398921832884097,0.0002172085202879,0.0041666666666666,0.0,0.0,0.033844482513684,0.1891891891891892,0.00681762843925,0.56,0.0,25.210977532328915,0.007750804328751,0.0155689140682437,-40.874791687104064,45416000000.0,4259000000.0,3529000000.0,47766000000.0,10401000000.0,0.0,0.0,205.7706355003652,0.0,0.0,0.4373801916932907,0.0,0.0,0.1224698077904405,0.0723333333695,2005-08-03,0.52,bmo,3001269230.0,2025-04-25,2005-06-30,0.2692307692307693,32.3040625,3148685.75
2005-03-31,CI,USD,1739940,2005-03-31,2005-03-30 19:00:00,2005,Q1,4345000000.0,0.0,4345000000.0,1.0,0,0.0,0.0,0.0,3680000000.0,3680000000.0,3680000000.0,0.0,0.0,62000000.0,0.0,0.0,665000000.0,0.1530494822,0.0,665000000.0,0.1530494822,229000000.0,436000000.0,0.1003452244,1.11,1.09,391616766,398780488,,,11.09503059427236,1.113333334661162,0.6920030589293003,0.6332721720091014,48.60619271852115,13.55662081127548,9.419923558635382,13.55662081127548,3.671957190923741,11658431123.82,10696431123.82,6.684880231548165,2.683183227576525,43.02004104730627,47.00980291862903,2.1959749715238277,2.1959749715238277,2.461779315033372,0.0,39.47022554915129,43.13077066056452,0.0373978278354438,0.0212721589522707,0.2708608024110002,0.0282642451402401,0.0,485.1,0.0,0.6215596330275229,0.0002573245034548,0.0068807339449541,0.0,0.0,0.0318415000884486,0.084870848708487,0.0052934407364787,0.3709677419354839,0.0,18.428058816041105,0.0085696876781256,0.0088515337921513,-45.896911369724144,48410000000.0,3689000000.0,2942000000.0,50777000000.0,13817500000.0,0.0,0.0,236.38204833141543,0.0,0.0,0.3807395723799509,0.0,0.0,0.0821246939159917,0.0587308869201989,2005-05-04,0.5,bmo,3584625000.0,2025-04-25,2005-03-31,0.5,28.40016393442623,3309725.721311476
2004-12-31,CI,USD,1739940,2004-12-31,2004-12-30 19:00:00,2004,Q4,4342000000.0,0.0,4342000000.0,1.0,0,0.0,0.0,0.0,-3584000000.0,-3584000000.0,3584000000.0,0.0,0.0,56000000.0,758000000.0,0.1745739291,758000000.0,0.1745739291,758000000.0,758000000.0,0.1745739291,233000000.0,525000000.0,0.1209120221,1.3,0.0,0,405063291,,,0.0,0.0,0.0,0.0,0.0,0.0,0.0,0.0,0.0,0.0,-1081000000.0,0.0,0.0,0.0,0.0,0.0,0.0,-0.2489636112390603,-1.4261213720316623,-4.23921568627451,-4.341365461847389,,0.0,0.276379012108399,0.0177401645714849,-1.4261213720316623,0.0,0.0,0.4857142857142857,,0.0876190476190476,0.0,0.0,0.0199854427022292,0.0235294117647058,0.0013818516812528,0.1071428571428571,0.0,,0.0064767638386854,0.006608844522212,0.0,78662000000.0,3583000000.0,2806000000.0,81059000000.0,19287000000.0,0.0,0.0,336.2666973744818,0.0,0.0,0.2676447019663441,0.0,0.0,0.1009033250048049,0.0,2005-02-09,0.54,bmo,3714822222.0,2025-04-25,2004-12-31,0.4814814814814814,23.77859375,4433049.96875
2004-09-30,CI,USD,1739940,2004-09-30,2004-09-29 20:00:00,2004,Q3,4479000000.0,0.0,4479000000.0,1.0,0,0.0,0.0,0.0,-3965000000.0,-3965000000.0,3965000000.0,0.0,0.0,61000000.0,514000000.0,0.1147577584,514000000.0,0.1147577584,495000000.0,514000000.0,0.1147577584,194000000.0,308000000.0,0.0687653494,0.76,0.75,405263158,408849558,,,11.052077919207251,0.7599999998025974,-0.2023376622851071,-0.2023376622851071,49.80220777927215,11.355584412634911,7.358181816270602,11.355584412634911,3.548311687390049,9406157897.18,7919157897.18,7.634868423035715,2.1000575791873186,-114.7092426485366,-114.7092426485366,2.0439282697044763,2.0439282697044763,1.7680638305827194,15.406921978949416,-96.57509630707318,-96.57509630707318,0.0327445066696509,-0.0087176933341278,0.3124728378965667,0.0161904118534531,-2.8929961089494163,0.0,0.0,-0.25625,0.000425253333372,0.0129870129870129,0.0,0.0,0.0182395460379652,0.0,0.0,0.0,0.0,13.934866106483424,0.0036028732914499,0.0035321911053005,-116.63964282684684,86382000000.0,2982000000.0,2166000000.0,88818000000.0,23391000000.0,0.0,0.0,449.1158740790355,0.0,0.0,0.2003937184018612,0.0,0.0,0.0669274228596262,0.0,2004-11-03,0.45,bmo,3085533333.0,2025-04-25,2004-09-30,0.311111111111111,21.8878125,2804364.25
2004-06-30,CI,USD,1739940,2004-06-30,2004-06-29 20:00:00,2004,Q2,4633000000.0,0.0,4633000000.0,1.0,0,0.0,0.0,0.0,-3857000000.0,-3857000000.0,3857000000.0,0.0,0.0,51000000.0,776000000.0,0.1674940643,776000000.0,0.1674940643,759000000.0,776000000.0,0.1674940643,261000000.0,504000000.0,0.1087848047,1.21,1.2,416528926,421169916,,,11.122876973975153,1.209999998895635,0.4561507932344655,0.4225396821540312,48.654484082577255,10.256190466829668,6.366904756093698,10.256190466829668,3.4523412666903237,9555173562.44,7960173562.440001,4.739669425813492,2.062416050602202,50.29038717073684,54.2907588775,2.236697931282772,2.236697931282772,1.7181466787049429,10.257955621701033,41.89565032863158,45.2282588775,0.052746294633637,0.0184193409831748,0.3366104868913858,0.015628226446263,-2.0554123711340204,0.0,0.0,0.3689320388349514,0.0003139660394859,0.0059523809523809,0.0,0.0,0.0176062078184604,0.0736842105263157,0.0030218001295057,0.2745098039215686,0.0,16.710020502817752,0.0055970352015476,0.0055756529819786,-118.00320921769548,89525000000.0,2652000000.0,1784000000.0,92013000000.0,16715000000.0,0.0,0.0,474.5931361968487,0.0,0.0,0.1896361180467438,0.0,0.0,0.1179775280898876,0.0336111110804343,2004-08-04,0.42,bmo,4302071428.0,2025-04-25,2004-06-30,0.3809523809523809,22.26983870967742,3558905.483870968
2004-03-31,CI,USD,1739940,2004-03-31,2004-03-30 19:00:00,2004,Q1,4722000000.0,0.0,4722000000.0,1.0,0,0.0,0.0,0.0,-4395000000.0,-4395000000.0,4395000000.0,0.0,0.0,62000000.0,0.0,0.0,327000000.0,0.0692503177,-15000000.0,327000000.0,0.0692503177,110000000.0,68000000.0,0.0144006777,0.16,0.16,416326531,425000000,,,11.34205881296573,0.1633333331812091,2.577303919168197,2.534068625090818,73.22617640238738,11.116274499450528,7.225098032486429,11.116274499450528,3.634166663281904,8189142864.77,8211142864.77,30.107142885183823,1.7342530420944515,7.632006397735323,7.762220724900474,1.7694777149459813,1.7694777149459813,1.7389120848729354,0.0,7.652509659617894,7.783073805469194,0.0083036773350894,0.1288291115958728,0.3269230769230769,0.0163052849383567,0.0,0.0,0.0,4.944700460829493,0.0057393063933706,0.6911764705882353,0.0,0.0,0.0174584015863436,0.0167753960857409,0.0038119440914866,0.2903225806451613,0.0,6.39158108353731,0.0023385636692818,0.0007458430219804,-122.32886018018392,90236000000.0,3008000000.0,2072000000.0,92792000000.0,9210000000.0,0.0,0.0,171.5184243964422,0.0,0.0,0.524724969441049,0.0,0.0,0.0146931719965427,0.0432352940773788,2004-04-30,0.61,bmo,4644590163.0,2025-04-25,2004-03-31,0.0163934426229508,19.06403225806452,3586379.306451613
2003-12-31,CI,USD,1739940,2003-12-31,2003-12-30 19:00:00,2003,Q4,4501000000.0,0.0,4501000000.0,1.0,0,0.0,0.0,0.0,-4084000000.0,-4084000000.0,4084000000.0,0.0,0.0,59000000.0,0.0,0.0,417000000.0,0.0926460786,0.0,417000000.0,0.0926460786,127000000.0,290000000.0,0.0644301266,0.69,0.0,0,417857143,,,0.0,0.0,0.0,0.0,0.0,0.0,0.0,0.0,0.0,0.0,108000000.0,0.0,0.0,0.0,0.0,0.0,0.0,0.0239946678515885,0.0,0.0736196319018405,0.0756832515767344,,0.0,0.3319318433281699,0.0164920343474102,0.0,0.0,0.0,5.058620689655172,,0.1586206896551724,0.0,0.0,0.017811397095203,0.0272665303340149,0.0088869140191068,0.6779661016949152,0.0,,0.0031884599738326,0.0032462807697043,0.0,88360000000.0,2899000000.0,1926000000.0,90953000000.0,9371500000.0,0.0,0.0,188.378138191513,0.0,0.0,0.4777624456002547,0.0,0.0,0.0641734897101128,0.0,2004-02-06,0.47,bmo,3734872340.0,2025-04-25,2003-12-31,0.1702127659574469,17.54015625,3631172.578125
2003-09-30,CI,USD,1739940,2003-09-30,2003-09-29 20:00:00,2003,Q3,4773000000.0,0.0,4773000000.0,1.0,0,0.0,0.0,0.0,-4492000000.0,-4492000000.0,4492000000.0,0.0,0.0,70000000.0,0.0,0.0,281000000.0,0.0588728263,0.0,281000000.0,0.0588728263,86000000.0,195000000.0,0.0408548083,0.47,0.46,417857143,420863309,,,11.422564098658953,0.4666666665071225,0.4810256408611878,0.4307692306219592,76.3873504012351,10.135042731577764,6.25811965598013,10.135042731577764,3.589743588516327,6217714287.84,5756714287.84,7.971428574153847,1.302684744990572,30.93390192955224,34.54285715466667,1.4681733855584416,1.4681733855584416,1.2060997879404989,0.0,28.640369591243783,31.98174604355556,0.0313620071577367,0.02894954506868,0.3541912632821724,0.0166346910937863,0.0,0.0,0.0,1.0307692307692309,0.0075590478790442,0.241025641025641,0.0,0.0,0.0179654663812892,0.1044776119402985,0.004399748585795,0.3,0.0,10.315907553152282,0.0021625098421922,0.0022020710760787,-112.54444440596772,87568000000.0,2615000000.0,1630000000.0,90173000000.0,9447500000.0,0.0,0.0,175.7762413576367,0.0,0.0,0.5120145891439605,0.0,0.0,0.0460448642266824,0.0502564102392285,2003-10-31,0.39,bmo,3671538461.0,2025-04-25,2003-09-30,0.2307692307692306,15.1553125,4201131.671875
2003-06-30,CI,USD,1739940,2003-06-30,2003-06-29 20:00:00,2003,Q2,4634000000.0,0.0,4634000000.0,1.0,0,0.0,0.0,0.0,-4711000000.0,-4711000000.0,4711000000.0,0.0,0.0,54000000.0,-77000000.0,-0.0166163142,-77000000.0,-0.0166163142,-77000000.0,-77000000.0,-0.0166163142,-24000000.0,-53000000.0,-0.0114372033,-0.13,-0.13,418421053,418421053,,,11.074968543707577,-0.1266666665551362,0.2103144652236225,0.1625157231273446,76.5066665993023,10.064025148371298,6.1923270385727935,10.064025148371298,3.5849056572208378,6548289479.45,6273289479.45,-30.88815792193396,1.4130965644044022,74.41238044829545,96.29837469779412,1.5550438089408691,1.5550438089408691,1.3537525851208458,-81.47129194090908,71.28738044829545,92.25425705073528,-0.0080937167127882,0.0103843912541434,0.3562099263832818,0.0164225185574459,3.571428571428572,0.0,0.0,-1.660377358490566,0.0070247352601558,-0.8679245283018868,0.0,0.0,0.0177363200420416,0.2272727272727272,0.0043159257660768,0.3703703703703703,0.0,,-0.000580262322363,-0.0005907398738268,-114.5622326035301,88705000000.0,2591000000.0,1578000000.0,91338000000.0,9654000000.0,0.0,0.0,185.92360811394045,0.0,0.0,0.4840697795884258,0.0,0.0,-0.0125860840655426,0.0477987420962778,2003-08-01,0.36,bmo,4376555555.0,2025-04-25,2003-06-30,0.0555555555555556,16.76809523809524,3761483.8412698414
2003-03-31,CI,USD,1739940,2003-03-31,2003-03-30 19:00:00,2003,Q1,4900000000.0,0.0,4900000000.0,1.0,0,0.0,0.0,0.0,-4570000000.0,-4570000000.0,4618000000.0,0.0,0.0,63000000.0,330000000.0,0.0673469388,330000000.0,0.0673469388,282000000.0,282000000.0,0.0575510204,94000000.0,236000000.0,0.0481632653,0.56,0.56,418934911,421428571,,,11.696327690389117,0.5633333336595574,1.3176271194071003,1.2555649724785052,74.84694919588594,9.870268367297754,6.003319212516047,9.870268367297754,3.604378533160728,6384568043.64,5833568043.64,6.763313605550848,1.3029730701306124,11.566246455869564,12.137962060152091,1.5440309658137847,1.5440309658137847,1.1905240905387755,17.677478920121214,10.568058050072464,11.090433543041826,0.0369641295052203,0.0823861530497706,0.3651753325272068,0.0169693428032005,-1.6696969696969697,8632.5,0.0,2.936170212765957,0.00720487270017,0.1949152542372881,0.0,0.0,0.0182055200934999,0.0471014492753623,0.0053061224489795,0.4126984126984127,0.0,11.185063773977651,0.0024723545805987,0.0027013415136669,-110.2599682841901,86315000000.0,2515000000.0,1476000000.0,88974000000.0,9858000000.0,0.0,0.0,178.80612244897958,0.0,0.0,0.5033384694401644,0.0,0.0,0.0570737605804111,0.0620621469285953,2003-05-02,0.47,bmo,4691489361.0,2025-04-25,2003-03-31,0.0425531914893617,14.377704918032787,3805995.147540984
2002-12-31,CI,USD,1739940,2002-12-31,2002-12-30 19:00:00,2002,Q4,4332000000.0,0.0,4332000000.0,1.0,0,0.0,0.0,0.0,-4274000000.0,-4274000000.0,4273000000.0,0.0,0.0,55000000.0,58000000.0,0.013388735,58000000.0,0.013388735,59000000.0,59000000.0,0.0136195753,11000000.0,47000000.0,0.0108494922,0.11,0.0,0,419617225,,,0.0,0.0,0.0,0.0,0.0,0.0,0.0,0.0,0.0,0.0,55000000.0,0.0,0.0,0.0,0.0,0.0,0.0,0.0126962142197599,0.9482758620689656,0.0806451612903225,0.0941780821917808,,0.0,0.421515386604603,0.0183249016301292,0.9482758620689656,663.4769230769231,0.0,14.208333333333334,,1.0,0.0,0.0,0.0182124789207419,0.1436950146627566,0.0226223453370267,1.7818181818181815,0.0,,0.0005304827507359,0.0005381884804763,0.0,86122000000.0,2247000000.0,1169000000.0,88820000000.0,10029000000.0,0.0,0.0,207.3614958448753,0.0,0.0,0.434024646828975,0.0,0.0,0.0121541246444272,0.0,2003-02-07,0.4,bmo,4115400000.0,2025-04-25,2002-12-31,0.0499999999999999,15.67875,6263774.484375
2002-09-30,CI,USD,1739940,2002-09-30,2002-09-29 20:00:00,2002,Q3,5218000000.0,0.0,5218000000.0,1.0,0,0.0,0.0,0.0,-6502000000.0,-6502000000.0,6502000000.0,0.0,0.0,63000000.0,-1277000000.0,-0.2447297815,-1284000000.0,-0.2460712917,0.0,-1284000000.0,-0.2460712917,-407000000.0,-877000000.0,-0.1680720583,-2.09,-2.09,419720721,419720721,,,12.432076232900592,-2.089484640907209,1.3556633531085542,1.3556633531085542,69.6606065346009,10.621348379890923,6.6949279828383785,10.621348379890923,3.883534737375999,9897014601.179998,9050014601.179998,-2.8212698407012544,1.896706516132617,17.393698771845344,17.39369877184534,2.220057111076716,2.220057111076716,1.7343837871176693,-7.086933908519968,15.905122321933211,15.905122321933211,-0.0886125801911454,0.0574920845253839,0.3656348138178555,0.018189122235365,0.66327329678935,667.8923076923077,0.0,-0.6488027366020525,0.0046478662357955,-0.0524515393386545,0.0,0.0,0.0183899837079027,0.0,0.0,0.0,0.0,,-0.0097864173008681,-0.0099697610440397,-115.2200679651458,86696000000.0,2810000000.0,1670000000.0,89484000000.0,10114500000.0,0.0,0.0,173.80797240321962,0.0,0.0,0.5178128411233502,0.0,0.0,-0.1967249887842081,0.0,2002-11-01,0.5,bmo,5218000000.0,2025-04-25,2002-09-30,0.0,27.6396875,3010753.828125
2002-06-30,CI,USD,1739940,2002-06-30,2002-06-29 20:00:00,2002,Q2,4971000000.0,0.0,4971000000.0,1.0,0,0.0,0.0,0.0,-4646000000.0,-4646000000.0,4646000000.0,0.0,0.0,40000000.0,-3000000.0,-0.0006035003,325000000.0,0.0653791994,0.0,325000000.0,0.0653791994,111000000.0,214000000.0,0.0430496882,0.51,0.5,423066066,429603604,,,11.749937892678918,0.5058311625494445,-0.522377041698258,-0.522377041698258,63.235986409744335,12.307770389696062,8.402942910576051,12.307770389696062,3.857553538694829,13555036754.64,13899036754.64,15.835323311495326,2.726822923886542,-61.33500793954751,-61.33500793954751,2.6032334846629537,2.6032334846629537,2.79602429182056,-4633.012251546666,-62.89156902552036,-62.89156902552036,0.0157874894678353,-0.0163039026747271,0.3134242366045707,0.0182873534882678,-114.66666666666669,655.1439393939394,0.0,-1.0327102803738315,0.0033935725024318,0.2149532710280373,0.0,0.0,0.0185114632123887,0.0,0.0,0.0,0.0,11.835421859982883,0.0023979740480939,0.0024432012786847,-117.4001036518963,86347000000.0,3555000000.0,2444000000.0,89110000000.0,10180500000.0,0.0,0.0,183.80205190102595,0.0,0.0,0.4896572104018912,0.0,0.0,0.0410985212214326,0.0,2002-08-02,0.65,bmo,4971000000.0,2025-04-25,2002-06-30,0.0,34.65984375,2427331.640625
2002-03-31,CI,USD,1739940,2002-03-31,2002-03-30 19:00:00,2002,Q1,4827000000.0,0.0,4827000000.0,1.0,0,0.0,0.0,0.0,-4496000000.0,-4496000000.0,4496000000.0,0.0,0.0,63000000.0,334000000.0,0.0691941164,331000000.0,0.0685726124,0.0,331000000.0,0.0685726124,113000000.0,218000000.0,0.0451626269,0.51,0.51,425081081,430285285,,,11.355480673580011,0.5128433368221345,0.8186673450188201,0.658697863808246,63.8419379572435,11.861266533289916,7.974949136821264,11.861266533289916,3.907489827805345,14457007564.81,14493007564.81,16.579137115607796,2.9950295348684484,41.54312518623563,51.63216987432143,2.8673160580741768,2.8673160580741768,3.002487583345763,43.39223821799401,41.6465734620977,51.76074130289285,0.0150791924969754,0.0193677701796014,0.3294327647758825,0.0179983962897947,0.1077844311377245,592.9933774834437,0.0,1.5963302752293578,0.0031818479580773,0.2110091743119266,0.0,0.0,0.017900873371909,0.1954022988505747,0.0140874249015951,1.0793650793650793,0.0,11.6990110234607,0.002362221788787,0.0024052783723547,-123.38646047623088,89391000000.0,3390000000.0,2298000000.0,92135000000.0,10012000000.0,0.0,0.0,190.3480422622747,0.0,0.0,0.4728181016749926,0.0,0.0,0.0432368107893693,0.159969481210574,2002-05-02,0.63,bmo,4750380952.0,2025-04-25,2002-03-31,0.0158730158730158,31.296333333333333,2215166.35
2001-12-31,CI,USD,1739940,2001-12-31,2001-12-30 19:00:00,2001,Q4,4942000000.0,0.0,4942000000.0,1.0,0,0.0,0.0,0.0,-4661000000.0,-4661000000.0,4661000000.0,0.0,0.0,65000000.0,281000000.0,0.056859571,281000000.0,0.056859571,281000000.0,281000000.0,0.056859571,90000000.0,191000000.0,0.0386483205,0.43,0.0,0,442622951,,,0.0,0.0,0.0,0.0,0.0,0.0,0.0,0.0,0.0,0.0,-256000000.0,0.0,0.0,0.0,0.0,0.0,0.0,-0.0518008903278025,-0.9110320284697508,-0.6790450928381963,-0.6790450928381963,,0.0,0.3317507418397626,0.0183100590682287,-0.9110320284697508,1774.08,0.0,1.973821989528796,,0.2460732984293193,0.0,0.0,0.0197403618338446,0.0,0.0,0.0,0.0,,0.0020854032689515,0.0021273988928615,0.0,88654000000.0,3247000000.0,2170000000.0,91539000000.0,9813000000.0,0.0,0.0,178.7434237150951,0.0,0.0,0.5035150280183393,0.0,0.0,0.0377843719090009,0.0,2002-02-08,0.6,bmo,4612533333.0,2025-04-25,2001-12-31,0.0666666666666667,28.5259375,2485326.953125
2001-09-30,CI,USD,1739940,2001-09-30,2001-09-29 20:00:00,2001,Q3,4778000000.0,0.0,4778000000.0,1.0,0,0.0,0.0,0.0,-4367000000.0,-4367000000.0,4367000000.0,0.0,0.0,64000000.0,411000000.0,0.0860192549,411000000.0,0.0860192549,411000000.0,411000000.0,0.0860192549,141000000.0,270000000.0,0.0565089996,0.61,0.6,442622951,447513812,,,10.794740736342884,0.6099999997514814,0.8336666663270247,0.8336666663270247,61.93307404884208,12.02603703213754,7.905148144927532,12.02603703213754,3.4272962948999903,12234098365.64,12166098365.64,11.327868857074074,2.560506146010883,33.154738118265584,33.154738118265584,2.298346489881645,2.298346489881645,2.546274249820008,29.60121256846715,32.970456275447155,32.970456275447155,0.0220694645351476,0.0301616015313684,0.2849896674807439,0.0171081864420159,-0.1654501216545012,612.9714285714285,0.0,1.3666666666666667,0.0038417216042664,0.174074074074074,0.0,0.0,0.0205704232499915,0.0,0.0,0.0,0.0,12.847465049527948,0.0030449639679263,0.003108915679298,-109.74747217751028,85676000000.0,3499000000.0,2468000000.0,88531000000.0,9796500000.0,0.0,0.0,184.80326496442024,0.0,0.0,0.4870043828355927,0.0,0.0,0.0507232763479241,0.0,2001-11-02,0.53,bmo,4597698113.0,2025-04-25,2001-09-30,0.0377358490566038,30.456440677966103,2758989.779661017
2001-06-30,CI,USD,1739940,2001-06-30,2001-06-29 20:00:00,2001,Q2,4663000000.0,0.0,4663000000.0,1.0,0,0.0,0.0,0.0,-4278000000.0,-4278000000.0,4278000000.0,0.0,0.0,56000000.0,385000000.0,0.0825648724,385000000.0,0.0825648724,385000000.0,385000000.0,0.0825648724,133000000.0,252000000.0,0.0540424619,0.56,0.55,447337278,455421687,,,10.423902118883998,0.5633333334674603,0.4068518519487213,0.4068518519487213,58.72750001398274,11.805410055720865,7.687711642042048,11.805410055720865,3.438121693940293,14287952659.32,14151952659.32,14.17455620964286,3.0641116575852454,78.50523439186813,78.50523439186813,2.705539227290286,2.705539227290286,3.034945884477804,36.75831859563636,77.75798164461538,77.75798164461538,0.0176372364892755,0.0127380041311434,0.2912327210755538,0.0168098454543467,-0.3532467532467532,550.8447204968944,0.0,0.7222222222222222,0.0034294626506924,0.1944444444444444,0.0,0.0,0.0201324677028001,0.0,0.0,0.0,0.0,12.232480226507176,0.0027542789691127,0.0028108686922768,-117.59695108620032,88525000000.0,3439000000.0,2473000000.0,91333000000.0,9811500000.0,0.0,0.0,188.80120094359853,0.0,0.0,0.4766918830505009,0.0,0.0,0.0477182351827305,0.0,2001-08-01,0.59,bmo,4742033898.0,2025-04-25,2001-06-30,-0.0169491525423729,32.15936507936508,3427257.53968254
2001-03-31,CI,USD,1739940,2001-03-31,2001-03-30 19:00:00,2001,Q1,4732000000.0,0.0,4732000000.0,1.0,0,0.0,0.0,0.0,-4312000000.0,-4312000000.0,4312000000.0,0.0,0.0,59000000.0,420000000.0,0.0887573964,420000000.0,0.0887573964,420000000.0,420000000.0,0.0887573964,144000000.0,276000000.0,0.0583262891,0.61,0.59,454945055,465168539,,,10.401256037391152,0.6066666665933977,0.3472946859483943,0.3472946859483943,57.37835748099295,11.704710143513925,7.616304346906244,11.704710143513925,3.391618357078307,16282483518.45,15773483518.45,14.748626375407609,3.4409305829353336,103.05369315474684,103.05369315474682,3.0577433837464785,3.0577433837464785,3.3333650715236685,37.55591313916666,99.83217416740506,99.83217416740506,0.016950731114652,0.0097036794062138,0.2897652582159624,0.0174703637866419,-1.2119047619047618,633.6666666666666,0.0,0.572463768115942,0.0028865375448864,0.1702898550724637,0.0,0.0,0.0210595441627698,0.0,0.0,0.0,0.0,12.63998787339882,0.0031249646177013,0.0031921906986965,-108.82907607381291,85410000000.0,3465000000.0,2549000000.0,88186000000.0,9941500000.0,0.0,0.0,187.1703296703297,0.0,0.0,0.4808454425363276,0.0,0.0,0.0518309859154929,0.0,2001-05-02,0.59,bmo,4732000000.0,2025-04-25,2001-03-31,0.0,37.39903225806452,3059597.4516129037
2000-12-31,CI,USD,1739940,2000-12-31,2000-12-30 19:00:00,2000,Q4,5106000000.0,0.0,5106000000.0,1.0,0,0.0,0.0,0.0,-4705000000.0,-4705000000.0,4705000000.0,0.0,0.0,67000000.0,0.0,0.0,401000000.0,0.0785350568,0.0,401000000.0,0.0785350568,124000000.0,277000000.0,0.0542499021,0.59,0.0,0,468539326,,,0.0,0.0,0.0,0.0,0.0,0.0,0.0,0.0,0.0,0.0,-897000000.0,0.0,0.0,0.0,0.0,0.0,0.0,-0.1756756756756756,0.0,-1.954248366013072,-1.954248366013072,,0.0,0.2418252355440606,0.013766195524146,0.0,632.4041095890411,0.0,1.6570397111913358,,0.1732851985559566,0.0,0.0,0.0197501261988894,0.0,0.0,0.0,0.0,,0.0029130910314655,0.0029717841433322,0.0,92185000000.0,3535000000.0,2656000000.0,94942000000.0,9893500000.0,0.0,0.0,177.00352526439482,0.0,0.0,0.5084644493128859,0.0,0.0,0.0511731017919822,0.0,2001-02-09,0.59,bmo,5019457627.0,2025-04-25,2000-12-31,0.0169491525423729,40.37222222222222,2461666.333333333
2000-09-30,CI,USD,1739940,2000-09-30,2000-09-29 20:00:00,2000,Q3,5026000000.0,0.0,5026000000.0,1.0,0,0.0,0.0,0.0,-4596000000.0,-4596000000.0,4596000000.0,0.0,0.0,51000000.0,430000000.0,0.0855551134,430000000.0,0.0855551134,430000000.0,430000000.0,0.0855551134,152000000.0,278000000.0,0.0553123756,0.59,0.58,468539326,479310345,,,10.726954432849464,0.5933333331341327,0.6594964026562842,0.6594964026562842,61.21577935594674,11.476091123245435,7.429472419568043,11.476091123245435,2.904772181278973,16305168544.8,15649168544.8,14.662921353237408,3.2441640558694784,52.76753574368932,52.76753574368932,3.0323913975822947,3.0323913975822947,3.113642766573816,36.39341522046512,50.64455839741101,50.64455839741101,0.0170498084233946,0.0189510460533415,0.2531151199553654,0.014070819333161,-1.5255813953488373,2043.8695652173917,0.0,1.1115107913669064,0.0030051820602386,0.1762589928057553,0.0,0.0,0.0196019643318687,0.0,0.0,0.0,0.0,12.377633717471632,0.0028741276815714,0.0029315926562549,-118.14856710661678,93972000000.0,3481000000.0,2670000000.0,96679000000.0,9718500000.0,0.0,0.0,174.5025865499403,0.0,0.0,0.515751667521806,0.0,0.0,0.0517016923935279,0.0,2000-11-02,0.52,bmo,4349423076.0,2025-04-25,2000-09-30,0.1346153846153845,32.55920634920635,2374658.4285714286
2000-06-30,CI,USD,1739940,2000-06-30,2000-06-29 20:00:00,2000,Q2,4971000000.0,0.0,4971000000.0,1.0,0,0.0,0.0,0.0,-4725000000.0,-4725000000.0,4725000000.0,0.0,0.0,59000000.0,246000000.0,0.0494870247,246000000.0,0.0494870247,246000000.0,246000000.0,0.0494870247,85000000.0,161000000.0,0.0323878495,0.33,0.33,483000000,487878788,,,10.29192546583851,0.3333333333333333,0.9710144927536232,0.9710144927536232,58.68115942028985,11.316770186335404,7.3561076604554865,11.316770186335404,2.8178053830227743,15055110000.0,14197110000.0,23.3775,3.0285878092939047,32.10044776119403,32.10044776119403,2.754319429198683,2.754319429198683,2.8559867229933613,57.71182926829268,30.27102345415778,30.27102345415778,0.0106940434178162,0.0311522134345082,0.2489937797292352,0.0140996819542718,-3.4878048780487805,3754.2,0.0,2.9130434782608696,0.0034539767560648,0.3229813664596273,0.0,0.0,0.0198182891833373,0.0,0.0,0.0,0.0,9.212805023309434,0.0016679271084774,0.0017016509184687,-114.80124223602483,93830000000.0,3553000000.0,2794000000.0,96502000000.0,9568500000.0,0.0,0.0,175.47374773687386,0.0,0.0,0.5128972348328519,0.0,0.0,0.0294548115623856,0.0,2000-08-01,0.52,bmo,4493019230.0,2025-04-25,2000-06-30,0.096153846153846,28.452539682539683,2430670.523809524
2000-03-31,CI,USD,1739940,2000-03-31,2000-03-30 19:00:00,2000,Q1,4891000000.0,0.0,4891000000.0,1.0,0,0.0,0.0,0.0,-4471000000.0,-4471000000.0,4471000000.0,0.0,0.0,56000000.0,420000000.0,0.0858720098,420000000.0,0.0858720098,420000000.0,420000000.0,0.0858720098,149000000.0,271000000.0,0.055407892,0.54,0.53,504968944,508125000,,,9.685744159347747,0.5366666667722837,0.8871832720073177,0.8871832720073177,54.15382534891096,11.56110701334536,7.725227553795863,11.56110701334536,2.699175892290121,12750465836.0,11603465836.0,11.76242235793358,2.606924112860356,28.46086124107143,28.460861241071427,2.184046905789654,2.184046905789654,2.3724117432017997,27.62729960952381,25.900593383928573,25.900593383928573,0.0212541254167241,0.0351359711686066,0.2334703665638917,0.0140519809891027,-2.730952380952381,4491.666666666667,0.0,1.6531365313653137,0.0039998538607119,0.1881918819188192,0.0,0.0,0.0199696897842201,0.0,0.0,0.0,0.0,11.81525993000657,0.002793900842294,0.0028508310540711,-112.34205721768107,94304000000.0,3901000000.0,3166000000.0,96976000000.0,9344000000.0,0.0,0.0,173.7988141484359,0.0,0.0,0.51784012705135,0.0,0.0,0.0464200068516615,0.0,2000-05-01,0.48,bmo,4483416666.0,2025-04-25,2000-03-31,0.0833333333333334,24.684285714285718,2786777.8095238097
1999-12-31,CI,USD,1739940,1999-12-31,1999-12-30 19:00:00,1999,Q4,7689000000.0,0.0,7689000000.0,1.0,0,0.0,0.0,0.0,-7244000000.0,-7244000000.0,-7244000000.0,0.0,0.0,53000000.0,445000000.0,0.0578748862,445000000.0,0.0578748862,774000000.0,1219000000.0,0.1585381714,153000000.0,292000000.0,0.0379763298,0.5,0.0,0,586248013,,,0.0,0.0,0.0,0.0,0.0,0.0,0.0,0.0,0.0,0.0,-816000000.0,0.0,0.0,0.0,0.0,0.0,0.0,-0.1061256340226297,-1.8337078651685392,-1.2477064220183487,-1.2477064220183487,,0.0,0.2302813465604163,0.0148531987874083,-1.8337078651685392,1625.6666666666667,0.0,2.23972602739726,,0.1986301369863013,0.0,0.0,0.0205070647100164,0.0,0.0,0.0,0.0,,0.0040819741503309,0.0031270748998693,0.0,92606000000.0,4194000000.0,3479000000.0,95276000000.0,5833000000.0,0.0,0.0,108.18962153726105,0.0,0.0,0.8318727685816294,0.0,0.0,0.0474873963246056,0.0,2000-02-08,0.46,bmo,6184630434.0,2025-04-25,1999-12-31,0.1956521739130435,25.60140625,2778907.78125
1999-09-30,CI,USD,1739940,1999-09-30,1999-09-29 20:00:00,1999,Q3,3781000000.0,0.0,3781000000.0,1.0,0,0.0,0.0,0.0,-2650000000.0,-2650000000.0,-2650000000.0,0.0,0.0,74000000.0,1131000000.0,0.299127215,1131000000.0,0.299127215,0.0,0.0,0.0,69000000.0,1062000000.0,0.2808780746,1.81,1.81,586248013,586248013,,,6.449488810463567,1.8115199991304705,0.7113030505060322,0.7113030505060322,40.77966913296813,12.240553214463516,8.873377622859422,12.240553214463516,2.435829151373175,15195548496.96,16623548496.96,3.57710652,4.018923167669929,36.44016426129497,36.44016426129497,2.117551351304348,2.117551351304348,4.396601030669135,14.69809769846154,39.86462469294964,39.86462469294964,0.0698888888553422,0.0274422473189055,0.1989966555183946,0.0153924094294676,1.2625994694960212,1313.2058823529412,0.0,-3.159090909090909,0.0039485247940871,0.0564971751412429,0.0,0.0,0.021277742446617,0.0,0.0,0.0,0.0,22.336408761022486,,0.0116961640546702,-102.12870435775788,89230000000.0,5202000000.0,3701000000.0,92705000000.0,1211500000.0,0.0,0.0,57.67521819624438,0.0,0.0,1.5604622368964094,0.0,0.0,0.1479933110367893,0.0,1999-11-01,0.43,bmo,3253418604.0,2025-04-25,1999-09-30,0.1395348837209302,29.645,2221455.796875
1999-06-30,CI,USD,1739940,1999-06-30,1999-06-29 20:00:00,1999,Q2,3724000000.0,0.0,3724000000.0,1.0,0,0.0,0.0,0.0,-3326000000.0,-3326000000.0,-3326000000.0,0.0,0.0,16000000.0,371000000.0,0.0996240602,398000000.0,0.1068743287,0.0,0.0,0.0,166000000.0,232000000.0,0.0622986037,0.38,0.38,605823215,616545749,,,6.147007753738853,0.3829499996958683,1.0300034474578528,1.0300034474578528,39.05759867587775,12.11739632658349,8.733570898236378,12.11739632658349,2.7532784460892605,17974774789.05,19642774789.05,19.36936938475216,4.826738665158431,28.805728828605773,28.80572882860577,2.448545809705762,2.448545809705762,5.274644143139097,52.94548460660377,31.47880575168269,31.47880575168269,0.0129069767339355,0.0347153167326542,0.2272170004086636,0.0178498812148192,4.495956873315364,292.8273615635179,0.0,2.4,0.0033936447446985,0.2629310344827586,0.0,0.0,0.0219378036513066,0.0,0.0,0.0,0.0,10.21802479398768,,0.0025384043065342,-103.07132254745304,89591000000.0,5291000000.0,3793000000.0,93139000000.0,2332000000.0,0.0,0.0,0.0,0.0,0.0,0.0,0.0,0.0,0.0316033237978477,0.0,1999-08-02,0.39,bmo,3533025641.0,2025-04-25,1999-06-30,0.0512820512820511,30.427142857142854,1893899.4285714289
1999-03-31,CI,USD,1739940,1999-03-31,1999-03-30 19:00:00,1999,Q1,4263000000.0,0.0,4263000000.0,1.0,0,0.0,0.0,0.0,-3924000000.0,-3924000000.0,-3924000000.0,0.0,0.0,82000000.0,366000000.0,0.0858550317,339000000.0,0.0795214638,0.0,0.0,0.0,151000000.0,188000000.0,0.0441003988,0.31,0.3,613657135,620400620,,,6.946875961932717,0.3063600001978303,0.1988080852347622,0.1988080852347622,54.57444897141137,12.823121497642164,8.812738729095035,12.823121497642164,2.76538787412616,17145580351.900002,18842580351.9,22.79997387220745,4.021951759770115,140.5375438680328,140.5375438680328,2.178876649116788,2.178876649116788,4.420028231738213,51.48245997786886,154.44737993360658,154.44737993360658,0.0109649248460211,0.0071155363362477,0.2156563731096708,0.0150907490240367,4.636612021857924,369.55631399317406,0.0,0.4372759856630824,0.003441120031464,0.3138297872340425,0.0,0.0,0.0218846984962606,0.0,0.0,0.0,0.0,9.40165192146972,,0.001709215215652,-110.15271581581138,107987000000.0,5408000000.0,3696000000.0,112160000000.0,11029000000.0,3382500000.0,0.0,98.4658691062632,0.0,0.0,0.9140222984562608,0.0,0.0,0.0238912187063159,0.0,1999-05-03,0.43,bmo,4560418604.0,2025-04-25,1999-03-31,-0.069767441860465,26.671639344262296,2225249.606557377
1998-12-31,CI,USD,1739940,1998-12-31,1998-12-30 19:00:00,1998,Q4,9328000000.0,0.0,9328000000.0,1.0,0,0.0,0.0,0.0,-8949000000.0,-8949000000.0,-8949000000.0,0.0,0.0,0.0,379000000.0,0.0406303602,379000000.0,0.0406303602,1631000000.0,2010000000.0,0.2154802744,141000000.0,238000000.0,0.0255145798,0.38,0.0,0,628128128,,,0.0,0.0,0.0,0.0,0.0,0.0,0.0,0.0,0.0,0.0,-1325000000.0,0.0,0.0,0.0,0.0,0.0,0.0,-0.1420454545454545,-3.496042216358839,-3.0957943925233646,-3.0957943925233646,,0.0,0.2057508759212275,0.0148588280459288,-3.496042216358839,15.799204206337928,0.0,1.7983193277310925,,0.2478991596638655,0.0,0.0,0.0217690992217219,0.0,0.0,0.0,0.0,,0.0032677166062646,0.0021227824504758,0.0,104142000000.0,5782000000.0,4844000000.0,107575000000.0,11178500000.0,3382500000.0,0.0,167.823756432247,0.0,0.0,0.5362768770840519,0.0,0.0,0.0287543796061374,0.0,1999-02-09,0.36,bmo,9587111111.0,2025-04-25,1998-12-31,-0.0277777777777778,24.5578125,1699605.5
1998-09-30,CI,USD,1739940,1998-09-30,1998-09-29 20:00:00,1998,Q3,4093000000.0,0.0,4093000000.0,1.0,0,0.0,0.0,0.0,-3701000000.0,-3701000000.0,-3701000000.0,0.0,0.0,65000000.0,392000000.0,0.0957732714,392000000.0,0.0957732714,0.0,0.0,0.0,141000000.0,251000000.0,0.0613242121,0.4,0.4,628128128,633406516,,,6.516186455512465,0.399600000081512,0.4807936255960822,0.4807936255960822,55.8070852703479,12.984611954839888,9.065029483920837,12.984611954839888,2.6825737057264853,13843943941.12,15528943941.12,13.788788785976095,3.38234643076472,45.84087397721854,45.84087397721854,1.6973938132810202,1.6973938132810202,3.7940249062106033,39.61465291102041,51.42034417589404,51.42034417589404,0.0181306715100504,0.0218145928128893,0.2065963707699853,0.01541684965598,4.298469387755102,429.4816326530613,0.0,1.203187250996016,0.0044784925642355,0.247011952191235,0.0,0.0,0.0225259844825062,0.0,0.0,0.0,0.0,10.804843641153695,,0.0023494393170713,-99.2850777094956,104978000000.0,5694000000.0,4083000000.0,109051000000.0,4745500000.0,0.0,0.0,109.1302223308087,0.0,0.0,0.8247028007253677,0.0,0.0,0.03077488965179,0.0,1998-11-02,0.4,bmo,4297650000.0,2025-04-25,1998-09-30,-0.05,22.21234375,1688407.0625
1998-06-30,CI,USD,1739940,1998-06-30,1998-06-29 20:00:00,1998,Q2,4115000000.0,0.0,4115000000.0,1.0,0,0.0,0.0,0.0,-3644000000.0,-3644000000.0,-3644000000.0,0.0,0.0,78000000.0,519000000.0,0.1261239368,471000000.0,0.1144592953,0.0,0.0,0.0,163000000.0,308000000.0,0.0748481166,0.48,0.47,642308976,651355581,,,6.406574022406313,0.4795199997329634,-0.0342514285523545,-0.0342514285523545,54.99689607326926,12.9844051875744,9.107766228694272,12.9844051875744,2.6373599985312985,14773106448.0,16467106448.0,11.991157831168833,3.590062320291616,-671.5048385454545,-671.5048385454545,1.771355689208633,1.771355689208633,4.001726961846901,31.728528801541422,-748.5048385454545,-748.5048385454545,0.0208486956405636,-0.0014891925457545,0.2031175059952038,0.015271304551642,3.2639691714836223,423.53937007874015,0.0,-0.0714285714285714,0.0041968153562173,0.2012987012987013,0.0,0.0,0.0224471950021185,0.0,0.0,0.0,0.0,11.836018941002216,,0.0028403589180814,-99.4318970874852,107325000000.0,5850000000.0,4992000000.0,110673000000.0,4472000000.0,0.0,0.0,99.03280680437425,0.0,0.0,0.9087897526501768,0.0,0.0,0.0369304556354916,0.0,1998-07-30,0.4,bmo,3909250000.0,2025-04-25,1998-06-30,0.0499999999999999,23.17190476190476,1447711.6825396826
1998-03-31,CI,USD,1739940,1998-03-31,1998-03-30 19:00:00,1998,Q1,3901000000.0,0.0,3901000000.0,1.0,0,0.0,0.0,0.0,-3133000000.0,-3133000000.0,-3133000000.0,0.0,0.0,78000000.0,768000000.0,0.1968725968,768000000.0,0.1968725968,0.0,0.0,0.0,273000000.0,495000000.0,0.1268905409,0.77,0.76,646298472,654839862,,,6.035910912690507,0.7659000004567549,-0.1253290909838326,-0.1253290909838326,55.13242185106079,12.881045462227242,8.986560005359257,12.881045462227242,2.675234547049958,14722679192.16,16451679192.16,7.43569656169697,3.7740782343399126,-181.76147150814813,-181.76147150814813,1.7684899930522524,1.7684899930522524,4.21729792159959,21.421457281458338,-203.10715052049383,-203.10715052049383,0.0336215979129391,-0.0055017160221173,0.2076876876876877,0.0155459049263165,2.251302083333333,405.46992481203006,0.0,-0.1636363636363636,0.0040753452015683,0.1212121212121212,0.0,0.0,0.0226310252744585,0.0,0.0,0.0,0.0,14.898853523730436,,0.0045537340619307,-98.94809096809996,107589000000.0,5808000000.0,4961000000.0,110953000000.0,7717000000.0,3281000000.0,0.0,101.88156882850552,0.0,0.0,0.8833786231884058,0.0,0.0,0.0594594594594594,0.0,1998-04-30,0.38,bmo,3798342105.0,2025-04-25,1998-03-31,0.0263157894736842,20.45704918032787,2042389.8688524591
1997-12-31,CI,USD,1739940,1997-12-31,1997-12-30 19:00:00,1997,Q4,9243000000.0,0.0,9243000000.0,1.0,0,0.0,0.0,0.0,-8868000000.0,-8868000000.0,-8868000000.0,0.0,0.0,0.0,375000000.0,0.0405712431,375000000.0,0.0405712431,-16461000000.0,1650000000.0,0.1785134697,135000000.0,240000000.0,0.0259655956,0.36,0.0,0,664950665,,,0.0,0.0,0.0,0.0,0.0,0.0,0.0,0.0,0.0,0.0,-470000000.0,0.0,0.0,0.0,0.0,0.0,0.0,-0.0508492913556204,-1.2533333333333334,-0.9233791748526524,-0.9233791748526524,,0.0,0.271684316691881,0.0199170047782327,-1.2533333333333334,14.451185879757308,0.0,2.120833333333333,,0.2625,0.0,0.0,0.0234937476316786,0.0,0.0,0.0,0.0,,0.0033877247637984,0.0022715011783412,0.0,97548000000.0,5390000000.0,4533000000.0,100947000000.0,7729500000.0,3281000000.0,0.0,107.28334956183058,0.0,0.0,0.8388999818478853,0.0,0.0,0.0302571860816944,0.0,1998-02-10,0.39,bmo,9243000000.0,2025-04-25,1997-12-31,0.0,18.531875,3671494.875
1997-09-30,CI,USD,1739940,1997-09-30,1997-09-29 20:00:00,1997,Q3,3925000000.0,0.0,3925000000.0,1.0,0,0.0,0.0,0.0,-3498000000.0,-3498000000.0,-3498000000.0,0.0,0.0,0.0,427000000.0,0.1087898089,427000000.0,0.1087898089,0.0,0.0,0.0,148000000.0,279000000.0,0.0710828025,0.42,0.42,664950665,670270270,,,5.902693547949155,0.4195799999688698,0.5549283870556021,0.5549283870556021,58.211837415035895,12.01743290233419,8.190081289714929,12.01743290233419,2.9220212901057856,13757829258.85,15700829258.85,12.327803995385306,3.5051794290063696,37.284090132384826,37.284090132384826,1.7216655310787137,1.7216655310787137,4.000211276140128,36.7700919411007,42.54967278821138,42.54967278821138,0.0202793620091285,0.0268210916894926,0.2431485421098736,0.0182564738602623,4.550351288056207,232.01576576576576,0.0,1.3225806451612905,0.0043611531202427,0.2150537634408602,0.0,0.0,0.0239128800691547,0.0,0.0,0.0,0.0,10.651346214338997,,0.0026857137356449,-84.81569080015883,102571000000.0,5446000000.0,4578000000.0,105984000000.0,4428000000.0,0.0,0.0,101.83184713375796,0.0,0.0,0.8838099527133528,0.0,0.0,0.0349142785633838,0.0,1997-10-30,0.38,bmo,3821710526.0,2025-04-25,1997-09-30,0.0263157894736842,20.95234375,1677645.609375
1997-06-30,CI,USD,1739940,1997-06-30,1997-06-29 20:00:00,1997,Q2,3482000000.0,0.0,3482000000.0,1.0,0,0.0,0.0,0.0,-3071000000.0,-3071000000.0,-3071000000.0,0.0,0.0,0.0,411000000.0,0.1180356117,411000000.0,0.1180356117,0.0,0.0,0.0,132000000.0,279000000.0,0.0801263642,0.42,0.42,664950665,670270270,,,5.236478709288907,0.4195799999688698,0.0571470967699536,0.0571470967699536,56.34252580227136,11.351218063673942,7.496796773637334,11.351218063673942,3.36115161265385,13112827113.8,15347827113.8,11.74984508405018,3.765889464043653,345.0743977315789,345.0743977315789,1.737258494144144,1.737258494144144,4.407761951120046,37.34264504574209,403.8901872052632,403.8901872052632,0.0212768762661698,0.0028979257996933,0.2961049284578696,0.0215604560977021,5.437956204379562,136.36598639455784,0.0,0.1362007168458781,0.0047281947258155,0.2222222222222222,0.0,0.0,0.0247245856726669,0.0,0.0,0.0,0.0,10.351895559899468,,0.0027596712133651,-83.22083563898684,99494000000.0,4985000000.0,4115000000.0,102927000000.0,4235000000.0,0.0,0.0,114.11545089029292,0.0,0.0,0.7886749716874292,0.0,0.0,0.0369634340222575,0.0,1997-07-30,0.38,bmo,3298736842.0,2025-04-25,1997-06-30,0.0526315789473684,18.28828125,1728974.890625
1997-03-31,CI,USD,1739940,1997-03-31,1997-03-30 19:00:00,1997,Q1,3388000000.0,0.0,3388000000.0,1.0,0,0.0,0.0,0.0,-2951000000.0,-2951000000.0,-2951000000.0,0.0,0.0,54000000.0,437000000.0,0.1289846517,437000000.0,0.1289846517,0.0,0.0,0.0,149000000.0,288000000.0,0.0850059032,0.44,0.43,660202187,665280665,,,5.13176124937617,0.4362299999469708,0.4771265624419993,0.4771265624419993,57.0719103055622,10.780030936189553,9.18506499888344,10.780030936189553,2.0342253122527145,10708479473.14,12051479473.14,9.295555098211803,3.16070822701889,33.995172930603175,33.995172930603175,1.504633900961079,1.504633900961079,3.5571072825088548,27.577756231441647,38.258664994095234,38.258664994095234,0.0268945745959908,0.0294159409643649,0.1887031052409723,0.0135997245625405,3.073226544622426,223.810623556582,0.0,1.09375,0.0056030363741647,0.2083333333333333,0.0,0.0,0.0106630751782242,0.0,0.0,0.0,0.0,10.286296229997076,,0.0029478295581326,-77.1199353812501,96477000000.0,6064000000.0,5275000000.0,98319000000.0,7785500000.0,2663000000.0,0.0,107.71841794569066,0.0,0.0,0.8355117139334155,0.0,0.0,0.0404664886890543,0.0,1997-04-30,0.34,bmo,2889764705.0,2025-04-25,1997-03-31,0.1470588235294117,16.865081967213115,2069285.7704918035
1996-12-31,CI,USD,1739940,1996-12-31,1996-12-30 19:00:00,1996,Q4,8617000000.0,0.0,8617000000.0,1.0,0,0.0,0.0,0.0,-8153000000.0,-8153000000.0,-8153000000.0,0.0,0.0,0.0,464000000.0,0.0538470465,464000000.0,0.0538470465,-15169000000.0,1601000000.0,0.1857955205,158000000.0,306000000.0,0.0355111988,0.45,0.0,0,675075075,,,0.0,0.0,0.0,0.0,0.0,0.0,0.0,0.0,0.0,0.0,23000000.0,0.0,0.0,0.0,0.0,0.0,0.0,0.0026691423929441,0.0495689655172413,0.064066852367688,0.064066852367688,,0.0,0.1817425083240843,0.0132414183479561,0.0495689655172413,17.28619768477293,0.0,1.173202614379085,,0.2026143790849673,0.0,0.0,0.0107952937371123,0.0,0.0,0.0,0.0,,0.0044677544133147,0.0031267881958636,0.0,91447000000.0,6140000000.0,5338000000.0,93317000000.0,7957000000.0,2663000000.0,0.0,120.27851920622024,0.0,0.0,0.7482632858631469,0.0,0.0,0.0424528301886792,0.0,1997-02-11,0.38,bmo,8390236842.0,2025-04-25,1996-12-31,0.0263157894736842,14.753125,1454117.71875
1996-09-30,CI,USD,1739940,1996-09-30,1996-09-29 20:00:00,1996,Q3,3444000000.0,0.0,3444000000.0,1.0,0,0.0,0.0,0.0,-3010000000.0,-3010000000.0,-3010000000.0,0.0,0.0,0.0,434000000.0,0.1260162602,434000000.0,0.1260162602,0.0,0.0,0.0,153000000.0,281000000.0,0.0815911731,0.42,0.41,675075075,680519229,,,5.101654804837818,0.4162500000462911,0.5910453737312106,0.5910453737312106,54.52134342243343,10.38106761681284,8.784208186030272,10.38106761681284,1.933118327617117,8991999999.0,10296999999.0,7.999999999110321,2.610917537456446,22.53634084962406,22.53634084962406,1.2831050226883562,1.2831050226883562,2.9898373980836235,23.72580644930876,25.80701754135338,25.80701754135338,0.0312500000034753,0.0443727758056464,0.1862157534246575,0.0134056519461308,3.006912442396313,356.2350746268657,0.0,1.4199288256227758,0.0064501779366603,0.2064056939501779,0.0,0.0,0.0110737875846199,0.0,0.0,0.0,0.0,9.86028328241766,,0.0029189043201861,-74.41320507944987,95203000000.0,5930000000.0,5132000000.0,97079000000.0,4326000000.0,0.0,0.0,114.93031358885018,0.0,0.0,0.7830832196452933,0.0,0.0,0.0400970319634703,0.0,1996-10-30,0.35,bmo,,2025-04-25,1996-09-30,0.1142857142857144,12.75,1738973.671875
1996-06-30,CI,USD,1739940,1996-06-30,1996-06-29 20:00:00,1996,Q2,3499000000.0,0.0,3499000000.0,1.0,0,0.0,0.0,0.0,-3154000000.0,-3154000000.0,-3154000000.0,0.0,0.0,0.0,345000000.0,0.0985995999,345000000.0,0.0985995999,0.0,0.0,0.0,114000000.0,231000000.0,0.0660188625,0.34,0.34,680091857,686825439,,,5.144893243443143,0.3396599997814707,0.0308781817983155,0.0308781817983155,54.39412282214695,10.12363246101916,8.510615059459534,10.12363246101916,2.121772206427109,8956809756.69,10399809756.69,9.693517052694803,2.55981987901972,426.5147503185714,426.5147503185714,1.3009164497734205,1.3009164497734205,2.9722234228893973,30.144376106347828,495.2290360328571,495.2290360328571,0.0257904327852293,0.0023445847986572,0.2095860566448801,0.015047080782907,4.182608695652174,231.4975369458128,0.0,0.0909090909090909,0.0069221075007974,0.2683982683982684,0.0,0.0,0.0114391182389805,0.0,0.0,0.0,0.0,8.795927608199875,,0.002436657454484,-71.79985982393552,93582000000.0,5788000000.0,4974000000.0,95493000000.0,4241500000.0,0.0,0.0,109.4198342383538,0.0,0.0,0.8225199811941702,0.0,0.0,0.0335511982570806,0.0,1996-07-30,0.32,bmo,,2025-04-25,1996-06-30,0.1249999999999999,12.317142857142857,2893841.6666666665
1996-03-31,CI,USD,1739940,1996-03-31,1996-03-30 19:00:00,1996,Q1,3390000000.0,0.0,3390000000.0,1.0,0,0.0,0.0,0.0,-3032000000.0,-3032000000.0,-3032000000.0,0.0,0.0,0.0,358000000.0,0.1056047198,358000000.0,0.1056047198,0.0,0.0,0.0,120000000.0,238000000.0,0.0702064897,0.35,0.35,680680681,687225687,,,4.980308821193061,0.349649999835973,-0.1160602940632011,-0.1160602940632011,52.08022056380354,10.082554407034802,8.456241172503617,10.082554407034802,2.162541175456102,8726326330.42,10198326330.42,9.166309170609244,2.57413756059587,-110.45982696734175,-110.45982696734175,1.27150318088591,1.27150318088591,3.008355849681416,28.486945057039108,-129.09273835974685,-129.09273835974685,0.0272737909388434,-0.009053065059532,0.2144834620428384,0.015427020342287,4.111731843575419,214.89425287356323,0.0,-0.3319327731092437,0.0068757456148344,0.2521008403361344,0.0,0.0,0.0116017061949128,0.0,0.0,0.0,0.0,8.906217816909315,,0.0025235924080161,-73.35634959794018,93044000000.0,5756000000.0,4925000000.0,94982000000.0,7808500000.0,2704000000.0,0.0,112.27433628318585,0.0,0.0,0.8016079451406952,0.0,0.0,0.0346787119335567,0.0,1996-04-30,0.29,bmo,,2025-04-25,1996-03-31,0.103448275862069,12.891746031746033,2637835.5555555555
1995-12-31,CI,USD,1739940,1995-12-31,1995-12-30 19:00:00,1995,Q4,8615000000.0,0.0,8615000000.0,1.0,0,0.0,0.0,0.0,-8187000000.0,-8187000000.0,-8187000000.0,0.0,0.0,0.0,428000000.0,0.0496807893,428000000.0,0.0496807893,-16551000000.0,251000000.0,0.0291352293,146000000.0,282000000.0,0.0327336042,0.43,0.0,0,658798333,,,0.0,0.0,0.0,0.0,0.0,0.0,0.0,0.0,0.0,0.0,-79000000.0,0.0,0.0,0.0,0.0,0.0,0.0,-0.0091700522344747,-0.1845794392523364,-0.1038107752956636,-0.1038107752956636,,0.0,0.2067905547016906,0.0154322596790507,-0.1845794392523364,16.132085194091378,0.0,2.698581560283688,,0.2056737588652482,0.0,0.0,0.0116576123791747,0.0,0.0,0.0,0.0,,0.0019784941123951,0.0029751542965659,0.0,88099000000.0,6039000000.0,5175000000.0,90081000000.0,7778500000.0,2704000000.0,0.0,118.9692396982008,0.0,0.0,0.7564980681419038,0.0,0.0,0.0394019840715383,0.0,1996-02-13,0.36,bmo,,2025-04-25,1995-12-31,0.1111111111111112,11.633015873015871,3113016.73015873
1995-09-30,CI,USD,1739940,1995-09-30,1995-09-29 20:00:00,1995,Q3,3408000000.0,0.0,3408000000.0,1.0,0,0.0,0.0,0.0,-4291000000.0,-4291000000.0,-4291000000.0,0.0,0.0,0.0,-883000000.0,-0.2590962441,-883000000.0,-0.2590962441,0.0,0.0,0.0,-317000000.0,-566000000.0,-0.1660798122,-0.86,-0.86,658798333,658798333,,,5.173054984035608,-0.859140000282909,-0.5692181980672983,-0.5692181980672983,58.91028871197827,9.70554975584615,7.982716009695792,9.70554975584615,2.4878630043528056,7622296712.81,9261296712.81,-3.3667388307464665,2.2365894110357982,-20.326124567493338,-20.326124567493338,1.1921014564920238,1.1921014564920238,2.7175166410827467,-10.488444748369195,-24.696791234160003,-24.696791234160003,-0.0742558340780388,-0.0491977699280292,0.2563340631842352,0.0174828531504336,-1.856172140430351,160.646234676007,0.0,0.6625441696113075,0.007346866975919,-0.0989399293286219,0.0,0.0,0.0121067958058219,0.0,0.0,0.0,0.0,,,-0.0061113870473146,-68.9410517983202,91158000000.0,5259000000.0,4374000000.0,93178000000.0,4188000000.0,0.0,0.0,110.0968309859155,0.0,0.0,0.8174622211561525,0.0,0.0,-0.0885204879574601,0.0,1995-10-31,-0.92,bmo,,2025-04-25,1995-09-30,-0.1630434782608696,10.031428571428572,3051073.126984127
1995-06-30,CI,USD,1739940,1995-06-30,1995-06-29 20:00:00,1995,Q2,3514000000.0,0.0,3514000000.0,1.0,0,0.0,0.0,0.0,-3210000000.0,-3210000000.0,-3210000000.0,0.0,0.0,0.0,304000000.0,0.0865110985,304000000.0,0.0865110985,0.0,0.0,0.0,99000000.0,205000000.0,0.0583380763,0.31,0.3,654910229,676500677,,,5.365620881148277,0.3130200001808186,0.3710432197265314,0.3710432197265314,53.7692013969139,10.427383323096638,8.683632883064956,10.427383323096638,2.620206440537975,5645326173.98,7361326173.98,6.884544114609756,1.606524238468981,23.2317949546502,23.231794954650205,0.8266695232069116,0.8266695232069116,2.0948566232157084,24.21488873019737,30.293523349711933,30.293523349711933,0.0363132250789812,0.0430444570448412,0.2512813003367989,0.0187062594021845,5.644736842105263,360.2128514056225,0.0,1.1853658536585363,0.0097425725821657,0.2682926829268293,0.0,0.0,0.0124490374343209,0.0,0.0,0.0,0.0,8.569687241540757,,0.0022628929706817,-71.05668523616845,89444000000.0,5687000000.0,4788000000.0,91485000000.0,4204500000.0,0.0,0.0,107.74900398406372,0.0,0.0,0.8352745424292846,0.0,0.0,0.0300190364621467,0.0,1995-08-01,0.23,bmo,,2025-04-25,1995-06-30,0.2608695652173912,8.23,2094054.253968254
1995-03-31,CI,USD,1739940,1995-03-31,1995-03-30 19:00:00,1995,Q1,3418000000.0,0.0,3418000000.0,1.0,0,0.0,0.0,0.0,-3016000000.0,-3016000000.0,-3016000000.0,0.0,0.0,0.0,402000000.0,0.117612639,402000000.0,0.117612639,0.0,0.0,0.0,112000000.0,290000000.0,0.0848449386,0.44,0.43,654790128,680367868,,,5.219993176195228,0.4428900003208356,0.7254232763875756,0.7254232763875756,51.04230893352748,9.44882907581038,7.689486729708301,9.44882907581038,2.532109036317053,5441305963.68,7099305963.68,4.690781003172414,1.5919561040608543,11.45538097616842,11.455380976168422,0.8794740526394051,0.8794740526394051,2.077035097624342,17.659965083781096,14.945907291957896,14.945907291957896,0.0532960289194748,0.0872952197818983,0.2679812510101826,0.018661294134861,4.124378109452737,374.11206896551727,0.0,1.637931034482759,0.0097403087335591,0.1827586206896551,0.0,0.0,0.0129661102794692,0.0,0.0,0.0,0.0,9.70349514501793,,0.0033069160157363,-70.3836206889179,86562000000.0,5035000000.0,4134000000.0,88615000000.0,7837000000.0,2363000000.0,0.0,110.64365125804564,0.0,0.0,0.8134221799143265,0.0,0.0,0.0468724745433974,0.0,1995-05-02,0.18,bmo,,2025-04-25,1995-03-31,0.2222222222222222,7.906825396825397,2078410.9523809524
1994-12-31,CI,USD,1739940,1994-12-31,1994-12-30 19:00:00,1994,Q4,8085000000.0,0.0,8085000000.0,1.0,0,0.0,0.0,0.0,-7832000000.0,-7832000000.0,-7832000000.0,0.0,0.0,0.0,253000000.0,0.031292517,253000000.0,0.031292517,-15112000000.0,805000000.0,0.0995670996,71000000.0,182000000.0,0.0225108225,0.28,0.0,0,648016437,,,0.0,0.0,0.0,0.0,0.0,0.0,0.0,0.0,0.0,0.0,-33000000.0,0.0,0.0,0.0,0.0,0.0,0.0,-0.0040816326530612,-0.1304347826086956,-0.175531914893617,-0.175531914893617,,0.0,0.2856651178798829,0.0192794592460105,-0.1304347826086956,16.814688813287972,0.0,1.032967032967033,,0.2967032967032967,0.0,0.0,0.0135304638684351,0.0,0.0,0.0,0.0,,0.0028348126509746,0.0021427646373194,0.0,79026000000.0,4646000000.0,3732000000.0,81105000000.0,7735500000.0,2363000000.0,0.0,127.70315398886828,0.0,0.0,0.7047594142259415,0.0,0.0,0.0313199105145413,0.0,1995-02-13,0.2,bmo,,2025-04-25,1994-12-31,0.4000000000000001,7.152698412698412,1772318.9047619049
1994-09-30,CI,USD,1739940,1994-09-30,1994-09-29 20:00:00,1994,Q3,3497000000.0,0.0,3497000000.0,1.0,0,0.0,0.0,0.0,-3319000000.0,-3319000000.0,-3319000000.0,0.0,0.0,0.0,178000000.0,0.0509007721,178000000.0,0.0509007721,0.0,0.0,0.0,55000000.0,123000000.0,0.0351730054,0.19,0.19,648016437,648016437,,,5.39646805286206,0.1898100001435611,0.0262339024588661,0.0262339024588661,55.217735163714686,9.104707323959438,7.271420493304555,9.104707323959438,2.626476587352367,4438912593.45,6140912593.45,9.022180067987804,1.269348754203603,261.1125054970588,261.1125054970588,0.7523580666864407,0.7523580666864407,1.75605164239348,34.49950895196629,361.2301525558824,361.2301525558824,0.0277094890720527,0.0038297667823162,0.2884745762711864,0.0197897772196642,9.561797752808989,258.9598765432099,0.0,0.1382113821138211,0.0123904219427878,0.4471544715447154,0.0,0.0,0.0138133110087902,0.0,0.0,0.0,0.0,6.235679691543338,,0.0014501980758347,-63.768058401888965,83579000000.0,4712000000.0,3799000000.0,85680000000.0,3926500000.0,0.0,0.0,102.91964541035172,0.0,0.0,0.8744686171542886,0.0,0.0,0.0208474576271186,0.0,1994-10-31,0.18,bmo,,2025-04-25,1994-09-30,0.0555555555555556,7.471875,2067451.75
1994-06-30,CI,USD,1739940,1994-06-30,1994-06-29 20:00:00,1994,Q2,3444000000.0,0.0,3444000000.0,1.0,0,0.0,0.0,0.0,-3240000000.0,-3240000000.0,-3240000000.0,0.0,0.0,0.0,204000000.0,0.0592334495,204000000.0,0.0592334495,0.0,0.0,0.0,69000000.0,135000000.0,0.0391986063,0.21,0.21,653879686,653879686,,,5.267024001109586,0.2064600000434942,0.11928800002513,0.11928800002513,54.54826134482484,8.94660000188475,7.1006946681625465,8.94660000188475,2.566221333873951,5302964253.46,6980964253.46,9.820304173074073,1.5397689469976772,67.98672119820513,67.98672119820513,0.9064896159760684,0.9064896159760684,2.0269931049535423,34.220413007156864,89.49954171102564,89.49954171102564,0.0254574599313803,0.0147087546270197,0.2868376068376068,0.0198999074974502,8.22549019607843,274.89632107023414,0.0,0.5777777777777777,0.0103715577498216,0.4074074074074074,0.0,0.0,0.0143141766087142,0.0,0.0,0.0,0.0,6.446711435104773,,0.0016242555495397,-61.04104601285931,81895000000.0,4643000000.0,3722000000.0,84023000000.0,4050000000.0,0.0,0.0,100.71428571428572,0.0,0.0,0.8936170212765957,0.0,0.0,0.023076923076923,0.0,1994-08-01,0.15,bmo,,2025-04-25,1994-06-30,0.2,7.338709677419355,2197624.2580645164
1994-03-31,CI,USD,1739940,1994-03-31,1994-03-30 19:00:00,1994,Q1,3366000000.0,0.0,3366000000.0,1.0,0,0.0,0.0,0.0,-3196000000.0,-3196000000.0,-3196000000.0,0.0,0.0,0.0,170000000.0,0.0505050505,170000000.0,0.0505050505,0.0,0.0,0.0,56000000.0,114000000.0,0.0338680927,0.18,0.18,645928948,645928948,,,5.211099472197676,0.1764899999496539,0.2972463157046802,0.2972463157046802,55.512297615743336,9.4375705236236,7.531788155746195,9.4375705236236,2.583875525578705,4263131056.8,5932131056.799999,9.348971615789472,1.2665273490196078,22.2038075875,22.2038075875,0.6993325224409448,0.6993325224409448,1.7623681095662505,34.89488856941176,30.89651592083333,30.89651592083333,0.0267409090832808,0.0450373205613151,0.2737860892388451,0.0196614322570004,9.81764705882353,285.28620689655173,0.0,1.6842105263157894,0.0129013157857934,0.4824561403508772,0.0,0.0,0.0145016315808074,0.0,0.0,0.0,0.0,6.121832117747238,,0.0013627235344745,-61.53850221928744,82443000000.0,4865000000.0,3942000000.0,84597000000.0,4155500000.0,0.0,0.0,113.52941176470588,0.0,0.0,0.7927461139896373,0.0,0.0,0.0187007874015748,0.0,1994-05-02,0.02003,bmo,,2025-04-25,1994-03-31,4.99101347978033,7.223492063492063,1611587.3174603174
1993-12-31,CI,USD,1739940,1993-12-31,1993-12-30 19:00:00,1993,Q4,3660000000.0,0.0,3660000000.0,1.0,0,0.0,0.0,0.0,-3396000000.0,-3396000000.0,-3396000000.0,0.0,0.0,0.0,264000000.0,0.0721311475,264000000.0,0.0721311475,0.0,0.0,0.0,70000000.0,194000000.0,0.0530054645,0.3,0.0,0,641550642,,,0.0,0.0,0.0,0.0,0.0,0.0,0.0,0.0,0.0,0.0,1586000000.0,0.0,0.0,0.0,0.0,0.0,0.0,0.4333333333333333,6.007575757575758,2.2401129943502824,2.2401129943502824,,0.0,0.2412167300380228,0.018664313033245,6.007575757575758,235.8490028490029,0.0,3.649484536082474,,0.2835051546391752,0.0,0.0,0.0148514268902618,0.0,0.0,0.0,0.0,,,0.0023174417354532,0.0,82432000000.0,5313000000.0,4383000000.0,84624000000.0,3848000000.0,0.0,0.0,99.95901639344262,0.0,0.0,0.9003690036900369,0.0,0.0,0.0295057034220532,0.0,1994-02-14,0.15,bmo,,2025-04-25,1993-12-31,-0.0666666666666665,7.14234375,1342276.140625
1993-09-30,CI,USD,1739940,1993-09-30,1993-09-29 20:00:00,1993,Q3,3298000000.0,0.0,3298000000.0,1.0,0,0.0,0.0,0.0,-3559000000.0,-3559000000.0,-3559000000.0,0.0,0.0,0.0,-261000000.0,-0.079138872,-261000000.0,-0.079138872,0.0,0.0,0.0,-167000000.0,-94000000.0,-0.0285021225,-0.15,-0.15,641550642,641550642,,,5.140669783633387,-0.1465199998973736,0.2649829785378034,0.2649829785378034,53.90844889841136,8.77873020661711,6.744596165488678,8.77873020661711,2.729324678939375,4631995635.24,6382995635.24,-12.319137327765956,1.4044862447665252,27.24703314847059,27.247033148470585,0.8224424068252841,0.8224424068252841,1.935414079818072,-24.455921974099617,37.54703314847059,37.54703314847059,-0.02029362879465,0.0367012435647927,0.3109019886363636,0.0213115552201747,-6.708812260536399,167.890756302521,0.0,-1.8085106382978724,0.0118739317415505,-0.5851063829787234,0.0,0.0,0.0158832550327401,0.0,0.0,0.0,0.0,,,-0.0011625462235799,-61.13585963802995,79440000000.0,4327000000.0,3386000000.0,81686000000.0,3676500000.0,0.0,0.0,99.08732565191023,0.0,0.0,0.908289727347838,0.0,0.0,-0.0166903409090909,0.0,1993-11-01,0.14,bmo,,2025-04-25,1993-09-30,0.5714285714285713,6.831875,1446818.328125
1993-06-30,CI,USD,1739940,1993-06-30,1993-06-29 20:00:00,1993,Q2,3493000000.0,0.0,3493000000.0,1.0,0,0.0,0.0,0.0,-3371000000.0,-3371000000.0,-3371000000.0,0.0,0.0,0.0,122000000.0,0.0349269969,122000000.0,0.0349269969,0.0,0.0,0.0,34000000.0,88000000.0,0.0251932436,0.14,0.14,644546986,644546986,,,5.419310113723812,0.1365300000022031,-0.1660080681844969,-0.1660080681844969,52.4368288644825,9.006325568327147,6.9413093182938255,9.006325568327147,2.781798750044888,4357137625.36,6150137625.36,12.378231890227273,1.247391246882336,-40.72091238654205,-40.72091238654205,0.7505835702601206,0.7505835702601206,1.7607035858459776,50.41096414229508,-57.47792173233645,-57.47792173233645,0.020196745562456,-0.0245574065361681,0.3088716623600344,0.0223736258251288,14.69672131147541,151.47081712062257,0.0,-1.2159090909090908,0.0123934575042344,0.6136363636363636,0.0,0.0,0.0166086424836846,0.0,0.0,0.0,0.0,5.259919835123898,,0.0011166379047812,-58.55973392139949,77342000000.0,4474000000.0,3522000000.0,79625000000.0,4064500000.0,0.0,0.0,95.90037217291726,0.0,0.0,0.9384739387426116,0.0,0.0,0.0151593453919035,0.0,1993-08-02,0.14,bmo,,2025-04-25,1993-06-30,-0.2142857142857143,6.706349206349207,1122605.5396825396
1993-03-31,CI,USD,1739940,1993-03-31,1993-03-30 19:00:00,1993,Q1,3261000000.0,0.0,3261000000.0,1.0,0,0.0,0.0,0.0,-3221000000.0,-3221000000.0,-3221000000.0,0.0,0.0,0.0,40000000.0,0.012266176,40000000.0,0.012266176,0.0,0.0,0.0,-6000000.0,46000000.0,0.0141061024,0.0699,0.0699,657800658,657800658,,,4.957428911541162,0.0699299999788081,0.5305558694044359,0.5305558694044359,69.95584367445251,8.79901825820308,6.720881084919802,8.79901825820308,2.5235608688004687,4532246533.62,6192246533.62,24.63177463923913,1.3898333436430543,12.986379752492835,12.986379752492835,0.7830419028369039,0.7830419028369039,1.8988796484575283,154.8061633405,17.74282674389685,17.74282674389685,0.0101494920143408,0.0770037546305422,0.2868002764340013,0.0212208373282198,41.5,199.7184210526316,0.0,7.586956521739131,0.0121352621910596,1.1956521739130437,0.0,0.0,0.0174752317034196,0.0,0.0,0.0,0.0,3.720832608263595,,0.0005985063363605,-35.1394449350034,75513000000.0,4421000000.0,3456000000.0,77845000000.0,3985500000.0,0.0,0.0,121.62833486660531,0.0,0.0,0.7399591558883595,0.0,0.0,0.0079474775397373,0.0,1993-05-03,0.05,bmo,,2025-04-25,1993-03-31,-0.6,6.842903225806452,1939362.677419355
1992-12-31,CI,USD,1739940,1992-12-31,1992-12-30 19:00:00,1992,Q4,3657000000.0,0.0,3657000000.0,1.0,0,0.0,0.0,0.0,-3671000000.0,-3671000000.0,-3671000000.0,0.0,0.0,0.0,-14000000.0,-0.0038282745,-14000000.0,-0.0038282745,0.0,0.0,0.0,-39000000.0,25000000.0,0.0068362045,0.0394,0.0,0,635250635,,,0.0,0.0,0.0,0.0,0.0,0.0,0.0,0.0,0.0,0.0,1367000000.0,0.0,0.0,0.0,0.0,0.0,0.0,0.373803664205633,-97.64285714285714,12.205357142857142,12.205357142857142,,0.0,0.2379874651810584,0.019576954473198,-97.64285714285714,154.10502283105023,0.0,2.196078431372549,,2.16,0.0,0.0,0.0198204133071734,0.0,0.0,0.0,0.0,,,0.000365267448826,0.0,67060000000.0,4360000000.0,3415000000.0,69389000000.0,3503500000.0,0.0,0.0,87.7112387202625,0.0,0.0,1.0260942760942762,0.0,0.0,0.0043523676880222,0.0,1992-12-30,,bmo,,2025-04-25,1992-12-31,,6.024375,1379444.34375
1992-09-30,CI,USD,1739940,1992-09-30,1992-09-29 20:00:00,1992,Q3,3363000000.0,0.0,3363000000.0,1.0,0,0.0,0.0,0.0,-3504000000.0,-3504000000.0,-3504000000.0,0.0,0.0,0.0,-141000000.0,-0.041926851,-141000000.0,-0.041926851,0.0,0.0,0.0,-196000000.0,55000000.0,0.0163544454,0.0866,0.0866,635250635,635250635,,,5.293973456634168,0.0865800000341597,0.1495472727862759,0.1495472727862759,50.35965056532372,9.053119639935504,6.838245820879817,9.053119639935504,2.1188487281087096,3531993530.6,4877993530.6,16.054516048181817,1.0502508268212905,37.17887926947368,37.17887926947368,0.6141529352460441,0.6141529352460441,1.450488709663991,-34.595698798581566,51.34730032210527,51.34730032210527,0.015571942452187,0.026896991508323,0.2340462528255955,0.019706020145233,-9.54609929078014,142.6904761904762,0.0,1.7272727272727273,0.015571942452187,1.0,0.0,0.0,0.0205990864371047,0.0,0.0,0.0,0.0,4.199515415084761,,0.0008221594391377,-44.04521374465057,65461000000.0,4344000000.0,3370000000.0,67842000000.0,3545500000.0,0.0,0.0,92.14094558429974,0.0,0.0,0.9767644496079,0.0,0.0,0.0095635541644931,0.0,1993-02-16,0.12,bmo,,2025-04-25,1992-09-30,-0.5833333333333333,5.8365625,1360206.484375
1992-06-30,CI,USD,1739940,1992-06-30,1992-06-29 20:00:00,1992,Q2,3453000000.0,0.0,3453000000.0,1.0,0,0.0,0.0,0.0,-3292000000.0,-3292000000.0,-3292000000.0,0.0,0.0,0.0,161000000.0,0.0466261222,161000000.0,0.0466261222,0.0,0.0,0.0,36000000.0,125000000.0,0.0362004054,0.19,0.19,647198923,647198923,,,5.335299360502798,0.1931400000182015,0.2333131200219874,0.2333131200219874,48.5059521645712,8.805638880829843,6.580666080620162,8.805638880829843,2.08127664019614,4006161333.37,5353161333.370001,8.012322666740001,1.1601973163538952,26.53086975741722,26.53086975741722,0.7029586477224076,0.7029586477224076,1.550292885424269,33.24944927559007,35.45139955874173,35.45139955874173,0.0312019386136028,0.0376919418452322,0.2363572556588875,0.0199458042734663,8.366459627329192,163.22305764411027,0.0,1.208,0.0137288529899852,0.44,0.0,0.0,0.0213229088001421,0.0,0.0,0.0,0.0,6.18596998102031,,0.0018912744163527,-42.807549604034186,64727000000.0,4259000000.0,3292000000.0,67134000000.0,3734500000.0,0.0,0.0,95.08253692441356,0.0,0.0,0.946546052631579,0.0,0.0,0.0219336725741358,0.0,1992-06-29,,bmo,,2025-04-25,1992-06-30,,5.83079365079365,1271995.0476190476
1992-03-31,CI,USD,1739940,1992-03-31,1992-03-30 19:00:00,1992,Q1,3451000000.0,0.0,3451000000.0,1.0,0,0.0,0.0,0.0,-3304000000.0,-3304000000.0,-3304000000.0,0.0,0.0,0.0,147000000.0,0.0425963489,147000000.0,0.0425963489,0.0,0.0,0.0,41000000.0,106000000.0,0.0307157346,0.16,0.16,649629221,649629221,,,5.312261038208439,0.1631700000145159,0.520296792499117,0.520296792499117,47.31314264571852,8.848124151730545,6.59607028360567,8.848124151730545,2.0627150945231265,3670405098.65,5010405098.65,8.65661579870283,1.0635772525789626,10.85918668239645,10.85918668239645,0.6385534270441894,0.6385534270441894,1.4518705009127788,34.08438842619047,14.823683723816568,14.823683723816568,0.0288796460202683,0.0920879278759499,0.2331245650661099,0.0199841916096222,9.115646258503402,164.8622448979592,0.0,3.188679245283019,0.0147122725008914,0.5094339622641509,0.0,0.0,0.0218185614364756,0.0,0.0,0.0,0.0,5.699503434882904,,0.0016161000152462,-42.64471040473717,64234000000.0,4285000000.0,3321000000.0,66661000000.0,3876000000.0,0.0,0.0,99.64937699217616,0.0,0.0,0.9031667102852656,0.0,0.0,0.0184411969380654,0.0,1992-03-30,,bmo,,2025-04-25,1992-03-31,,6.233968253968254,1358824.634920635
1991-12-31,CI,USD,1739940,1991-12-31,1991-12-30 19:00:00,1991,Q4,3679000000.0,0.0,3679000000.0,1.0,0,0.0,0.0,0.0,-3536000000.0,-3536000000.0,-3536000000.0,0.0,0.0,0.0,143000000.0,0.038869258,143000000.0,0.038869258,0.0,0.0,0.0,35000000.0,108000000.0,0.0293558032,0.17,0.0,0,648016437,,,0.0,0.0,0.0,0.0,0.0,0.0,0.0,0.0,0.0,0.0,1233000000.0,0.0,0.0,0.0,0.0,0.0,0.0,0.3351454199510736,8.622377622377622,2.1593695271453592,2.1593695271453592,,0.0,0.2103018932287225,0.0184755083387026,8.622377622377622,167.02077922077922,0.0,5.098214285714286,,0.5,0.0,0.0,0.0222814930248587,0.0,0.0,0.0,0.0,,,0.0016551724137931,0.0,63918000000.0,4376000000.0,3429000000.0,66352000000.0,3993000000.0,0.0,0.0,96.1647186735526,0.0,0.0,0.9358941745103028,0.0,0.0,0.0184206037864574,0.0,1991-12-30,,bmo,,2025-04-25,1991-12-31,,5.72828125,1501748.328125
1991-09-30,CI,USD,1739940,1991-09-30,1991-09-29 20:00:00,1991,Q3,3412000000.0,0.0,3412000000.0,1.0,0,0.0,0.0,0.0,-3266000000.0,-3266000000.0,-3266000000.0,0.0,0.0,0.0,146000000.0,0.0427901524,146000000.0,0.0427901524,0.0,0.0,0.0,23000000.0,123000000.0,0.036049238,0.19,0.19,648016437,648016437,,,5.26529854056773,0.1898100001435611,0.1728351220819418,0.1728351220819418,44.81830759487355,8.589288299179362,6.306938785258004,8.589288299179362,2.1110575625722903,3259522678.11,4627522678.110001,6.625046093719512,0.9553114531389216,29.102881054553578,29.102881054553578,0.5856131293765721,0.5856131293765721,1.356249319492966,31.695360808972605,41.31716676883929,41.31716676883929,0.0377355865096543,0.0343608592608234,0.2457779374775422,0.0211143695014662,9.36986301369863,147.16037735849056,0.0,0.9105691056910568,0.0168736362441543,0.4471544715447154,0.0,0.0,0.0228275968513659,0.0,0.0,0.0,0.0,6.056606995608784,,0.0019427903523874,-41.8812678975302,61972000000.0,4087000000.0,3172000000.0,64366000000.0,4087500000.0,0.0,0.0,106.96072684642438,0.0,0.0,0.8414303329223182,0.0,0.0,0.022098454904779,0.0,1991-09-29,,bmo,,2025-04-25,1991-09-30,,4.89796875,1437678.609375
1991-06-30,CI,USD,1739940,1991-06-30,1991-06-29 20:00:00,1991,Q2,3596000000.0,0.0,3596000000.0,1.0,0,0.0,0.0,0.0,-3353000000.0,-3353000000.0,-3353000000.0,0.0,0.0,0.0,243000000.0,0.0675750834,243000000.0,0.0675750834,0.0,0.0,0.0,73000000.0,170000000.0,0.0472747497,0.26,0.26,646215836,646215836,,,5.564704236062702,0.2630700000363346,0.2243832353251089,0.2243832353251089,44.64916888851978,8.405860236455116,5.914432589052182,8.405860236455116,2.0256390002797766,3373246663.92,4682246663.92,4.960656858705882,0.9380552458064516,23.263770096,23.263770096,0.6209953357731959,0.6209953357731959,1.3020708186651837,19.26850478979424,32.29135630289655,32.29135630289655,0.0503965517310985,0.042985294123584,0.2409793814432989,0.0199463627220918,5.386831275720165,136.6103896103896,0.0,0.8529411764705882,0.0160083164322313,0.3176470588235294,0.0,0.0,0.02453295949776,0.0,0.0,0.0,0.0,7.05371655129178,,0.0026555861034741,-43.717591594273465,62652000000.0,3822000000.0,2920000000.0,65164000000.0,4202500000.0,0.0,0.0,103.11457174638488,0.0,0.0,0.8728155339805825,0.0,0.0,0.0312960235640648,0.0,1991-06-29,,bmo,,2025-04-25,1991-06-30,,5.55421875,1285054.625
1991-03-31,CI,USD,1739940,1991-03-31,1991-03-30 19:00:00,1991,Q1,3608000000.0,0.0,3608000000.0,1.0,0,0.0,0.0,0.0,-3560000000.0,-3560000000.0,-3560000000.0,0.0,0.0,0.0,48000000.0,0.0133037694,48000000.0,0.0133037694,0.0,0.0,0.0,-48000000.0,48000000.0,0.0133037694,0.0733,0.0733,655200655,655200655,,,5.50671000168643,0.0732600000224358,-0.1282050000392627,-0.1282050000392627,43.334816263271286,8.325693752549745,5.824170001783652,8.325693752549745,2.144381250656717,3773955772.8,5178955772.799999,19.65601965,1.0459966110864745,-44.928044914285714,-44.928044914285714,0.6918342388267643,0.6918342388267643,1.4354090279379157,107.89491193333332,-61.65423539047618,-61.65423539047618,0.0127187500038951,-0.0222578125068164,0.2575618698441796,0.0214408887668055,29.27083333333333,120.26526717557252,0.0,-1.75,0.014308593754382,1.125,0.0,0.0,0.0250118268247646,0.0,0.0,0.0,0.0,3.7045454918543306,,0.0007512912818907,-43.448140325806,62495000000.0,3816000000.0,2945000000.0,65005000000.0,4226000000.0,0.0,0.0,106.88747228381376,0.0,0.0,0.8420070011668611,0.0,0.0,0.0087992667277726,0.0,1991-03-30,,bmo,,2025-04-25,1991-03-31,,5.012295081967213,1555140.3606557378
1990-12-31,CI,USD,1739940,1990-12-31,1990-12-30 19:00:00,1990,Q4,3759000000.0,0.0,3759000000.0,1.0,0,0.0,0.0,0.0,-3635000000.0,-3635000000.0,-3635000000.0,0.0,0.0,0.0,124000000.0,0.0329874967,124000000.0,0.0329874967,0.0,0.0,0.0,5000000.0,119000000.0,0.0316573557,0.18,0.0,0,660660661,,,0.0,0.0,0.0,0.0,0.0,0.0,0.0,0.0,0.0,0.0,1431000000.0,0.0,0.0,0.0,0.0,0.0,0.0,0.3806863527533918,11.540322580645162,4.616129032258065,4.616129032258065,,0.0,0.2729874093857306,0.0224678526008384,11.540322580645162,102.16193656093488,0.0,2.897196261682243,,0.4789915966386555,0.0,0.0,0.0258435257728721,0.0,0.0,0.0,0.0,,,0.001917962768958,0.0,60596000000.0,3596000000.0,2746000000.0,63092000000.0,4142000000.0,0.0,0.0,99.76855546687948,0.0,0.0,0.902087832973362,0.0,0.0,0.0227012590614269,0.0,1990-12-30,,bmo,,2025-04-25,1990-12-31,,4.22890625,1797306.0
1990-09-30,CI,USD,1739940,1990-09-30,1990-09-29 20:00:00,1990,Q3,3645000000.0,0.0,3645000000.0,1.0,0,0.0,0.0,0.0,-3667000000.0,-3667000000.0,-3667000000.0,0.0,0.0,0.0,-22000000.0,-0.0060356653,-22000000.0,-0.0060356653,0.0,0.0,0.0,-33000000.0,11000000.0,0.0030178326,0.0167,0.0167,660660661,660660661,,,5.517204542620709,0.0166499999914479,1.0126227267526071,1.0126227267526071,40.1734227066382,7.704409086951826,5.3734090881491126,7.704409086951826,1.9798363626194475,2900300301.79,4208300301.79,65.91591594977272,0.7956928125624143,4.335276983243647,4.335276983243647,0.5698035956365421,0.5698035956365421,1.1545405491879286,-191.2863773540909,6.290433933916293,6.290433933916293,0.0037927107042022,0.2306657691919379,0.2569744597249508,0.0211281256057375,-59.45454545454545,96.63636363636364,0.0,60.81818181818182,0.0203427210498121,5.363636363636363,0.0,0.0,0.0248756218905472,0.0,0.0,0.0,0.0,1.6989008954959195,,0.0001822157434402,-41.15463747886148,58912000000.0,3550000000.0,2710000000.0,61292000000.0,4071000000.0,0.0,0.0,101.65432098765432,0.0,0.0,0.8853534126791353,0.0,0.0,0.0021611001964636,0.0,1990-09-29,,bmo,,2025-04-25,1990-09-30,,4.971269841269841,1754890.174603175
1990-06-30,CI,USD,1739940,1990-06-30,1990-06-29 20:00:00,1990,Q2,3726000000.0,0.0,3726000000.0,1.0,0,0.0,0.0,0.0,-3514000000.0,-3514000000.0,-3514000000.0,0.0,0.0,0.0,212000000.0,0.0568974772,212000000.0,0.0568974772,0.0,0.0,0.0,54000000.0,158000000.0,0.0424047236,0.23,0.23,697756580,697756580,,,5.339971140078679,0.2264400000355425,-0.1562149367333805,-0.1562149367333805,37.70226000591782,7.942597975930231,5.724059241404789,7.942597975930231,1.810086835727153,3886504150.6,5149504150.6,6.149531883860759,1.0430767983360172,-35.65600138165138,-35.65600138165138,0.7012818748827139,0.7012818748827139,1.3820462025228128,24.29011391792453,-47.243157344954135,-47.243157344954135,0.0406535009040471,-0.0280457696110198,0.2278960664020209,0.0207990250971609,5.9575471698113205,97.265,0.0,-0.689873417721519,0.0151807376793593,0.3734177215189873,0.0,0.0,0.0254923918055464,0.0,0.0,0.0,0.0,6.361347532867441,,0.0026700013518994,-37.05626108176579,57759000000.0,3994000000.0,3177000000.0,60124000000.0,4476000000.0,0.0,0.0,97.22222222222224,0.0,0.0,0.9257142857142856,0.0,0.0,0.0285095633345362,0.0,1990-06-29,,bmo,,2025-04-25,1990-06-30,,5.5901587301587305,1314681.4285714286
1990-03-31,CI,USD,1739940,1990-03-31,1990-03-30 19:00:00,1990,Q1,2856000000.0,0.0,2856000000.0,1.0,0,0.0,0.0,0.0,-2806000000.0,-2806000000.0,-2806000000.0,0.0,0.0,0.0,50000000.0,0.0175070028,50000000.0,0.0175070028,0.0,0.0,0.0,8000000.0,42000000.0,0.0147058824,0.0599,0.0599,700700701,700700701,,,4.075919998259,0.059939999974397,0.2012271427711901,0.2012271427711901,36.930175698511256,7.717988568131887,5.487364283370397,7.717988568131887,1.988009999150836,3937937939.62,5330937939.62,23.440106783452386,1.3788298107913164,27.928637869645392,27.92863786964539,0.7281689977107989,0.7281689977107989,1.866574908830532,106.6187587924,37.80807049375886,37.80807049375886,0.0106654804224905,0.0358055414183612,0.2575813609467455,0.023149533020906,27.86,80.18030513176144,0.0,3.357142857142857,0.0147285205834393,1.380952380952381,0.0,0.0,0.0259746734470036,0.0,0.0,0.0,0.0,3.226277309526414,,0.0007165890361877,-35.9550803417849,57089000000.0,3845000000.0,3044000000.0,59453000000.0,4243000000.0,0.0,0.0,155.26260504201682,0.0,0.0,0.5796630809823422,0.0,0.0,0.0077662721893491,0.0,1990-03-30,,bmo,,2025-04-25,1990-03-31,,5.715238095238095,1737946.7301587302
1989-12-31,CI,USD,1739940,1989-12-31,1989-12-30 19:00:00,1989,Q4,3024400000.0,0.0,3024400000.0,1.0,0,0.0,0.0,0.0,-2767500000.0,-2767500000.0,-2767500000.0,0.0,0.0,0.0,256900000.0,0.0849424679,256900000.0,0.0849424679,0.0,0.0,0.0,64800000.0,192100000.0,0.0635167306,0.26,0.0,0,726933830,,,0.0,0.0,0.0,0.0,0.0,0.0,0.0,0.0,0.0,0.0,936000000.0,0.0,0.0,0.0,0.0,0.0,0.0,0.3094828726358947,3.643441027637213,1.6179775280898876,1.6179775280898876,,0.0,0.1695652173913043,0.0161996573149414,3.643441027637213,189.4527027027027,0.0,3.014590932777488,,0.3014055179593961,0.0,0.0,0.0177053946935737,0.0,0.0,0.0,0.0,,,0.0033846641764747,0.0,55782000000.0,4497000000.0,3819000000.0,57483000000.0,3535450000.0,0.0,0.0,105.90860997222588,0.0,0.0,0.8497892666479349,0.0,0.0,0.0348007246376811,0.0,1989-12-30,,bmo,,2025-04-25,1989-12-31,,,
1989-09-30,CI,USD,1739940,1989-09-30,1989-09-29 20:00:00,1989,Q3,2937400000.0,0.0,2937400000.0,1.0,0,0.0,0.0,0.0,-2796000000.0,-2796000000.0,-2796000000.0,0.0,0.0,0.0,141400000.0,0.0481378089,141400000.0,0.0481378089,0.0,0.0,0.0,1000000.0,140400000.0,0.0477973718,0.19,0.19,726933830,726933830,,,4.040807950841963,0.1931400001015223,,,34.98076296710527,7.423371670568695,5.997244618537013,7.423371670568695,1.2754943596448112,5044920780.2,5972120780.2,8.983121047364673,1.7174783074147204,0.0,0.0,0.9348851583863018,0.9348851583863018,2.033131606250425,42.23564908203677,0.0,0.0,0.0278299711961847,,0.1718214332042325,0.0164766134091058,6.557284299858558,179.96470976253298,0.0,0.0,0.0118475691642651,0.4257125916784751,0.0,0.0,0.0184224602256471,0.0,,0.0,,5.679733718860744,,0.0025417745351847,-31.38494049726644,54262100000.0,4359600000.0,3687900000.0,55970500000.0,,,,107.60230135493975,0.0,0.0,0.8364133375096102,0.0,0.0,0.0260178270296314,,1989-09-29,,bmo,,2025-04-25,1989-09-30,,,
1989-06-30,CI,USD,1739940,1989-06-30,1989-06-29 20:00:00,1989,Q2,0.0,0.0,0.0,0.0,0,0.0,0.0,0.0,144000000.0,144000000.0,144000000.0,0.0,0.0,0.0,144000000.0,,144000000.0,,0.0,0.0,0.0,-144000000.0,144000000.0,,0.2,0.2,732936326,732936326,,,0.0,0.1964700000419954,,,,,,,,4551534584.46,,7.901969764687499,0.0,0.0,0.0,0.0,0.0,0.0,,0.0,0.0,0.0316376811661828,,0.0,0.0,,0.0,0.0,0.0,0.0132402785829307,0.4184971241534332,0.0,0.0,0.0,0.0,0.0,0.0,0.0,,0.0,0.0,,,,,,,,,0.0,0.0,0.0,0.0,0.0,0.0,0.0,,1989-06-29,,bmo,,2025-04-25,1989-06-30,,,
1989-03-31,CI,USD,1739940,1989-03-31,1989-03-30 19:00:00,1989,Q1,0.0,0.0,0.0,0.0,0,0.0,0.0,0.0,85500000.0,85500000.0,85500000.0,0.0,0.0,0.0,85500000.0,,85500000.0,,0.0,0.0,0.0,-85500000.0,85500000.0,,0.11,0.11,755166932,755166932,,,0.0,0.1132199999456544,,,,,,,,4470588237.44,,13.07189543111111,0.0,0.0,0.0,0.0,0.0,0.0,,0.0,0.0,0.01912499999082,,0.0,0.0,,0.0,0.0,0.0,0.0138888733108108,0.7262155982994756,0.0,0.0,0.0,0.0,0.0,0.0,0.0,,0.0,0.0,,,,,,,,,0.0,0.0,0.0,0.0,0.0,0.0,0.0,,1989-03-30,,bmo,,2025-04-25,1989-03-31,,,
1988-12-31,CI,USD,1739940,1988-12-31,1988-12-30 19:00:00,1988,Q4,0.0,0.0,0.0,0.0,0,0.0,0.0,0.0,141900000.0,141900000.0,141900000.0,0.0,0.0,0.0,141900000.0,,141900000.0,,0.0,0.0,0.0,-141900000.0,141900000.0,,0.19,0.0,0,729665836,,,0.0,0.0,0.0,0.0,0.0,0.0,0.0,0.0,0.0,0.0,643200000.0,0.0,0.0,0.0,0.0,0.0,0.0,0.0,4.53276955602537,0.0,0.0,,0.0,0.1228043378646708,0.0115218228555562,4.53276955602537,0.0,0.0,0.0,,0.0,0.0,0.0,0.0,0.0,0.0,0.0,0.0,,0.0,0.0025418946878162,0.0,0.0,5237600000.0,-50586900000.0,0.0,,,,0.0,0.0,0.0,0.0,0.0,0.0,0.0270925614785397,0.0,1988-12-30,,bmo,,2025-04-25,1988-12-31,,,
1988-09-30,CI,USD,1739940,1988-09-30,1988-09-29 20:00:00,1988,Q3,0.0,0.0,0.0,0.0,0,0.0,0.0,0.0,114200000.0,114200000.0,114200000.0,0.0,0.0,0.0,114200000.0,,114200000.0,,0.0,0.0,0.0,-114200000.0,114200000.0,,0.16,0.16,729665836,729665836,,,0.0,0.1565100000104705,,,,,,,,4334215065.84,,9.488211615236429,0.0,0.0,0.0,0.0,0.0,0.0,,0.0,0.0,0.0263484848502475,,0.0,0.0,,0.0,0.0,0.0,0.0138421094276094,0.5253474538016697,0.0,0.0,0.0,0.0,0.0,0.0,0.0,,0.0,0.0,,,,,,,,,0.0,0.0,0.0,0.0,0.0,0.0,0.0,,1988-09-29,,bmo,,2025-04-25,1988-09-30,,,
1988-06-30,CI,USD,1739940,1988-06-30,1988-06-29 20:00:00,1988,Q2,0.0,0.0,0.0,0.0,0,0.0,0.0,0.0,145100000.0,145100000.0,145100000.0,0.0,0.0,0.0,145100000.0,,145100000.0,,0.0,0.0,0.0,-145100000.0,145100000.0,,0.19,0.19,751268510,751268510,,,0.0,0.1931399999715148,,,,,,,,3914108937.1,,6.7438127792901446,0.0,0.0,0.0,0.0,0.0,0.0,,0.0,0.0,0.0370710172690047,,0.0,0.0,,0.0,0.0,0.0,0.0240345489443378,0.6483379932611992,0.0,0.0,0.0,0.0,0.0,0.0,0.0,,0.0,0.0,,,,,,,,,0.0,0.0,0.0,0.0,0.0,0.0,0.0,,1988-06-29,,bmo,,2025-04-25,1988-06-30,,,
1988-03-31,CI,USD,1739940,1988-03-31,1988-03-30 19:00:00,1988,Q1,0.0,0.0,0.0,0.0,0,0.0,0.0,0.0,71000000.0,71000000.0,71000000.0,0.0,0.0,0.0,71000000.0,,71000000.0,,0.0,0.0,0.0,-71000000.0,71000000.0,,0.0899,0.0899,789678567,789678567,,,0.0,0.0899100000519578,,,,,,,,4098431762.730001,,14.431097756091551,0.0,0.0,0.0,0.0,0.0,0.0,,0.0,0.0,0.0173236994319764,,0.0,0.0,,0.0,0.0,0.0,0.0158424142581888,0.9144937154096862,0.0,0.0,0.0,0.0,0.0,0.0,0.0,,0.0,0.0,,,,,,,,,0.0,0.0,0.0,0.0,0.0,0.0,0.0,,1988-03-30,,bmo,,2025-04-25,1988-03-31,,,
1987-12-31,CI,USD,1739940,1987-12-31,1987-12-30 19:00:00,1987,Q4,0.0,0.0,0.0,0.0,0,0.0,0.0,0.0,122100000.0,122100000.0,122100000.0,0.0,0.0,0.0,122100000.0,,122100000.0,,0.0,0.0,0.0,-122100000.0,122100000.0,,0.16,0.0,0,745069394,,,0.0,0.0,0.0,0.0,0.0,0.0,0.0,0.0,0.0,0.0,315900000.0,0.0,0.0,0.0,0.0,0.0,0.0,0.0,2.587223587223588,0.0,0.0,,0.0,0.0635230243313895,0.0059052027097758,2.587223587223588,0.0,0.0,0.0,,0.0,0.0,0.0,0.0,0.0,0.0,0.0,0.0,,0.0,0.0022824477710149,0.0,0.0,4973000000.0,-48522200000.0,0.0,,,,0.0,0.0,0.0,0.0,0.0,0.0,0.024552583953348,0.0,1987-12-30,,bmo,,2025-04-25,1987-12-31,,,
1987-09-30,CI,USD,1739940,1987-09-30,1987-09-29 20:00:00,1987,Q3,0.0,0.0,0.0,0.0,0,0.0,0.0,0.0,183600000.0,183600000.0,183600000.0,0.0,0.0,0.0,183600000.0,,183600000.0,,0.0,0.0,0.0,-183600000.0,183600000.0,,0.25,0.25,745069394,745069394,,,0.0,0.2464199999067469,,,,,,,,5394302412.56,,7.345183023638345,0.0,0.0,0.0,0.0,0.0,0.0,,0.0,0.0,0.0340359115893296,,0.0,0.0,,0.0,0.0,0.0,0.0107427748618784,0.3156305901689535,0.0,0.0,0.0,0.0,0.0,0.0,0.0,,0.0,0.0,,,,,,,,,0.0,0.0,0.0,0.0,0.0,0.0,0.0,,1987-09-29,,bmo,,2025-04-25,1987-09-30,,,
1987-06-30,CI,USD,1739940,1987-06-30,1987-06-29 20:00:00,1987,Q2,0.0,0.0,0.0,0.0,0,0.0,0.0,0.0,219200000.0,219200000.0,219200000.0,0.0,0.0,0.0,219200000.0,,219200000.0,,0.0,0.0,0.0,-219200000.0,219200000.0,,0.29,0.29,765416579,765416579,,,0.0,0.2863800001384605,,,,,,,,5388532716.16,,6.145680561313869,0.0,0.0,0.0,0.0,0.0,0.0,,0.0,0.0,0.0406789772923949,,0.0,0.0,,0.0,0.0,0.0,0.0110479673295454,0.2715891122368727,0.0,0.0,0.0,0.0,0.0,0.0,0.0,,0.0,0.0,,,,,,,,,0.0,0.0,0.0,0.0,0.0,0.0,0.0,,1987-06-29,,bmo,,2025-04-25,1987-06-30,,,
1987-03-31,CI,USD,1739940,1987-03-31,1987-03-30 19:00:00,1987,Q1,0.0,0.0,0.0,0.0,0,0.0,0.0,0.0,160700000.0,160700000.0,160700000.0,0.0,0.0,0.0,160700000.0,,160700000.0,,0.0,0.0,0.0,-160700000.0,160700000.0,,0.21,0.21,778359004,778359004,,,0.0,0.2064600000438872,,,,,,,,5362893537.559999,,8.343020438021156,0.0,0.0,0.0,0.0,0.0,0.0,,0.0,0.0,0.0299651669149328,,0.0,0.0,,0.0,0.0,0.0,0.0112884891146589,0.3767203815919151,0.0,0.0,0.0,0.0,0.0,0.0,0.0,,0.0,0.0,,,,,,,,,0.0,0.0,0.0,0.0,0.0,0.0,0.0,,1987-03-30,,bmo,,2025-04-25,1987-03-31,,,
1986-12-31,CI,USD,1739940,1986-12-31,1986-12-30 19:00:00,1986,Q4,0.0,0.0,0.0,0.0,0,0.0,0.0,0.0,205500000.0,205500000.0,205500000.0,0.0,0.0,0.0,205500000.0,,205500000.0,,0.0,0.0,0.0,-205500000.0,205500000.0,,0.27,0.0,0,772351299,,,0.0,0.0,0.0,0.0,0.0,0.0,0.0,0.0,0.0,0.0,511600000.0,0.0,0.0,0.0,0.0,0.0,0.0,0.0,2.4895377128953773,0.0,0.0,,0.0,0.1106162162162162,0.0102287677094038,2.4895377128953773,0.0,0.0,0.0,,0.0,0.0,0.0,0.0,0.0,0.0,0.0,0.0,,0.0,0.0041087016502785,0.0,0.0,4625000000.0,-45390800000.0,0.0,,,,0.0,0.0,0.0,0.0,0.0,0.0,0.0444324324324324,0.0,1986-12-30,,bmo,,2025-04-25,1986-12-31,,,
1986-09-30,CI,USD,1739940,1986-09-30,1986-09-29 20:00:00,1986,Q3,0.0,0.0,0.0,0.0,0,0.0,0.0,0.0,146600000.0,146600000.0,146600000.0,0.0,0.0,0.0,146600000.0,,146600000.0,,0.0,0.0,0.0,-146600000.0,146600000.0,,0.19,0.19,772351299,772351299,,,0.0,0.1898099999181849,,,,,,,,4641831306.99,,7.915810550801501,0.0,0.0,0.0,0.0,0.0,0.0,,0.0,0.0,0.0315823627151721,,0.0,0.0,,0.0,0.0,0.0,0.0120169717138103,0.3804962859234515,0.0,0.0,0.0,0.0,0.0,0.0,0.0,,0.0,0.0,,,,,,,,,0.0,0.0,0.0,0.0,0.0,0.0,0.0,,1986-09-29,,bmo,,2025-04-25,1986-09-30,,,
1986-06-30,CI,USD,1739940,1986-06-30,1986-06-29 20:00:00,1986,Q2,0.0,0.0,0.0,0.0,0,0.0,0.0,0.0,111100000.0,111100000.0,111100000.0,0.0,0.0,0.0,111100000.0,,111100000.0,,0.0,0.0,0.0,-111100000.0,111100000.0,,0.15,0.15,758258258,758258258,,,0.0,0.1465200000499038,,,,,,,,5338138136.32,,12.012012007920791,0.0,0.0,0.0,0.0,0.0,0.0,,0.0,0.0,0.0208125000070886,,0.0,0.0,,0.0,0.0,0.0,0.0102588068181818,0.4929156427477587,0.0,0.0,0.0,0.0,0.0,0.0,0.0,,0.0,0.0,,,,,,,,,0.0,0.0,0.0,0.0,0.0,0.0,0.0,,1986-06-29,,bmo,,2025-04-25,1986-06-30,,,
1986-03-31,CI,USD,1739940,1986-03-31,1986-03-30 19:00:00,1986,Q1,0.0,0.0,0.0,0.0,0,0.0,0.0,0.0,71700000.0,71700000.0,71700000.0,0.0,0.0,0.0,71700000.0,,71700000.0,,0.0,0.0,0.0,-71700000.0,71700000.0,,0.0932,0.0932,768983269,768983269,,,0.0,0.0932399999979713,,,,,,,,6205694980.83,,21.63770913817992,0.0,0.0,0.0,0.0,0.0,0.0,,0.0,0.0,0.0115539033454735,,0.0,0.0,,0.0,0.0,0.0,0.0089494423791821,0.7745817245985773,0.0,0.0,0.0,0.0,0.0,0.0,0.0,,0.0,0.0,,,,,,,,,0.0,0.0,0.0,0.0,0.0,0.0,0.0,,1986-03-30,,bmo,,2025-04-25,1986-03-31,,,
1985-12-31,CI,USD,1739940,1985-12-31,1985-12-30 19:00:00,1985,Q4,0.0,0.0,0.0,0.0,0,0.0,0.0,0.0,-1009400000.0,-1009400000.0,-1009400000.0,0.0,0.0,0.0,-1009400000.0,,-1009400000.0,,0.0,0.0,0.0,1009400000.0,-1009400000.0,,-1.39,0.0,0,723881777,,,0.0,0.0,0.0,0.0,0.0,0.0,0.0,0.0,0.0,0.0,338000000.0,0.0,0.0,0.0,0.0,0.0,0.0,0.0,-0.3348523875569645,0.0,0.0,,0.0,0.0900372935535428,0.0075554025598955,-0.3348523875569645,0.0,0.0,0.0,,0.0,0.0,0.0,0.0,0.0,0.0,0.0,0.0,,0.0,-0.0225633826744336,0.0,0.0,3754000000.0,-40982200000.0,0.0,,,,0.0,0.0,0.0,0.0,0.0,0.0,-0.2688865210442195,0.0,1985-12-30,,bmo,,2025-04-25,1985-12-31,,,
1985-09-30,CI,USD,1739940,1985-09-30,1985-09-29 20:00:00,1985,Q3,0.0,0.0,0.0,0.0,0,0.0,0.0,0.0,137400000.0,137400000.0,137400000.0,0.0,0.0,0.0,137400000.0,,137400000.0,,0.0,0.0,0.0,-137400000.0,137400000.0,,0.19,0.19,723881777,723881777,,,0.0,0.1898099998723963,,,,,,,,4343290662.0,,7.902639486899563,0.0,0.0,0.0,0.0,0.0,0.0,,0.0,0.0,0.0316349999787327,,0.0,0.0,,0.0,0.0,0.0,0.0120369999999999,0.3804962860152401,0.0,0.0,0.0,0.0,0.0,0.0,0.0,,0.0,0.0,,,,,,,,,0.0,0.0,0.0,0.0,0.0,0.0,0.0,,1985-09-29,,bmo,,2025-04-25,1985-09-30,,,
