date,symbol,reportedCurrency,cik,fillingDate,acceptedDate,calendarYear,period,revenue,costOfRevenue,grossProfit,grossProfitRatio,researchAndDevelopmentExpenses,generalAndAdministrativeExpenses,sellingAndMarketingExpenses,sellingGeneralAndAdministrativeExpenses,otherExpenses,operatingExpenses,costAndExpenses,interestIncome,interestExpense,depreciationAndAmortization,ebitda,ebitdaratio,operatingIncome,operatingIncomeRatio,totalOtherIncomeExpensesNet,incomeBeforeTax,incomeBeforeTaxRatio,incomeTaxExpense,netIncome,netIncomeRatio,eps,epsdiluted,weightedAverageShsOut,weightedAverageShsOutDil,link,finalLink,revenuePerShare,netIncomePerShare,operatingCashFlowPerShare,freeCashFlowPerShare,cashPerShare,bookValuePerShare,tangibleBookValuePerShare,shareholdersEquityPerShare,interestDebtPerShare,marketCap,enterpriseValue,peRatio,priceToSalesRatio,pocfratio,pfcfRatio,pbRatio,ptbRatio,evToSales,enterpriseValueOverEBITDA,evToOperatingCashFlow,evToFreeCashFlow,earningsYield,freeCashFlowYield,debtToEquity,debtToAssets,netDebtToEBITDA,currentRatio,interestCoverage,incomeQuality,dividendYield,payoutRatio,salesGeneralAndAdministrativeToRevenue,researchAndDdevelopementToRevenue,intangiblesToTotalAssets,capexToOperatingCashFlow,capexToRevenue,capexToDepreciation,stockBasedCompensationToRevenue,grahamNumber,roic,returnOnTangibleAssets,grahamNetNet,workingCapital,tangibleAssetValue,netCurrentAssetValue,investedCapital,averageReceivables,averagePayables,averageInventory,daysSalesOutstanding,daysPayablesOutstanding,daysOfInventoryOnHand,receivablesTurnover,payablesTurnover,inventoryTurnover,roe,capexPerShare,report_date,epsEstimated,time,revenueEstimated,updatedFromDate,fiscalDateEnding,surprise(%),QuarterAvgPrice,QuarterAvgVolume
2025-03-31,CL,USD,21665,2025-04-25,2025-04-25 08:31:34,2025,Q1,4911000000.0,1924000000.0,2987000000.0,0.6082264305,0,0.0,0.0,1898000000.0,0.0,1911000000.0,3822000000.0,15000000.0,66000000.0,57000000.0,1167000000.0,0.2376298106,1076000000.0,0.2190999796,-123000000.0,953000000.0,0.1940541641,227000000.0,690000000.0,0.1405009163,0.85,0.85,817700000,822500000,https://www.sec.gov/Archives/edgar/data/21665/000002166525000020/0000021665-25-000020-index.htm,https://www.sec.gov/Archives/edgar/data/21665/000002166525000020/cl-20250331.htm,6.005870123517182,0.8438302555949615,0.7337654396477926,0.5821205821205822,1.3599119481472424,0.8964167787697199,-5.360156536627125,0.4439280909869145,10.193224899107252,76618490000.0,83775490000.0,27.76032246376812,15.60140297291794,127.69748333333334,160.9632142857143,211.07022038567496,211.07022038567496,17.058743636733862,71.78705227077978,139.62581666666668,175.99892857142856,0.0090056590778544,0.0062125995957372,22.77961432506887,0.4967261368414729,6.132819194515853,0.8473983384346305,16.303030303030305,0.8264462809917356,0.0052989820081288,0.5884057971014492,0.0,0.0,0.3073226407160449,0.2066666666666666,0.0252494400325799,0.8378378378378378,0.0046833638770107,2.903187726598748,0.0837627216129258,0.0598386956898794,-15.220435367494192,-1047000000.0,-4383000000.0,-10100000000.0,4069000000.0,1623000000.0,1802500000.0,2056000000.0,31.612706169822847,84.19958419958421,99.4022869022869,2.8469565217391306,1.068888888888889,0.9054117647058824,1.900826446280992,0.1516448575272104,2025-04-25,0.856,bmo,4866430171.0,2025-05-11,2025-03-31,0.0630841121495327,89.5345,5142894.916666667
2024-12-31,CL,USD,21665,2025-02-13,2025-02-13 16:04:47,2024,Q4,4945000000.0,1963000000.0,2982000000.0,0.603033367,0,1208000000.0,688000000.0,1896000000.0,23000000.0,1919000000.0,3882000000.0,68000000.0,118000000.0,148000000.0,1191000000.0,0.2408493428,1063000000.0,0.2149646107,-70000000.0,993000000.0,0.2008088979,214000000.0,739000000.0,0.1494438827,0.9,0.9,817700000,822500000,https://www.sec.gov/Archives/edgar/data/21665/000002166525000008/0000021665-25-000008-index.htm,https://www.sec.gov/Archives/edgar/data/21665/000002166525000008/cl-20241231.htm,6.047450165097224,0.903754433166198,1.5519139048550814,1.3268925033630916,1.3403448697566345,0.6652806652806653,-5.483673718967837,0.2592637886755534,10.553992906934084,74337107000.0,81753107000.0,25.14787110960758,15.032782002022245,58.579280535855,68.51346267281106,350.64673113207544,350.64673113207544,16.532478665318504,68.64240722082283,64.42325216706068,75.34848571428572,0.0099411993528346,0.0145956715802782,40.15094339622642,0.5304748847064689,6.226700251889169,0.9232505643340858,9.008474576271189,1.6290115532734275,0.0069144471818092,0.6955345060893099,0.2442871587462083,0.0,0.3133491212763305,0.1449960598896769,0.0372093023255813,1.2432432432432432,0.0054600606673407,2.2960820898734005,0.0754400579704758,0.0670720638954438,-15.007643389996332,-442000000.0,-4484000000.0,-10185000000.0,9008000000.0,1616500000.0,1715000000.0,2014000000.0,27.682507583417596,82.75598573611818,91.10035659704532,3.251150558842866,1.0875346260387813,0.9879214896829392,3.4858490566037736,0.2250214014919897,2025-01-31,0.9,bmo,4979520162.0,2025-05-01,2024-12-31,0.0111111111111111,95.42484375,4473944.515625
2024-09-30,CL,USD,21665,2024-10-25,2024-10-25 08:31:34,2024,Q3,5033000000.0,1959000000.0,3074000000.0,0.6107689251,0,0.0,0.0,1979000000.0,30000000.0,2009000000.0,3968000000.0,0.0,56000000.0,150000000.0,1215000000.0,0.2414067157,1065000000.0,0.2116034174,-79000000.0,986000000.0,0.1959070137,210000000.0,737000000.0,0.1464335386,0.9,0.9,817700000,822500000,https://www.sec.gov/Archives/edgar/data/21665/000002166524000044/0000021665-24-000044-index.htm,https://www.sec.gov/Archives/edgar/data/21665/000002166524000044/cl-20240930.htm,6.155069096245567,0.9013085483673718,1.4271737801149569,1.2632994985936163,9.998777057600588,1.0223798459092577,-5.365048306224777,0.5319799437446496,10.385226855815093,84885437000.0,92087437000.0,28.794245929443697,16.865773296244786,72.73816366752357,82.17370474346563,195.13893563218392,195.13893563218392,18.296728988674747,75.792129218107,78.90954327335047,89.1456311713456,0.0086822902260608,0.0121693430169888,19.393103448275863,0.5029211875521641,5.927572016460905,1.0433063791554358,19.017857142857142,1.5058064516129033,0.0048064781712792,0.55359565807327,0.0,0.0,0.3113747466316919,0.1148243359040274,0.026624279753626,0.8933333333333333,0.0129147625670574,3.284548156791668,0.0714190901662124,0.0638039996537096,-6.67420814479638,241000000.0,-4387000000.0,-10132000000.0,9885000000.0,1768500000.0,1591000000.0,1981500000.0,30.61394794357242,74.65543644716692,93.76722817764166,2.9398364485981308,1.2055384615384614,0.9598236158745712,1.6942528735632183,0.1638742815213403,2024-10-25,0.89,bmo,5006002409.0,2025-04-25,2024-09-30,0.0224719101123595,101.92234375,4016619.8125
2024-06-30,CL,USD,21665,2024-07-26,2024-07-26 08:31:51,2024,Q2,5058000000.0,1989000000.0,3069000000.0,0.6067615658,0,0.0,0.0,1911000000.0,-22000000.0,1911000000.0,3900000000.0,0.0,60000000.0,157000000.0,1249000000.0,0.2469355476,1158000000.0,0.2289442467,-82000000.0,1010000000.0,0.1996836694,243000000.0,731000000.0,0.1445235271,0.89,0.89,819700000,823700000,https://www.sec.gov/Archives/edgar/data/21665/000002166524000031/0000021665-24-000031-index.htm,https://www.sec.gov/Archives/edgar/data/21665/000002166524000031/cl-20240630.htm,6.170550201293156,0.8917896791509089,1.2077589361961694,1.0650237891911676,1.6286446260827132,0.5880200073197511,-5.675247041600586,0.1500548981334634,10.657557643040136,78314138000.0,85880138000.0,26.78322093023256,15.483222222222222,79.1051898989899,89.70691638029783,636.7003089430895,636.7003089430895,16.97907038355081,68.75911769415532,86.74761414141415,98.37358304696448,0.0093342022100785,0.0111474124889173,70.53658536585365,0.5264563106796116,6.0576461168935145,1.0553271028037383,19.3,1.3543091655266757,0.006039777900639,0.6470588235294118,0.0,0.0,0.3115291262135922,0.1181818181818181,0.0231316725978647,0.7452229299363057,0.0047449584816132,1.735192125639963,0.0754195608240069,0.0644279922439626,-15.046053434183236,296000000.0,-4652000000.0,-10352000000.0,9822000000.0,1819000000.0,1601500000.0,1918000000.0,32.47330960854092,70.4524886877828,86.96832579185521,2.7715068493150685,1.277456647398844,1.0348595213319458,5.943089430894309,0.1427351470050018,2024-07-26,0.87,bmo,5004255952.0,2025-04-25,2024-06-30,0.0459770114942529,92.2473015873016,4323531.142857143
2024-03-31,CL,USD,21665,2024-04-26,2024-04-26 08:37:12,2024,Q1,5065000000.0,2029000000.0,3036000000.0,0.5994076999,0,1208000000.0,672000000.0,1880000000.0,-22000000.0,1880000000.0,3909000000.0,0.0,58000000.0,150000000.0,1306000000.0,0.2578479763,1156000000.0,0.2282329714,-80000000.0,967000000.0,0.1909180652,238000000.0,683000000.0,0.1348469891,0.83,0.83,822800000,825900000,https://www.sec.gov/Archives/edgar/data/21665/000002166524000015/0000021665-24-000015-index.htm,https://www.sec.gov/Archives/edgar/data/21665/000002166524000015/cl-20240331.htm,6.155809431210501,0.8300923675255226,0.8276616431696645,0.6745260087506076,1.59212445308702,0.7498784637822071,-5.543266893534273,0.2795333009236752,10.630772970345165,73278568000.0,80888568000.0,26.822316251830163,14.467634353405726,107.60435829662262,132.03345585585586,318.6024695652174,318.6024695652174,15.970102270483713,61.93611638591118,118.7791013215859,145.74516756756756,0.0093205969854651,0.0075738379603706,37.778260869565216,0.5243497676664052,5.826952526799388,1.0613473842679717,19.93103448275862,0.9970717423133236,0.0053767426241189,0.5768667642752562,0.2384995064165844,0.0,0.3124735984551324,0.185022026431718,0.0248766041461006,0.84,0.0037512339585389,2.2849212984770517,0.0738857937192288,0.0599490915474414,-14.982073407875546,326000000.0,-4561000000.0,-10314000000.0,10001000000.0,1699500000.0,1672000000.0,1924000000.0,32.2152023692004,73.0113356333169,84.8989650073928,2.793712079426365,1.232685297691373,1.0600835945663531,2.9695652173913043,0.1531356344190568,2024-04-26,0.81,bmo,4959767795.0,2025-04-25,2024-03-31,0.0617283950617283,84.72704918032788,4696007.327868853
2023-12-31,CL,USD,21665,2024-02-15,2024-02-15 16:03:27,2023,Q4,4950000000.0,2007000000.0,2943000000.0,0.5945454545,343000000,1210000000.0,593000000.0,1803000000.0,-104000000.0,1803000000.0,3810000000.0,0.0,62000000.0,150000000.0,1489000000.0,0.3008080808,1140000000.0,0.2303030303,-84000000.0,988000000.0,0.1995959596,228000000.0,718000000.0,0.1450505051,0.87,0.87,823400000,825100000,https://www.sec.gov/Archives/edgar/data/21665/000002166524000003/0000021665-24-000003-index.htm,https://www.sec.gov/Archives/edgar/data/21665/000002166524000003/cl-20231231.htm,6.011658974981783,0.8719941705125092,1.379645372844304,1.1403934904056352,1.3905756618897256,1.162254068496478,-5.270828273014331,0.7396162254068497,11.083313092057324,65633213999.99999,73731214000.0,22.852790389972142,13.25923515151515,57.77571654929577,69.89692651757187,107.77210837438422,107.77210837438422,14.895194747474749,49.51726930826058,64.90423767605634,78.52099467518637,0.0109395831202171,0.0143067807101447,14.883415435139574,0.5529189288110778,5.438549361987912,1.113478169162624,18.387096774193548,1.5821727019498608,0.005119359231745,0.467966573816156,0.2444444444444444,0.0692929292929293,0.3231257243945586,0.1734154929577464,0.0397979797979798,1.3133333333333332,0.005050505050505,3.809353400756206,0.0726110024776912,0.0647080028839221,-14.737065824629584,538000000.0,-4340000000.0,-10157000000.0,10908000000.0,1581500000.0,1590000000.0,1932500000.0,28.83636363636364,76.14349775784753,86.72645739910314,3.121059268600252,1.1819787985865724,1.0377456049638056,1.1789819376026272,0.2392518824386689,2024-01-26,0.85,bmo,4890170000.0,2025-04-25,2023-12-31,0.0235294117647059,75.18857142857144,4650851.126984127
2023-09-30,CL,USD,21665,2023-10-27,2023-10-27 08:35:07,2023,Q3,4915000000.0,2038000000.0,2877000000.0,0.5853509664,0,1224000000.0,598000000.0,1822000000.0,-15000000.0,1822000000.0,3860000000.0,58000000.0,58000000.0,144000000.0,1173000000.0,0.2386571719,1029000000.0,0.2093591048,-73000000.0,956000000.0,0.1945066124,209000000.0,708000000.0,0.1440488301,0.86,0.86,825600000,827300000,https://www.sec.gov/Archives/edgar/data/21665/000002166523000037/0000021665-23-000037-index.htm,https://www.sec.gov/Archives/edgar/data/21665/000002166523000037/cl-20230930.htm,5.953246124031008,0.8575581395348837,1.3953488372093024,1.2003391472868217,1.4510658914728682,0.4917635658914728,-5.792151162790698,-0.0109011627906976,10.637112403100776,58708416000.0,66481416000.0,20.730372881355933,11.944743845371312,50.96216666666667,59.24159031281534,-6523.157333333334,-6523.157333333334,13.52622909460834,56.6763989769821,57.7095625,67.08518264379414,0.0120595997684556,0.0168800330092367,-969.3333333333334,0.543788568222901,6.626598465473146,1.1640591047370707,17.74137931034483,1.5421686746987953,0.0067451998704921,0.559322033898305,0.2490335707019328,0.0,0.3233809137941781,0.1397569444444444,0.0327568667344862,1.1180555555555556,0.0122075279755849,,0.0700689145951267,0.0652233993551358,-14.887051841085272,755000000.0,-4782000000.0,-10280000000.0,10352000000.0,1616500000.0,1513000000.0,1985000000.0,28.876907426246184,65.44651619234544,85.2747791952895,3.116677235256817,1.3751686909581646,1.0554117037804247,-78.66666666666667,0.1950096899224806,2023-10-27,0.8,bmo,4817870000.0,2025-04-25,2023-09-30,0.0749999999999999,74.76904761904761,4106100.396825397
2023-06-30,CL,USD,21665,2023-07-28,2023-07-28 08:06:46,2023,Q2,4822000000.0,2035000000.0,2787000000.0,0.5779759436,0,0.0,0.0,1768000000.0,-29000000.0,1768000000.0,3803000000.0,58000000.0,58000000.0,145000000.0,1119000000.0,0.2320613853,974000000.0,0.2019908752,-87000000.0,887000000.0,0.1839485691,353000000.0,502000000.0,0.10410618,0.61,0.6,829400000,831300000,https://www.sec.gov/Archives/edgar/data/21665/000002166523000031/0000021665-23-000031-index.htm,https://www.sec.gov/Archives/edgar/data/21665/000002166523000031/cl-20230630.htm,5.813841331082711,0.6052568121533639,0.8705088015432842,0.6486616831444417,1.3093802748975163,0.3797926211719315,-5.979020979020979,-0.0771642150952495,10.907885218230046,63896976000.00001,72066976000.0,31.821203187251,13.251135628369973,88.49996675900279,118.76761338289964,-998.39025,-998.39025,14.945453338863542,64.40301697944594,99.81575623268698,133.95348698884757,0.0078563968348048,0.0084198037791334,-140.453125,0.553953287730326,7.301161751563896,1.173791018998273,16.79310344827586,1.352059925093633,0.007152138154394,0.9103585657370518,0.0,0.0,0.3250138657792568,0.2548476454293629,0.0381584404811281,1.2689655172413794,0.004769805060141,,0.0504193078391323,0.0458321920934903,-15.148902821316614,805000000.0,-4959000000.0,-10475000000.0,10510000000.0,1623000000.0,1576500000.0,2074500000.0,30.90833678971381,68.28501228501229,90.17690417690416,2.9118357487922704,1.3180051813471505,0.998038254046101,-7.84375,0.2218471183988425,2023-07-28,0.75,bmo,4694440000.0,2025-04-25,2023-06-30,0.0266666666666666,77.40548387096774,5322621.338709678
2023-03-31,CL,USD,21665,2023-04-28,2023-04-28 08:34:19,2023,Q1,4770000000.0,2058000000.0,2712000000.0,0.5685534591,0,1179000000.0,579000000.0,1758000000.0,45000000.0,1803000000.0,3861000000.0,54000000.0,54000000.0,128000000.0,1037000000.0,0.2174004193,909000000.0,0.1905660377,-348000000.0,561000000.0,0.1176100629,147000000.0,372000000.0,0.0779874214,0.45,0.45,831400000,833000000,https://www.sec.gov/Archives/edgar/data/21665/000002166523000016/0000021665-23-000016-index.htm,https://www.sec.gov/Archives/edgar/data/21665/000002166523000016/cl-20230331.htm,5.737310560500361,0.4474380562905942,0.8840509983160934,0.6879961510704835,10.381284580226124,0.5111859514072649,-5.855184026942506,-0.0072167428433966,10.77820543661294,62479710000.00001,70519710000.0,41.98905241935484,13.09847169811321,85.0064081632653,109.23026223776225,-10413.285,-10413.285,14.784006289308175,68.00357762777242,95.9451836734694,123.2862062937063,0.0059539328847717,0.0091549720701328,-1484.5,0.5507327026525691,7.753134040501447,1.2411444141689374,16.833333333333332,1.7753623188405796,0.0062420264114542,1.0483870967741935,0.2471698113207547,0.0,0.3272738514808632,0.2217687074829932,0.0341719077568134,1.2734375,0.0029350104821802,,0.0568196539238183,0.0341911764705882,-5.856988212653356,1062000000.0,-4868000000.0,-10282000000.0,10718000000.0,1547000000.0,1580000000.0,2092000000.0,30.0,70.36443148688046,92.27405247813412,3.0,1.2790553138595402,0.9753554502369668,-62.0,0.1960548472456098,2023-04-28,0.7,bmo,4580770000.0,2025-04-25,2023-03-31,0.0428571428571429,74.35935483870968,4484445.612903226
2022-12-31,CL,USD,21665,2023-02-16,2023-02-16 16:17:09,2022,Q4,4629000000.0,2055000000.0,2574000000.0,0.5560596241,320000000,1156000000.0,-501000000.0,1633000000.0,18000000.0,1651000000.0,3706000000.0,55000000.0,55000000.0,135000000.0,1029000000.0,0.222294232,1644000000.0,0.3551523007,-70000000.0,132000000.0,0.0285158782,89000000.0,43000000.0,0.0092892633,0.0516,0.0515,832600000,834400000,https://www.sec.gov/Archives/edgar/data/21665/000002166523000007/0000021665-23-000007-index.htm,https://www.sec.gov/Archives/edgar/data/21665/000002166523000007/cl-20221231.htm,5.559692529425895,0.0516454479942349,0.8083113139562815,0.542877732404516,1.1410040835935624,0.9680518856593804,-5.3639202498198415,0.4816238289694931,10.75426375210185,65600554000.00001,73724554000.0,381.3985697674418,14.171647007993087,97.4748202080238,145.1339690265487,163.59240399002496,163.59240399002496,15.926669691077986,71.64679689018465,109.5461426448737,163.1074203539823,0.0006554822692503,0.0068901857139804,22.19201995012469,0.5656983027143856,7.895043731778426,1.284996230208595,29.89090909090909,15.651162790697674,0.0053353207962237,8.13953488372093,0.2497299632750054,0.0691294015986174,0.3351344479054097,0.3283803863298662,0.0477424929790451,1.637037037037037,0.0043205875999135,0.7481027765395178,0.0450606188090412,0.0041112917104885,-14.184482344463127,1134000000.0,-4466000000.0,-9812000000.0,10713000000.0,1464500000.0,1546000000.0,2073500000.0,29.241736876215164,67.92700729927007,90.83211678832116,3.077792553191489,1.3249516441005802,0.9908389585342332,0.1072319201995012,0.2654335815517655,2023-01-27,0.77,bmo,4594050464.0,2025-04-25,2022-12-31,0.0,74.9726984126984,3839556.555555556
2022-09-30,CL,USD,21665,2022-10-28,2022-10-28 08:40:01,2022,Q3,4455000000.0,1907000000.0,2548000000.0,0.5719416386,0,1148000000.0,486000000.0,1634000000.0,-33000000.0,1601000000.0,3508000000.0,40000000.0,40000000.0,134000000.0,1081000000.0,0.2426487093,947000000.0,0.2125701459,-55000000.0,892000000.0,0.2002244669,210000000.0,618000000.0,0.1387205387,0.74,0.74,835700000,838500000,https://www.sec.gov/Archives/edgar/data/21665/000002166522000027/0000021665-22-000027-index.htm,https://www.sec.gov/Archives/edgar/data/21665/000002166522000027/cl-20220930.htm,5.3308603565872925,0.7394998205097523,1.15950700011966,0.9501017111403612,1.3713054924015795,1.2600215388297236,-5.628814167763552,0.7442862271149934,9.91743448605959,58707925000.0,66017925000.0,23.7491605987055,13.177985409652075,60.58609391124871,73.93945214105794,94.38573151125402,94.38573151125402,14.818838383838385,61.07116096207216,68.12995356037152,83.14600125944584,0.0105266878364377,0.0135245795180122,13.260450160771704,0.506385068762279,6.762257169287697,1.1826125924266189,23.675,1.4208211143695015,0.0066771223816886,0.6343042071197411,0.2576879910213243,0.0,0.3534503929273084,0.1805985552115583,0.0392817059483726,1.3059701492537314,0.0134680134680134,3.5190892934944,0.0610807802857032,0.0586838856708764,-14.339775038889554,815000000.0,-4704000000.0,-9957000000.0,10695000000.0,1457500000.0,1524000000.0,2042500000.0,28.78787878787879,72.72679601468275,97.83429470372312,3.126315789473684,1.237508111615834,0.9199228171731788,0.9935691318327974,0.2094052889792988,2022-10-28,0.73,bmo,4471683677.0,2025-04-25,2022-09-30,0.0136986301369863,78.4109375,4396173.828125
2022-06-30,CL,USD,21665,2022-07-29,2022-07-29 08:18:40,2022,Q2,4484000000.0,1930000000.0,2554000000.0,0.5695807315,0,0.0,0.0,1657000000.0,-12000000.0,1670000000.0,3600000000.0,0.0,31000000.0,138000000.0,1022000000.0,0.2279214987,884000000.0,0.1971454059,-43000000.0,841000000.0,0.1875557538,202000000.0,603000000.0,0.1344781445,0.72,0.72,836800000,839400000,https://www.sec.gov/Archives/edgar/data/21665/000002166522000025/0000021665-22-000025-index.htm,https://www.sec.gov/Archives/edgar/data/21665/000002166522000025/cl-20220630.htm,5.358508604206501,0.720602294455067,0.6309751434034416,0.4182600382409178,1.1687380497131932,0.6668260038240917,-5.967973231357552,0.2007648183556405,9.580544933078396,67061152000.0,74189152000.0,27.803131011608624,14.955653880463872,127.0097575757576,191.60329142857145,399.17352380952383,399.17352380952383,16.54530597680642,72.5921252446184,140.5097575757576,211.9690057142857,0.0089917930428633,0.0052191170232208,47.535714285714285,0.5083062822226465,6.974559686888454,1.174061433447099,28.516129032258064,0.8262910798122066,0.0065015286346408,0.7230514096185738,0.0,0.0,0.3533829800776526,0.3371212121212121,0.0396966993755575,1.289855072463768,0.0035682426404995,1.804192547080524,0.0592042150077375,0.0593562358499852,-14.401888145315487,765000000.0,-4994000000.0,-9993000000.0,10082000000.0,1511000000.0,1544500000.0,1968000000.0,29.906333630686884,70.27461139896373,93.8238341968912,3.0093959731543625,1.280690112806901,0.9592445328031808,3.5892857142857144,0.2127151051625239,2022-07-29,0.71,bmo,4350413000.0,2025-04-25,2022-06-30,0.0140845070422535,78.19403225806451,5462164.677419355
2022-03-31,CL,USD,21665,2022-04-29,2022-04-29 08:35:42,2022,Q1,4399000000.0,1827000000.0,2572000000.0,0.584678336,0,1135000000.0,506000000.0,1641000000.0,-38000000.0,1712000000.0,3539000000.0,0.0,27000000.0,138000000.0,998000000.0,0.2268697431,860000000.0,0.195498977,-65000000.0,795000000.0,0.1807228916,192000000.0,559000000.0,0.1270743351,0.67,0.66,840600000,843700000,https://www.sec.gov/Archives/edgar/data/21665/000002166522000010/0000021665-22-000010-index.htm,https://www.sec.gov/Archives/edgar/data/21665/000002166522000010/cl-20220331.htm,5.2331667856293125,0.6650011896264573,0.4591958125148703,0.3140613847251963,1.1123007375684035,0.8660480609088747,-5.92315013085891,0.3818700927908636,9.08160837497026,63742698000.0,70472698000.0,28.507467799642217,14.490270061377586,165.13652331606215,241.44961363636364,198.5753831775701,198.5753831775701,16.02016321891339,70.61392585170341,182.57175647668396,266.94203787878786,0.0087696319349394,0.0041416508601502,23.697819314641745,0.4838135215925714,6.743486973947896,1.092641261498029,31.85185185185185,0.6401326699834162,0.005930091004306,0.6762075134168157,0.2580131848147306,0.0,0.3629714431088214,0.3160621761658031,0.0277335758126847,0.8840579710144928,0.0065924073653102,2.390343382182887,0.058366310557664,0.0558107028753993,-14.21484653818701,423000000.0,-4979000000.0,-10006000000.0,9882000000.0,1414500000.0,1530500000.0,1808000000.0,31.343487156171857,77.93103448275862,94.77832512315273,2.8714099216710185,1.154867256637168,0.9495841995841996,1.7414330218068537,0.145134427789674,2022-04-29,0.74,bmo,4398031786.0,2025-04-25,2022-03-31,0.0,79.21048387096775,5190004.919354838
2021-12-31,CL,USD,21665,2022-02-17,2022-02-17 16:17:32,2021,Q4,4403000000.0,1844000000.0,2559000000.0,0.58119464,307000000,1109000000.0,489000000.0,1598000000.0,-18000000.0,1623000000.0,3467000000.0,0.0,31000000.0,142000000.0,1048000000.0,0.2380195321,365000000.0,0.0828980241,-41000000.0,324000000.0,0.0735861912,136000000.0,148000000.0,0.0336134454,0.18,0.18,842100000,845000000,https://www.sec.gov/Archives/edgar/data/21665/000002166522000003/0000021665-22-000003-index.htm,https://www.sec.gov/Archives/edgar/data/21665/000002166522000003/cl-20211231.htm,5.228595178719867,0.1757510984443653,1.313383208645054,1.0841942762142265,1.0283814273839211,1.1530697066856668,-5.670347939674623,0.7231920199501247,8.640304001900011,71864814000.0,78277814000.0,121.39326689189188,16.321783783783783,64.97722784810126,78.71283023001095,118.00462068965516,118.00462068965516,17.778290710878945,74.69257061068703,70.77560036166365,85.73692661555312,0.0020594222925283,0.0127044091424212,11.89655172413793,0.4817154255319149,6.119274809160306,1.09925,11.774193548387096,5.882978723404255,0.0069018476830678,3.3513513513513518,0.2518737224619577,0.0697251873722462,0.3820478723404255,0.174502712477396,0.0438337497161026,1.3591549295774648,0.0063593004769475,1.6910914574853009,0.0188626757620938,0.0159242522057241,-13.51888136800855,397000000.0,-4775000000.0,-9672000000.0,9873000000.0,1360500000.0,1368500000.0,1681000000.0,26.51146945264592,72.18546637744035,82.58134490238612,3.394757131842714,1.246788370520622,1.0898345153664302,0.2430213464696223,0.2291889324308277,2022-01-28,0.79,bmo,4417052462.0,2025-04-25,2021-12-31,0.0,78.088125,4280587.40625
2021-09-30,CL,USD,21665,2021-10-29,2021-10-29 08:52:04,2021,Q3,4414000000.0,1791000000.0,2623000000.0,0.5942455822,0,1133000000.0,503000000.0,1636000000.0,-16000000.0,1656000000.0,3447000000.0,0.0,98000000.0,140000000.0,1107000000.0,0.2507929316,967000000.0,0.2190756683,-114000000.0,853000000.0,0.193248754,172000000.0,634000000.0,0.1436338922,0.75,0.75,843600000,846400000,https://www.sec.gov/Archives/edgar/data/21665/000002166521000027/0000021665-21-000027-index.htm,https://www.sec.gov/Archives/edgar/data/21665/000002166521000027/cl-20210930.htm,5.232337600758654,0.7515410146989094,1.1782835467045991,1.0158843053579896,1.2541488857278331,1.2174016121384543,-6.373873873873874,0.7005689900426743,9.238975817923189,63759288000.0,70497288000.0,25.141675078864356,14.444786588128682,64.14415291750502,74.398235705951,107.88373604060914,107.88373604060914,15.971293158133212,63.68318699186992,70.9228249496982,82.26054609101517,0.0099436493080035,0.013441178954194,13.021996615905245,0.4846347607052896,6.086720867208672,1.09086661994861,9.86734693877551,1.459618208516887,0.0060697039151378,0.610410094637224,0.2566832804712279,0.0,0.4032745591939546,0.1378269617706237,0.0310376076121431,0.9785714285714284,0.0111010421386497,3.4418588606991696,0.066478334251474,0.0669058674546222,-14.096728307254622,389000000.0,-5377000000.0,-10183000000.0,10426000000.0,1433500000.0,1265000000.0,1685000000.0,29.03488898957861,63.21608040201005,83.91959798994975,3.099719101123596,1.4236883942766296,1.0724550898203593,1.0727580372250425,0.1623992413466097,2021-10-29,0.79,bmo,4402450000.0,2025-04-25,2021-09-30,0.0253164556962025,79.4053125,3755664.375
2021-06-30,CL,USD,21665,2021-07-30,2021-07-30 08:53:43,2021,Q2,4260000000.0,1704000000.0,2556000000.0,0.6,0,1074000000.0,494000000.0,1568000000.0,-18000000.0,1560000000.0,3264000000.0,0.0,25000000.0,137000000.0,1133000000.0,0.2659624413,996000000.0,0.2338028169,-43000000.0,953000000.0,0.2237089202,212000000.0,703000000.0,0.1650234742,0.83,0.83,845600000,849400000,https://www.sec.gov/Archives/edgar/data/21665/000002166521000025/0000021665-21-000025-index.htm,https://www.sec.gov/Archives/edgar/data/21665/000002166521000025/cl-20210630.htm,5.037842951750236,0.8313623462630085,0.7414853358561968,0.5877483443708609,1.1908703878902551,1.019394512771996,-6.714758751182592,0.5487228003784295,9.450094607379375,68789560000.0,75818560000.0,24.46285917496444,16.147784037558687,109.7122169059011,138.40957746478873,148.25336206896552,148.25336206896552,17.797784037558685,66.91841129744043,120.9227432216906,152.55243460764586,0.0102195740167548,0.0072249335509632,17.16810344827586,0.4979061191324457,6.203883495145631,1.1068284558648585,39.84,0.8461538461538461,0.0061055776487013,0.5974395448079659,0.252112676056338,0.0,0.4087755484717795,0.2073365231259968,0.0305164319248826,0.948905109489051,0.0046948356807511,3.203781856234744,0.0655689118303735,0.074320752722275,-14.424964522232736,449000000.0,-5678000000.0,-10485000000.0,10654000000.0,1422500000.0,1289000000.0,1688000000.0,30.485915492957744,67.1830985915493,89.7887323943662,2.952182952182952,1.339622641509434,1.002352941176471,1.5150862068965518,0.1537369914853358,2021-07-30,0.8,bmo,4260000000.0,2025-04-25,2021-06-30,0.0,81.76587301587301,4105585.73015873
2021-03-31,CL,USD,21665,2021-04-30,2021-04-30 08:59:19,2021,Q1,4344000000.0,1707000000.0,2637000000.0,0.6070441989,0,1070000000.0,535000000.0,1605000000.0,-18000000.0,1633000000.0,3340000000.0,0.0,29000000.0,137000000.0,1141000000.0,0.2626611418,1004000000.0,0.2311233886,-47000000.0,957000000.0,0.2203038674,229000000.0,681000000.0,0.1567679558,0.8,0.8,848600000,851400000,https://www.sec.gov/Archives/edgar/data/21665/000002166521000010/0000021665-21-000010-index.htm,https://www.sec.gov/Archives/edgar/data/21665/000002166521000010/cl-20210331.htm,5.119019561630921,0.8024982323827481,0.7046900777751591,0.5786000471364601,1.245580956870139,0.7812868253594155,-6.864246995050672,0.3087438133396182,9.264671223191138,66895138000.0,73733138000.0,24.55768649045521,15.399433241252302,111.86477926421404,136.24264358452135,255.32495419847328,255.32495419847328,16.97355847145488,64.62150569675723,123.2995618729097,150.16932382892057,0.0101801120434193,0.0073398458345358,29.896946564885496,0.4957281184735143,5.992988606485539,1.0052875082617316,34.62068965517241,0.8214285714285714,0.0056207373396852,0.5521292217327459,0.2463167587476979,0.0,0.4106069236124296,0.1789297658862876,0.0246316758747697,0.781021897810219,0.0087476979742173,2.361089409667376,0.0662692751435364,0.073123590679695,-14.366603818053264,24000000.0,-5825000000.0,-10575000000.0,10121000000.0,1333000000.0,1349500000.0,1674500000.0,29.04696132596685,68.85764499121265,88.36555360281194,3.0984308131241085,1.3070444104134762,1.0184964200477329,2.599236641221374,0.126090030638699,2021-04-30,0.79,bmo,4289012658.0,2025-04-25,2021-03-31,0.0126582278481012,78.38049180327869,5070161.639344262
2020-12-31,CL,USD,21665,2021-02-18,2021-02-18 16:10:54,2020,Q4,4324000000.0,1681000000.0,2643000000.0,0.611239593,290000000,1084000000.0,549000000.0,1633000000.0,-18000000.0,1674000000.0,3355000000.0,0.0,0.0,139000000.0,1078000000.0,0.249306198,969000000.0,0.2240980574,-75000000.0,894000000.0,0.2067530065,202000000.0,647000000.0,0.1496299722,0.76,0.75,854100000,858400000,https://www.sec.gov/Archives/edgar/data/21665/000002166521000007/0000021665-21-000007-index.htm,https://www.sec.gov/Archives/edgar/data/21665/000002166521000007/cl-20201231.htm,5.062639035241775,0.7575225383444562,1.1275026343519494,0.9390001170823088,1.0830113569839597,1.28907622058307,-6.576513288842056,0.8699215548530617,8.89942629668657,73034091000.0,79747091000.0,28.220282457496136,16.890400323774283,75.84017757009346,91.06495137157108,98.2962193808883,98.2962193808883,18.442898011100837,73.97689332096475,82.81110176531672,99.43527556109726,0.0088588766032564,0.0109811731619963,10.230148048452222,0.4774497487437186,6.227272727272728,1.0485859318346629,0.0,1.3916184971098269,0.0067365800445164,0.7604327666151468,0.2506938020351526,0.0670675300647548,0.4219849246231156,0.1671858774662513,0.0372340425531914,1.158273381294964,0.0050878815911193,3.850606010596133,0.0615453919155795,0.0703108019995653,-14.178082191780822,201000000.0,-5617000000.0,-10481000000.0,10635000000.0,1278000000.0,1309000000.0,1625500000.0,26.30897317298797,74.58060678167757,89.57168352171327,3.420886075949367,1.2067480258435033,1.0047818290496116,0.8707940780619112,0.1885025172696405,2021-01-29,0.76,bmo,4267105263.0,2025-04-25,2020-12-31,0.0131578947368421,82.6903125,3325742.578125
2020-09-30,CL,USD,21665,2020-10-30,2020-10-30 08:31:40,2020,Q3,4153000000.0,1613000000.0,2540000000.0,0.6116060679,0,1042000000.0,476000000.0,1518000000.0,-15000000.0,1522000000.0,3135000000.0,0.0,36000000.0,134000000.0,1152000000.0,0.2773898387,1018000000.0,0.2451240067,-51000000.0,967000000.0,0.2328437274,222000000.0,698000000.0,0.1680712738,0.81,0.81,859000000,861800000,https://www.sec.gov/Archives/edgar/data/21665/000002166520000026/0000021665-20-000026-index.htm,https://www.sec.gov/Archives/edgar/data/21665/000002166520000026/cl-20200930.htm,4.834691501746216,0.8125727590221188,1.119906868451688,1.0151338766006983,1.2444703143189757,1.249126891734575,-6.374854481955762,0.760186263096624,8.465657741559953,66271850000.00001,72518850000.0,23.736335959885388,15.957584878401155,68.88965696465698,75.99982798165138,101.48828483920369,101.48828483920369,17.46179869973513,62.950390625,75.38341995841996,83.16381880733945,0.0105323753599756,0.0131579245184795,11.081163859111792,0.4678649941807836,5.422743055555555,1.0358159392789374,28.27777777777778,1.291275167785235,0.0057037792064051,0.5415472779369628,0.2509029617144233,0.0,0.423444976076555,0.0935550935550935,0.0216710811461594,0.6716417910447762,0.0127618588971827,3.728055740790446,0.068110431921674,0.0782774475720533,-13.464493597206054,151000000.0,-5476000000.0,-10026000000.0,10206000000.0,1261500000.0,1207000000.0,1551000000.0,27.999036840837945,68.35089894606323,88.0471171729696,3.2143962848297214,1.316734693877551,1.0221799746514575,1.0689127105666156,0.1047729918509895,2020-10-30,0.7,bmo,3679873417.0,2025-04-25,2020-09-30,0.1285714285714287,76.24546875,3199920.78125
2020-06-30,CL,USD,21665,2020-07-31,2020-07-31 08:40:19,2020,Q2,3897000000.0,1528000000.0,2369000000.0,0.6079035155,0,956000000.0,439000000.0,1395000000.0,-20000000.0,1423000000.0,2951000000.0,0.0,35000000.0,133000000.0,1079000000.0,0.276879651,946000000.0,0.242750834,-55000000.0,891000000.0,0.2286374134,216000000.0,635000000.0,0.1629458558,0.74,0.74,857400000,858900000,https://www.sec.gov/Archives/edgar/data/21665/000002166520000023/0000021665-20-000023-index.htm,https://www.sec.gov/Archives/edgar/data/21665/000002166520000023/cl-20200630.htm,4.545136459062281,0.7406111499883369,1.1966410076976908,1.106834616281782,1.19197574061115,0.853743876836949,-6.628178213202706,0.3125728947982272,8.662234662934454,62813124000.00001,69208124000.0,24.72957637795276,16.11832794457275,61.22136842105263,66.1887502634352,234.37732835820896,234.37732835820896,17.75933384654863,64.14098609823911,67.45431189083821,72.92742255005268,0.0101093523066931,0.0151083076205539,27.58208955223881,0.4882108183079057,5.92678405931418,0.919650655021834,27.02857142857143,1.52,0.0065432185796076,0.647244094488189,0.2453169104439312,0.0,0.4236840367214847,0.0750487329434697,0.0197587888119065,0.5789473684210527,0.004105722350526,2.282243818945122,0.0647453850091848,0.0727710291084116,-13.647947282481924,-368000000.0,-5683000000.0,-10197000000.0,9530000000.0,1391000000.0,1202500000.0,1412500000.0,28.42956120092379,70.03272251308901,89.76439790575917,3.165718927701056,1.2851135407905805,1.0026246719160106,2.3694029850746268,0.0898063914159085,2020-07-31,0.7,bmo,3686351351.0,2025-04-25,2020-06-30,0.0571428571428572,71.03428571428572,4232831.222222222
2020-03-31,CL,USD,21665,2020-05-01,2020-05-01 07:40:17,2020,Q1,4097000000.0,1632000000.0,2465000000.0,0.601659751,0,989000000.0,484000000.0,1473000000.0,-21000000.0,1513000000.0,3145000000.0,0.0,36000000.0,133000000.0,1085000000.0,0.2648279229,952000000.0,0.2323651452,-57000000.0,895000000.0,0.2184525262,147000000.0,715000000.0,0.17451794,0.83,0.83,856900000,858400000,https://www.sec.gov/Archives/edgar/data/21665/000002166520000007/0000021665-20-000007-index.htm,https://www.sec.gov/Archives/edgar/data/21665/000002166520000007/cl-3312020x10q.htm,4.781188003267593,0.834403080872914,0.8962539386159412,0.800560158711635,1.0467965923678375,0.3979460847240051,-7.048663788073288,-0.1318706966973976,9.19827284397246,56863884000.0,63855884000.0,19.88247692307692,13.87939565535758,74.041515625,82.89195918367346,-503.22021238938055,-503.22021238938055,15.586010251403463,58.85334930875576,83.14568229166666,93.08437900874635,0.0125738860891035,0.0120638963036714,-69.43362831858407,0.5206370272063703,6.444239631336406,1.080091533180778,26.444444444444443,1.0267379679144386,0.0065595237919379,0.5216783216783217,0.2413961435196485,0.0,0.4234240212342402,0.1067708333333333,0.0200146448620942,0.6165413533834586,0.0039052965584574,,0.0683126975896639,0.0822879502819657,-14.02526549188937,315000000.0,-6040000000.0,-10481000000.0,10183000000.0,1495500000.0,1226500000.0,1350500000.0,34.07127166219185,67.05882352941177,71.74632352941177,2.6415215989684078,1.3421052631578947,1.254419677171407,-6.327433628318584,0.0956937799043062,2020-05-01,0.74,bmo,4042373333.0,2025-04-25,2020-03-31,0.0135135135135135,70.52677419354839,5797065.225806451
2019-12-31,CL,USD,21665,2020-02-21,2020-02-21 16:53:42,2019,Q4,4015000000.0,1601000000.0,2414000000.0,0.60124533,281000000,986000000.0,426000000.0,1412000000.0,-29000000.0,1483000000.0,3084000000.0,0.0,0.0,133000000.0,1035000000.0,0.2577833126,931000000.0,0.2318804483,-61000000.0,870000000.0,0.2166874222,188000000.0,643000000.0,0.1601494396,0.75,0.75,856700000,858000000,https://www.sec.gov/Archives/edgar/data/21665/000002166520000004/0000021665-20-000004-index.htm,https://www.sec.gov/Archives/edgar/data/21665/000002166520000004/cl-12312019x10k.htm,4.686588070503094,0.7505544531341193,1.1322516633594024,1.0050192599509746,1.057546398972803,0.6513365238706665,-6.5565542196801685,0.1365705614567526,9.159565775650751,58975228000.0,65939228000.0,22.92971539657854,14.688724283935242,60.79920412371134,68.49619976771196,504.0617777777779,504.0617777777779,16.4232199252802,63.709399033816425,67.97858556701031,76.58446922183508,0.0109028828171719,0.0145993500864464,67.06837606837607,0.52195024610882,6.728502415458937,0.3675138510245361,0.0,1.4222873900293256,0.0080372728698903,0.7371695178849145,0.2455790784557907,0.0699875466998754,0.4107356658241319,0.1123711340206185,0.0271481942714819,0.8195488721804511,0.0042341220423412,1.5186612423575028,0.1688612658039328,0.0725815554803025,-13.76211042371892,-7192000000.0,-5617000000.0,-10297000000.0,2733000000.0,1467500000.0,1212500000.0,1385500000.0,32.27895392278954,69.53778888194879,78.70081199250468,2.7881944444444446,1.2942603071948262,1.1435714285714285,5.495726495726496,0.1272324034084276,2020-01-31,0.73,bmo,4015000000.0,2025-04-25,2019-12-31,0.0,68.17999999999999,3557753.640625
2019-09-30,CL,USD,21665,2019-11-01,2019-11-01 09:24:29,2019,Q3,3928000000.0,1612000000.0,2316000000.0,0.5896130346,0,1006000000.0,423000000.0,1429000000.0,-27000000.0,1460000000.0,3072000000.0,0.0,35000000.0,130000000.0,986000000.0,0.2510183299,856000000.0,0.2179226069,-62000000.0,794000000.0,0.2021384929,167000000.0,578000000.0,0.1471486762,0.67,0.67,858700000,861200000,https://www.sec.gov/Archives/edgar/data/21665/000002166519000022/0000021665-19-000022-index.htm,https://www.sec.gov/Archives/edgar/data/21665/000002166519000022/cl-9302019x10q.htm,4.574356585536275,0.673110515896122,1.0643996739257016,0.9712355886805636,1.2309304763013855,0.2026318854081751,-6.862699429369978,-0.3773145452428089,9.533015022708746,63123037000.00001,70326037000.0,27.30235164359862,16.070019602851325,69.06240371991248,75.68709472422063,-194.82418827160492,-194.82418827160492,17.903777240325866,71.32458113590263,76.943147702407,84.32378537170264,0.0091567203903703,0.0132122920511571,-25.15740740740741,0.5424597364568082,7.305273833671399,1.1672034353193774,24.457142857142856,1.457735247208931,0.0058615684159809,0.6401384083044983,0.2561099796334012,0.0,0.4037668042060429,0.087527352297593,0.020366598778004,0.6153846153846154,0.0124745417515274,,0.0572604572412534,0.064516129032258,-13.96092931175032,623000000.0,-5893000000.0,-10503000000.0,10379000000.0,1542500000.0,1198500000.0,1346500000.0,34.2540733197556,66.32754342431761,76.54466501240694,2.62742474916388,1.3569023569023568,1.175784099197666,-1.7839506172839503,0.093164085245138,2019-11-01,0.7,bmo,3872676056.0,2025-04-25,2019-09-30,0.0142857142857143,72.5475,3304241.71875
2019-06-30,CL,USD,21665,2019-07-26,2019-07-26 09:20:56,2019,Q2,3866000000.0,1558000000.0,2308000000.0,0.5969994827,0,0.0,0.0,1369000000.0,-27000000.0,1420000000.0,2978000000.0,0.0,38000000.0,128000000.0,1016000000.0,0.2628039317,888000000.0,0.229694775,-65000000.0,823000000.0,0.2128815313,205000000.0,586000000.0,0.1515778583,0.68,0.68,859400000,861900000,https://www.sec.gov/Archives/edgar/data/21665/000002166519000020/0000021665-19-000020-index.htm,https://www.sec.gov/Archives/edgar/data/21665/000002166519000020/cl-6302019x10q.htm,4.4984873167326045,0.6818710728415174,0.7493600186176402,0.662089830114033,1.0809867349313476,-0.0116360251338142,-4.834768443099837,-0.4037700721433558,7.77635559692809,61945552000.0,67727552000.0,26.42728327645051,16.023163993792032,96.1887453416149,108.86740246045694,-178.51744092219022,-178.51744092219022,17.518766683911018,66.66097637795275,105.16700621118012,119.02908963093144,0.0094599205444161,0.0091854859893733,-19.14985590778098,0.5052847692190708,5.690944881889764,1.1265554673020917,23.36842105263158,1.0420711974110033,0.0065218564845463,0.689419795221843,0.0,0.0,0.3151851570222796,0.1164596273291925,0.0193998965338851,0.5859375,0.0043973098810139,,0.0710959840609764,0.0650677326226959,-12.07644868512916,478000000.0,-4155000000.0,-8906000000.0,8416000000.0,1568500000.0,1212000000.0,1300000000.0,37.01500258665288,69.8395378690629,76.36713735558408,2.4314465408805037,1.2886683209263854,1.178517397881997,-1.6887608069164266,0.0872701885036071,2019-07-26,0.72,bmo,3919694444.0,2025-04-25,2019-06-30,0.0,70.98904761904762,3183167.238095238
2019-03-31,CL,USD,21665,2019-04-26,2019-04-26 10:00:14,2019,Q1,3884000000.0,1597000000.0,2287000000.0,0.5888259526,0,936000000.0,429000000.0,1365000000.0,-25000000.0,1408000000.0,3005000000.0,0.0,40000000.0,128000000.0,1007000000.0,0.2592687951,879000000.0,0.2263130793,-65000000.0,814000000.0,0.2095777549,214000000.0,560000000.0,0.1441812564,0.65,0.65,862000000,863200000,https://www.sec.gov/Archives/edgar/data/21665/000002166519000007/0000021665-19-000007-index.htm,https://www.sec.gov/Archives/edgar/data/21665/000002166519000007/cl-3312019x10q.htm,4.505800464037123,0.6496519721577726,0.7018561484918794,0.6194895591647331,1.0208816705336428,-0.2436194895591647,-5.033642691415313,-0.6403712296983759,7.773781902552204,58874600000.0,64692600000.0,26.28330357142857,15.158238928939236,97.31338842975204,110.25205992509365,-106.656884057971,-106.656884057971,16.65617919670443,64.2428997020854,106.9299173553719,121.14719101123596,0.0095117419056774,0.0090701253171996,-12.067028985507246,0.5170379569975937,5.777557100297915,1.071002850479399,21.975,1.0083333333333333,0.0062166027454963,0.6535714285714286,0.2409886714727085,0.0,0.320499883567492,0.1173553719008264,0.018280123583934,0.5546875,0.0043769309989701,,0.0717510019835601,0.0639707562257253,-12.080916473317863,274000000.0,-4339000000.0,-8960000000.0,8224000000.0,1473500000.0,1218500000.0,1264000000.0,35.8470648815654,68.4721352536005,72.02254226675016,2.510665804783452,1.31440329218107,1.249608763693271,-1.0144927536231885,0.0823665893271461,2019-04-26,0.66,bmo,3826029850.0,2025-04-25,2019-03-31,0.0151515151515151,64.59295081967213,4058783.9672131143
2018-12-31,CL,USD,21665,2019-02-21,2019-02-21 16:13:44,2018,Q4,3811000000.0,1558000000.0,2253000000.0,0.5911834164,277000000,952000000.0,376000000.0,1328000000.0,-22000000.0,1284000000.0,2842000000.0,0.0,0.0,126000000.0,995000000.0,0.261086329,891000000.0,0.2337969037,-59000000.0,832000000.0,0.2183154028,189000000.0,606000000.0,0.1590133823,0.7,0.7,866700000,867000000,https://www.sec.gov/Archives/edgar/data/21665/000002166519000003/0000021665-19-000003-index.htm,https://www.sec.gov/Archives/edgar/data/21665/000002166519000003/cl-12312018x10k.htm,4.3971385715934,0.6992038767739702,0.9945771316487828,0.8618899273104881,0.849198107765086,0.227298950040383,-4.580593054113304,-0.1176877812391831,7.345102111457251,51585984000.0,57225984000.0,21.281346534653466,13.536075570716347,59.84452900232019,69.0575421686747,-505.7449411764706,-505.7449411764706,15.016002099186563,57.51355175879397,66.38745243619489,76.60774297188755,0.0117473769619282,0.0144806775421788,-62.41176470588236,0.5234766877723871,5.668341708542713,1.1352888356779407,0.0,1.3405909797822706,0.0090916168236705,0.7739273927392739,0.2498032012595119,0.0726843348202571,0.3426527423731601,0.1334106728538283,0.030175806874836,0.9126984126984128,0.0031487798478089,,0.0779661861151755,0.075806855141356,-11.022268374293295,452000000.0,-3970000000.0,-8171000000.0,8500000000.0,1466000000.0,1190000000.0,1247500000.0,33.06218840199423,70.59050064184852,72.20795892169447,2.722142857142857,1.2749590834697218,1.2464,-5.941176470588236,0.1326872043382946,2019-01-25,0.73,bmo,3759500000.0,2025-04-25,2018-12-31,0.0136986301369863,62.564126984126986,5214358.492063492
2018-09-30,CL,USD,21665,2018-10-26,2018-10-26 09:02:55,2018,Q3,3845000000.0,1576000000.0,2269000000.0,0.5901170351,0,974000000.0,395000000.0,1369000000.0,-18000000.0,1395000000.0,2971000000.0,0.0,36000000.0,127000000.0,1001000000.0,0.2603381014,874000000.0,0.2273081925,-54000000.0,820000000.0,0.2132639792,258000000.0,523000000.0,0.1360208062,0.6,0.6,868800000,871100000,https://www.sec.gov/Archives/edgar/data/21665/000002166518000018/0000021665-18-000018-index.htm,https://www.sec.gov/Archives/edgar/data/21665/000002166518000018/cl-9302018x10q.htm,4.425644567219153,0.6019797421731123,1.0324585635359116,0.9116022099447514,1.106123388581952,-0.078268876611418,-4.911372007366483,-0.4949355432780847,7.642725598526703,58270415999.99999,64033415999.99999,27.85392734225621,15.154854616384911,64.9614448160535,73.57375757575757,-135.5125953488372,-135.5125953488372,16.653684265279583,63.96944655344655,71.3861939799331,80.85027272727272,0.0089753949928897,0.0135918027425786,-15.35813953488372,0.5253360910031024,5.757242757242757,1.1051507872965038,24.27777777777778,1.596085409252669,0.0062810603583128,0.6998087954110899,0.2533159947984395,0.0,0.3340227507755946,0.1170568561872909,0.0273081924577373,0.8267716535433071,0.0130039011703511,,0.0672364750362061,0.062470138557095,-11.402509208103131,394000000.0,-4267000000.0,-8498000000.0,8464000000.0,1538500000.0,1139500000.0,1249500000.0,35.85955786736021,66.12944162436548,71.09771573604061,2.509791122715405,1.3609671848013818,1.265863453815261,-1.216279069767442,0.1208563535911602,2018-10-26,0.72,bmo,3845000000.0,2025-04-25,2018-09-30,0.0,66.60666666666667,3184209.571428572
2018-06-30,CL,USD,21665,2018-07-27,2018-07-27 09:04:45,2018,Q2,3886000000.0,1585000000.0,2301000000.0,0.592125579,0,897000000.0,403000000.0,1300000000.0,-23000000.0,1355000000.0,2940000000.0,0.0,35000000.0,129000000.0,1075000000.0,0.276634071,946000000.0,0.2434379825,-58000000.0,888000000.0,0.2285126094,213000000.0,637000000.0,0.1639217705,0.73,0.73,871700000,874000000,https://www.sec.gov/Archives/edgar/data/21665/000002166518000015/0000021665-18-000015-index.htm,https://www.sec.gov/Archives/edgar/data/21665/000002166518000015/cl-6302018x10q.htm,4.457955718710566,0.730755994034645,0.7812320752552484,0.6688080761729953,1.050820236319835,-0.2168177125157737,-5.055638407709075,-0.5999770563267179,7.915567282321899,56494877000.0,62526877000.0,22.17224372056515,14.538053782810088,82.9587033773862,96.90373413379072,-108.02079732313577,-108.02079732313577,16.090292588780237,58.16453674418605,91.8162657856094,107.250217838765,0.0112753586488912,0.0103195197681375,-13.126195028680687,0.5426877470355731,5.611162790697675,1.058346017250127,27.02857142857143,1.008888888888889,0.007151090885639,0.6342229199372057,0.2308286155429748,0.0,0.3334387351778656,0.1439060205580029,0.0252187339166237,0.7596899224806202,0.0048893463715903,,0.079422115952931,0.0755455407969639,-11.629287598944591,230000000.0,-4407000000.0,-8667000000.0,8356000000.0,1594500000.0,1165000000.0,1283000000.0,35.78229541945446,63.65299684542587,71.20504731861199,2.515210355987055,1.4139161462979482,1.2639553429027113,-1.2179732313575526,0.112423999082253,2018-07-27,0.77,bmo,3886000000.0,2025-04-25,2018-06-30,0.0,65.41265625,4623408.71875
2018-03-31,CL,USD,21665,2018-04-27,2018-04-27 09:03:09,2018,Q1,4002000000.0,1594000000.0,2408000000.0,0.6016991504,0,976000000.0,416000000.0,1392000000.0,-24000000.0,1425000000.0,3019000000.0,0.0,35000000.0,129000000.0,1112000000.0,0.2778610695,983000000.0,0.2456271864,-59000000.0,924000000.0,0.2308845577,246000000.0,634000000.0,0.1584207896,0.72,0.72,875400000,879900000,https://www.sec.gov/Archives/edgar/data/21665/000002166518000008/0000021665-18-000008-index.htm,https://www.sec.gov/Archives/edgar/data/21665/000002166518000008/cl-3312018x10q.htm,4.57162440027416,0.7242403472698196,0.7036783184829792,0.568882796435915,1.0349554489376285,0.1153758281928261,-4.858350468357322,-0.2844413982179575,7.7039067854695,62748672000.00001,68606672000.00001,24.743167192429024,15.679328335832086,101.86472727272728,126.00134939759036,-252.00269879518075,-252.00269879518075,17.143096451774113,61.6966474820144,111.37446753246756,137.7644016064257,0.0101037994875811,0.0079364229413492,-26.94377510040161,0.51042300669507,5.267985611510792,1.123266160690919,28.085714285714285,0.9085545722713864,0.0056096804726002,0.555205047318612,0.2438780609695152,0.0,0.331253804017042,0.1915584415584415,0.0294852573713143,0.9147286821705426,0.0069965017491254,,0.0760696274828314,0.0721274175199089,-11.706648389307745,471000000.0,-4253000000.0,-8751000000.0,8912000000.0,1562000000.0,1210500000.0,1266500000.0,36.97151424287856,68.26223337515684,74.07779171894605,2.434306569343066,1.3184449958643507,1.2149390243902438,-2.546184738955823,0.1347955220470642,2018-04-27,0.72,bmo,3947918918.0,2025-04-25,2018-03-31,0.0277777777777778,71.96295081967213,4045396.032786885
2017-12-31,CL,USD,21665,2018-02-15,2018-02-15 14:33:07,2017,Q4,3892000000.0,1564000000.0,2328000000.0,0.5981500514,285000000,1004000000.0,369000000.0,1373000000.0,0.0,1404000000.0,2968000000.0,0.0,0.0,121000000.0,1045000000.0,0.2684994861,924000000.0,0.2374100719,-64000000.0,896000000.0,0.2302158273,543000000.0,323000000.0,0.0829907503,0.37,0.37,878000000,883300000,https://www.sec.gov/Archives/edgar/data/21665/000002166518000003/0000021665-18-000003-index.htm,https://www.sec.gov/Archives/edgar/data/21665/000002166518000003/cl-12312017x10k.htm,4.432801822323462,0.3678815489749431,0.8644646924829157,0.6697038724373576,1.764236902050114,0.2767653758542141,-4.239179954441913,-0.0683371298405467,7.490888382687927,66245100000.0,71287100000.0,51.27329721362229,17.020837615621787,87.27944664031621,112.66173469387756,-1104.085,-1104.085,18.31631551901336,68.21732057416268,93.92239789196312,121.23656462585032,0.0048758323257116,0.0088761281966515,-109.61666666666666,0.5188545282423478,4.824880382775119,1.3656167206358552,0.0,2.15014164305949,0.0069288143575902,1.4210526315789471,0.2579650565262076,0.0732271325796505,0.3127958346481539,0.225296442687747,0.0439362795477903,1.4132231404958675,0.0053956834532374,,0.0391852798708288,0.0370795545861554,-10.436788154897494,1242000000.0,-3722000000.0,-7794000000.0,9279000000.0,1505000000.0,1188000000.0,1213000000.0,34.224049331963,69.74424552429669,70.26214833759592,2.6297297297297297,1.2904290429042904,1.2809172809172809,-5.383333333333334,0.1947608200455581,2018-01-26,0.75,bmo,3892000000.0,2025-04-25,2017-12-31,0.0,73.01761904761904,3338375.8253968256
2017-09-30,CL,USD,21665,2017-10-27,2017-10-27 08:58:13,2017,Q3,3974000000.0,1591000000.0,2383000000.0,0.5996477101,0,1024000000.0,405000000.0,1429000000.0,-30000000.0,1456000000.0,3047000000.0,0.0,27000000.0,128000000.0,1055000000.0,0.2654755913,927000000.0,0.2332662305,-57000000.0,900000000.0,0.2264720684,250000000.0,607000000.0,0.1527428284,0.69,0.68,880700000,886300000,https://www.sec.gov/Archives/edgar/data/21665/000002166517000014/0000021665-17-000014-index.htm,https://www.sec.gov/Archives/edgar/data/21665/000002166517000014/cl-9302017x10q.htm,4.512319745656864,0.6892244805268536,1.1241058249120015,0.9503803792437834,1.819007607584876,0.3031679345974792,-3.737935732939707,-0.1226297263540365,7.441807653003293,64158994999.99999,69305995000.0,26.42462726523888,16.144689229994967,64.80706565656565,76.65351851851851,-594.0647685185185,-594.0647685185185,17.439857825868142,65.69288625592417,70.00605555555556,82.80286140979689,0.009460871386779,0.0130457155695783,-60.43518518518518,0.5109197651663405,4.87867298578199,1.2288531395952258,34.333333333333336,1.523076923076923,0.0055175427856998,0.5831960461285008,0.2576748867639657,0.0,0.2785909980430528,0.1545454545454545,0.0385002516356316,1.1953125,0.013336688475088,,0.0749887992831541,0.0658637152777777,-10.39627568979221,882000000.0,-3292000000.0,-7772000000.0,8440000000.0,1528000000.0,1147500000.0,1202000000.0,34.65022647206845,65.84538026398492,68.1646763042112,2.5973856209150328,1.3668384879725086,1.3203319502074689,-5.62037037037037,0.1737254456682184,2017-10-27,0.73,bmo,3974000000.0,2025-04-25,2017-09-30,0.0,72.07190476190476,2958660.8571428573
2017-06-30,CL,USD,21665,2017-07-21,2017-07-21 08:56:35,2017,Q2,3826000000.0,1526000000.0,2300000000.0,0.6011500261,0,934000000.0,399000000.0,1333000000.0,-25000000.0,1447000000.0,2973000000.0,0.0,24000000.0,117000000.0,853000000.0,0.2229482488,853000000.0,0.2229482488,-49000000.0,829000000.0,0.216675379,269000000.0,524000000.0,0.1369576581,0.59,0.59,883800000,890800000,https://www.sec.gov/Archives/edgar/data/21665/000002166517000012/0000021665-17-000012-index.htm,https://www.sec.gov/Archives/edgar/data/21665/000002166517000012/cl-6302017x10q.htm,4.329033718035754,0.5928943199818963,0.6947273138719168,0.5725277212038923,1.5795428830052047,0.0995700384702421,-3.895677755148224,-0.2738176057931659,7.403258655804481,65516093999.99999,70794094000.0,31.257678435114503,17.123913748039726,106.70373615635178,129.47844664031618,-270.7276611570248,-270.7276611570248,18.50342237323575,82.99424853458382,115.29982736156352,139.9092766798419,0.0079980348034789,0.0077232931499243,-26.93801652892562,0.5182034976152623,6.18757327080891,1.2050264550264551,35.541666666666664,1.0964285714285715,0.0056627307482646,0.7080152671755725,0.244119184526921,0.0,0.2806836248012718,0.1758957654723127,0.0282279142707788,0.9230769230769232,0.0047046523784631,,0.0653820837377396,0.0579069510443142,-10.581579542883006,775000000.0,-3443000000.0,-7937000000.0,8236000000.0,1511000000.0,1123500000.0,1194000000.0,35.89649764767381,66.7038007863696,70.71428571428571,2.507208387942333,1.3492484526967286,1.2727272727272727,-2.165289256198347,0.1221995926680244,2017-07-21,0.72,bmo,3826000000.0,2025-04-25,2017-06-30,0.0,74.2452380952381,3485163.714285714
2017-03-31,CL,USD,21665,2017-04-28,2017-04-28 09:13:03,2017,Q1,3762000000.0,1493000000.0,2269000000.0,0.6031366295,0,962000000.0,400000000.0,1362000000.0,-27000000.0,1384000000.0,2877000000.0,0.0,23000000.0,109000000.0,994000000.0,0.264221159,885000000.0,0.2352472089,-50000000.0,862000000.0,0.2291334397,251000000.0,570000000.0,0.1515151515,0.64,0.64,884700000,891000000,https://www.sec.gov/Archives/edgar/data/21665/000002166517000006/0000021665-17-000006-index.htm,https://www.sec.gov/Archives/edgar/data/21665/000002166517000006/cl-3312017x10q.htm,4.252288911495422,0.6442861987114276,0.7810557251045552,0.6442861987114276,1.6491466033683737,-0.00565163332203,-3.900757318865152,-0.3537922459590821,7.342602011981462,64751193000.0,69877193000.0,28.39964605263158,17.211906698564594,93.706502170767,113.59858421052633,-206.872821086262,-206.872821086262,18.5744797979798,70.29898692152918,101.12473661360347,122.59156666666668,0.008802926611715,0.008802926611715,-20.680511182108628,0.5200032133676092,5.156941649899396,1.206615909687582,38.47826086956522,1.1309328968903436,0.0053280871597222,0.6052631578947368,0.2557150451887294,0.0,0.2768316195372751,0.175108538350217,0.0321637426900584,1.110091743119266,0.0093035619351408,,0.0725541041201408,0.0633192623861364,-10.486605629026789,787000000.0,-3451000000.0,-7857000000.0,8116000000.0,1453500000.0,1120000000.0,1180000000.0,35.78947368421053,67.27394507702613,71.67448091091762,2.514705882352941,1.3378136200716846,1.255677039529016,-1.8210862619808303,0.1367695263931276,2017-04-28,0.66,bmo,3705850746.0,2025-04-25,2017-03-31,0.0151515151515151,69.99887096774194,4469165.951612903
2016-12-31,CL,USD,21665,2017-02-23,2017-02-23 16:08:16,2016,Q4,3721000000.0,1474000000.0,2247000000.0,0.6038699274,289000000,956000000.0,297000000.0,1253000000.0,0.0,1277000000.0,2751000000.0,0.0,0.0,114000000.0,1069000000.0,0.2872883633,955000000.0,0.2566514378,-21000000.0,934000000.0,0.2510077936,306000000.0,606000000.0,0.1628594464,0.69,0.68,887600000,893000000,https://www.sec.gov/Archives/edgar/data/21665/000002166517000002/0000021665-17-000002-index.htm,https://www.sec.gov/Archives/edgar/data/21665/000002166517000002/cl-12312016x10k.htm,4.19220369535827,0.6827399729607931,0.9283461018476792,0.7018927444794952,1.5074357818837314,0.0191527715187021,-3.833934204596665,-0.2737719693555656,7.360297431275349,58084544000.0,63302544000.0,23.962270627062704,15.609928513840366,70.49095145631067,93.23361797752808,-239.0310452674897,-239.0310452674897,17.012239720505242,59.216598690364826,76.82347572815534,101.6092199036918,0.0104330680464668,0.0107257448728529,-26.88477366255144,0.5388930132805411,4.881197380729654,1.3125567322239031,0.0,1.3121019108280254,0.0078334091768026,0.7508250825082509,0.2569201827465735,0.0776672937382424,0.2821083890126206,0.2439320388349514,0.0540177371674281,1.763157894736842,0.0056436441816715,,0.0727120274427465,0.0696311616683902,-10.279686795853989,1033000000.0,-3403000000.0,-7768000000.0,8293000000.0,1485500000.0,1100000000.0,1182000000.0,34.12792260145122,68.62957937584804,71.49932157394844,2.6371367824238128,1.311387900355872,1.2587532023911188,-2.493827160493827,0.2264533573681838,2017-01-27,0.75,bmo,3721000000.0,2025-04-25,2016-12-31,0.0,68.56523809523809,3357362.365079365
2016-09-30,CL,USD,21665,2016-10-27,2016-10-27 09:07:13,2016,Q3,3867000000.0,1543000000.0,2324000000.0,0.6009826739,0,983000000.0,339000000.0,1322000000.0,0.0,1253000000.0,2796000000.0,0.0,25000000.0,114000000.0,1185000000.0,0.3064391001,1071000000.0,0.2769588829,-25000000.0,1046000000.0,0.2704939229,300000000.0,702000000.0,0.1815360745,0.79,0.78,891900000,899200000,https://www.sec.gov/Archives/edgar/data/21665/000002166516000003/0000021665-16-000003-index.htm,https://www.sec.gov/Archives/edgar/data/21665/000002166516000003/cl-9302016x10q.htm,4.335687857383115,0.7870837537840565,1.117838322681915,0.9563852449826212,1.666106065702433,0.2556340396905482,-3.698845162013679,-0.1491198564861531,7.341630227603991,66125466000.0,71350466000.0,23.54895512820513,17.099939487975174,66.32443931795386,77.52106213364596,-497.183954887218,-497.183954887218,18.451116110680115,60.21136371308017,71.56516148445336,83.64650175849941,0.010616182273861,0.0128997200564151,-49.04511278195488,0.5167551295254694,4.409282700421941,1.0234156820622986,42.84,1.3364611260053618,0.0052778456033867,0.4971509971509971,0.2542022239462115,0.0,0.2794105996989622,0.1444332998996991,0.0372381691233514,1.263157894736842,0.0139643134212567,,0.0860653327229149,0.0771767810026385,-10.250588631012445,109000000.0,-3299000000.0,-7631000000.0,7473000000.0,1567500000.0,1079000000.0,1212500000.0,36.30721489526765,62.76085547634479,69.58522359040829,2.478846153846154,1.4340148698884758,1.2933780385582565,-5.2781954887218046,0.1614530776992936,2016-10-27,0.73,bmo,3867000000.0,2025-04-25,2016-09-30,0.0,73.92375,2897323.828125
2016-06-30,CL,USD,21665,2016-07-28,2016-07-28 09:09:16,2016,Q2,3845000000.0,1541000000.0,2304000000.0,0.5992197659,0,926000000.0,394000000.0,1320000000.0,0.0,1360000000.0,2901000000.0,0.0,25000000.0,109000000.0,1053000000.0,0.2738621586,944000000.0,0.2455136541,-25000000.0,919000000.0,0.2390117035,281000000.0,600000000.0,0.156046814,0.67,0.67,893900000,901100000,https://www.sec.gov/Archives/edgar/data/21665/000162828016017856/0001628280-16-017856-index.htm,https://www.sec.gov/Archives/edgar/data/21665/000162828016017856/cl-6302016x10q.htm,4.301375992840362,0.6712160196890032,0.7897975165007272,0.6398926054368498,1.3961293209531267,0.0380355744490435,-3.896408994294664,-0.3143528358876832,7.38002013648059,65433480000.0,70920480000.0,27.26395,17.01781014304291,92.68198300283288,114.3941958041958,-232.85935943060497,-232.85935943060497,18.444858257477243,67.3508831908832,100.45393767705384,123.98685314685316,0.0091696177553142,0.0087417022600662,-23.387900355871885,0.5251298441869756,5.210826210826211,0.9877970456005138,37.76,1.1065830721003134,0.0055629014382239,0.6066666666666667,0.2408322496749024,0.0,0.2810227726727926,0.1898016997167138,0.0348504551365409,1.2293577981651376,0.0044213263979193,,0.0744976493742364,0.0666814847743943,-10.555710929634188,-57000000.0,-3483000000.0,-7867000000.0,7285000000.0,1560500000.0,1095000000.0,1233000000.0,36.86605981794538,63.19273199221284,71.95327709279688,2.441269841269841,1.4242144177449167,1.2508116883116882,-2.1352313167259784,0.1499049110638773,2016-07-28,0.69,bmo,3790071428.0,2025-04-25,2016-06-30,0.0144927536231884,71.20515625,3155057.09375
2016-03-31,CL,USD,21665,2016-04-28,2016-04-28 09:33:24,2016,Q1,3762000000.0,1514000000.0,2248000000.0,0.5975544923,0,956000000.0,398000000.0,1354000000.0,0.0,1381000000.0,2895000000.0,0.0,28000000.0,106000000.0,973000000.0,0.2586390218,867000000.0,0.2304625199,-28000000.0,839000000.0,0.2230196704,265000000.0,533000000.0,0.1416799575,0.6,0.59,893700000,900200000,https://www.sec.gov/Archives/edgar/data/21665/000162828016014877/0001628280-16-014877-index.htm,https://www.sec.gov/Archives/edgar/data/21665/000162828016014877/cl-3312016x10q.htm,4.209466263846928,0.596397001230838,0.6870314423184514,0.5594718585655142,1.231957032561262,-0.081682891350565,-4.032673156540226,-0.4140091753384805,7.393980082801835,63139905000.00001,68705905000.00001,29.61534005628518,16.7836004784689,102.83372149837136,126.27981,-170.64839189189192,-170.64839189189192,18.26313264221159,70.61244090441933,111.89886807817592,137.41181,0.008441571142687,0.0079189222726895,-17.783783783783782,0.528598971722365,5.720452209660842,1.00604974232579,30.964285714285715,1.069686411149826,0.0053848671454288,0.6378986866791745,0.2541201488569909,0.0,0.2836600257069409,0.1856677524429967,0.0303030303030303,1.0754716981132075,0.0082402977139819,,0.0682730361717119,0.0597734664124705,-10.79053373615307,27000000.0,-3604000000.0,-8031000000.0,7378000000.0,1486500000.0,1109000000.0,1207000000.0,36.985645933014354,65.86525759577277,73.35535006605019,2.4333764553686934,1.3664259927797835,1.226904376012966,-1.4405405405405405,0.1275595837529372,2016-04-28,0.63,bmo,3762000000.0,2025-04-25,2016-03-31,0.0,66.53098360655737,3817152.393442623
2015-12-31,CL,USD,21665,2016-02-18,2016-02-18 09:07:35,2015,Q4,3899000000.0,1606000000.0,2293000000.0,0.5880995127,274000000,963000000.0,323000000.0,1286000000.0,0.0,1325000000.0,2931000000.0,0.0,0.0,112000000.0,80000000.0,0.0205180816,-139000000.0,-0.0356501667,-7000000.0,-146000000.0,-0.0374454988,275000000.0,-458000000.0,-0.1174660169,-0.51,-0.51,896500000,903400000,https://www.sec.gov/Archives/edgar/data/21665/000162828016011343/0001628280-16-011343-index.htm,https://www.sec.gov/Archives/edgar/data/21665/000162828016011343/cl-12312015x10k.htm,4.349135527049637,-0.5108756274400447,0.9380925822643614,0.67930842163971,1.1500278862242053,-0.0490797546012269,-3.8962632459564976,-0.3335192414947016,7.329615170105968,59724830000.00001,65325830000.00001,-32.60088973799127,15.31798666324699,71.01644470868014,98.07032840722498,-199.74859531772577,-199.74859531772577,16.754508848422674,816.5728750000001,77.67637336504163,107.26737274220034,-0.0076685023632549,0.0101967640594372,-21.976588628762546,0.5495066064559291,70.0125,1.2405206564799094,0.0,-1.997624703087886,0.0077019892731381,-1.004366812227074,0.2469864067709669,0.0702744293408566,0.2884261582204382,0.2758620689655172,0.0595024365221851,2.071428571428572,0.0053859964093357,,-0.0459334252226851,-0.053825361382066,-10.385666480758506,850000000.0,-3493000000.0,-7618000000.0,8095000000.0,1494000000.0,1109500000.0,1228500000.0,32.939215183380355,62.20423412204234,66.12702366127024,2.7323055360896986,1.446846846846847,1.3610169491525423,1.5317725752508362,0.2587841606246514,2016-01-29,0.72,bmo,3845589041.0,2025-04-25,2015-12-31,0.0138888888888889,66.52234375,3198597.09375
2015-09-30,CL,USD,21665,2015-10-30,2015-10-30 08:32:05,2015,Q3,3999000000.0,1652000000.0,2347000000.0,0.5868967242,0,1019000000.0,328000000.0,1347000000.0,0.0,1211000000.0,2863000000.0,0.0,5000000.0,112000000.0,1248000000.0,0.3120780195,1136000000.0,0.2840710178,-5000000.0,1131000000.0,0.2828207052,361000000.0,726000000.0,0.1815453863,0.81,0.8,900100000,906900000,https://www.sec.gov/Archives/edgar/data/21665/000162828015008062/0001628280-15-008062-index.htm,https://www.sec.gov/Archives/edgar/data/21665/000162828015008062/cl-9302015x10q.htm,4.442839684479503,0.8065770469947784,0.983224086212643,0.7843572936340406,1.7675813798466835,0.655482724141762,-3.239640039995556,0.2833018553494056,7.549161204310632,57120346000.0,62465346000.0,19.66954063360881,14.283657414353588,64.54276384180791,80.90700566572238,224.00135686274515,224.00135686274515,15.620241560390095,50.05236057692308,70.58231186440678,88.47782719546743,0.0127100070437248,0.012359869108636,26.62745098039216,0.500626705006267,4.282852564102564,1.2926085852171705,227.2,1.1493506493506491,0.006022372483528,0.4738292011019284,0.2548137034258564,0.0,0.2584973825849738,0.2022598870056497,0.0447611902975743,1.5982142857142858,0.013253313328332,2.267456154516989,0.0784226391398469,0.0721885254051904,-10.635207199200089,1152000000.0,-2916000000.0,-7884000000.0,8617000000.0,1626000000.0,1139000000.0,1300500000.0,35.131282820705174,60.417675544794186,69.57021791767555,2.56181934657271,1.489630297565374,1.293657008613939,2.847058823529412,0.1988667925786023,2015-10-30,0.72,bmo,3999000000.0,2025-04-25,2015-09-30,0.0,65.3271875,3700870.875
2015-06-30,CL,USD,21665,2015-07-30,2015-07-30 09:12:10,2015,Q2,4066000000.0,1699000000.0,2367000000.0,0.5821446139,0,971000000.0,410000000.0,1381000000.0,0.0,1435000000.0,3134000000.0,0.0,6000000.0,111000000.0,1043000000.0,0.2565174619,932000000.0,0.2292179046,-6000000.0,926000000.0,0.2277422528,310000000.0,574000000.0,0.1411706837,0.63,0.63,904600000,912400000,https://www.sec.gov/Archives/edgar/data/21665/000162828015005578/0001628280-15-005578-index.htm,https://www.sec.gov/Archives/edgar/data/21665/000162828015005578/cl-6302015x10q.htm,4.494804333407031,0.6345346009285873,0.548308644704842,0.3736458103028963,1.4448374972363476,0.8368339597612204,-3.156091089984524,0.5018792836612868,7.394428476674773,59169886000.0,64793886000.0,25.770856271777,14.552357599606491,119.29412499999998,175.05883431952662,130.33014537444933,130.33014537444933,15.935535169699952,62.12261361457335,130.63283467741937,191.6978875739645,0.0097008806134931,0.0057123652393043,14.720264317180616,0.4892386530014641,5.392138063279003,1.185924869234427,155.33333333333334,0.8051948051948052,0.0060841759945253,0.627177700348432,0.2388096409247417,0.0,0.2644216691068814,0.3185483870967742,0.0388588293162813,1.423423423423423,0.0046728971962616,2.676816177266875,0.0623044277651637,0.0571257961783439,-10.685109440636746,782000000.0,-2855000000.0,-7915000000.0,8433000000.0,1651000000.0,1168000000.0,1337000000.0,37.42990654205608,61.92466156562684,70.13537374926428,2.404494382022472,1.4533789563729684,1.2832326283987916,1.26431718061674,0.1746628344019456,2015-07-30,0.7,bmo,4066000000.0,2025-04-25,2015-06-30,0.0,67.83698412698412,2865662.698412698
2015-03-31,CL,USD,21665,2015-04-30,2015-04-30 12:54:59,2015,Q1,4070000000.0,1678000000.0,2392000000.0,0.5877149877,0,1020000000.0,430000000.0,1450000000.0,0.0,1532000000.0,3210000000.0,0.0,8000000.0,114000000.0,974000000.0,0.2393120393,860000000.0,0.2113022113,-8000000.0,852000000.0,0.2093366093,269000000.0,542000000.0,0.1331695332,0.6,0.59,907700000,916300000,https://www.sec.gov/Archives/edgar/data/21665/000162828015003104/0001628280-15-003104-index.htm,https://www.sec.gov/Archives/edgar/data/21665/000162828015003104/cl-3312015x10q.htm,4.483860306268591,0.5971135837831882,0.8009254158863061,0.6665197752561419,1.2217693070397708,0.8141456428335353,-3.088024677756968,0.5067753663104549,6.759942712349895,62939918000.0,68208918000.0,29.03132749077491,15.464353316953318,86.57485281980743,104.0329223140496,136.8259086956522,136.8259086956522,16.75894791154791,70.02968993839836,93.82244566712517,112.74201322314048,0.0086113871327255,0.0096123417256438,13.321739130434782,0.4657950744907266,5.409650924024641,1.087207957436965,107.5,1.246998284734134,0.0052272073185732,0.6070110701107011,0.2506142506142506,0.0,0.2692307692307692,0.1678129298486932,0.0299754299754299,1.0701754385964912,0.0078624078624078,2.609320839009676,0.0630125472110242,0.0563761181610151,-10.383111160074916,377000000.0,-2803000000.0,-7717000000.0,7887000000.0,1581500000.0,1199000000.0,1366000000.0,35.62407862407862,62.592371871275326,72.40762812872467,2.526381129733085,1.4378748928877465,1.242962962962963,1.1782608695652177,0.1344056406301641,2015-04-30,0.66,bmo,4070000000.0,2025-04-25,2015-03-31,0.0,69.11754098360656,3211366.295081967
2014-12-31,CL,USD,21665,2015-02-19,2015-02-19 14:54:41,2014,Q4,4221000000.0,1746000000.0,2475000000.0,0.5863539446,277000000,1024000000.0,410000000.0,1434000000.0,0.0,924000000.0,2670000000.0,0.0,0.0,113000000.0,1214000000.0,0.2876095712,995000000.0,0.2357261312,-4000000.0,991000000.0,0.2347784885,325000000.0,628000000.0,0.14877991,0.69,0.68,911200000,920100000,https://www.sec.gov/Archives/edgar/data/21665/000162828015000846/0001628280-15-000846-index.htm,https://www.sec.gov/Archives/edgar/data/21665/000162828015000846/cl-12312014x10k.htm,4.632352941176471,0.6892010535557507,0.9942932396839332,0.7045654082528534,1.4146180860403863,1.5199736611062336,-2.5625548726953467,1.2565847234416154,6.747146619841967,63045928000.0,68104928000.0,25.09790127388535,14.936253968253968,69.58711699779249,98.2023800623053,55.06194585152839,55.06194585152839,16.134785122009003,56.09961120263591,75.17100220750552,106.08244236760125,0.009960992246795,0.010183052583507,5.3694323144104805,0.4567947098595735,4.167215815485997,1.232387227572225,0.0,1.3603603603603605,0.007232822395762,0.7261146496815286,0.2425965411040038,0.0656242596541104,0.2763949773385838,0.2913907284768212,0.0625444207533759,2.336283185840708,0.0052120350627813,4.414282398505505,0.0667553353043519,0.0644830064688366,-9.800263388937664,917000000.0,-2335000000.0,-7211000000.0,8717000000.0,1649500000.0,1223000000.0,1402000000.0,33.091684434968016,63.45360824742268,71.23711340206185,2.7197164948453607,1.4183590576766856,1.2633863965267729,0.548471615720524,0.2897278314310799,2015-01-29,0.74,bmo,4109921052.0,2025-04-25,2014-12-31,0.027027027027027,67.53609375,3018846.65625
2014-09-30,CL,USD,21665,2014-10-24,2014-10-24 09:03:04,2014,Q3,4379000000.0,1821000000.0,2558000000.0,0.5841516328,0,1069000000.0,428000000.0,1497000000.0,0.0,1610000000.0,3431000000.0,0.0,4000000.0,114000000.0,1062000000.0,0.2425211235,948000000.0,0.2164877826,-4000000.0,944000000.0,0.215574332,364000000.0,542000000.0,0.1237725508,0.59,0.59,913800000,922800000,https://www.sec.gov/Archives/edgar/data/21665/000154554714000019/0001545547-14-000019-index.htm,https://www.sec.gov/Archives/edgar/data/21665/000154554714000019/cl-9302014x10q.htm,4.792077040927993,0.5931275990369884,1.0976143576274895,0.9017290435543884,1.618516086671044,1.910702560735391,-2.224775662070475,1.5539505362223682,6.630553731669949,59598036000.0,64298036000.0,27.489869003690035,13.60996483215346,59.41977666999002,72.32771359223301,41.97044788732394,41.97044788732394,14.68326923955241,60.54429001883239,64.10571884346959,78.03159708737864,0.0090942594148572,0.0138259589628087,4.264084507042254,0.4424552429667519,4.425612052730696,1.1742973708068902,237.0,1.7293103448275862,0.0055035370628656,0.6051660516605166,0.244119662023293,0.0,0.2761417610522469,0.1784646061814556,0.0408769125371089,1.5701754385964912,0.0125599451929664,4.553904521162671,0.0589114622351212,0.0547143145568342,-9.234788794046835,769000000.0,-2033000000.0,-6758000000.0,8586000000.0,1775000000.0,1233000000.0,1465000000.0,35.90545786709295,60.04942339373971,70.28006589785832,2.5065827132226675,1.4987654320987651,1.280590717299578,0.3816901408450704,0.1958853140731013,2014-10-24,0.76,bmo,4379000000.0,2025-04-25,2014-09-30,0.0,65.955,3082030.40625
2014-06-30,CL,USD,21665,2014-07-31,2014-07-31 08:59:40,2014,Q2,4352000000.0,1800000000.0,2552000000.0,0.5863970588,0,1039000000.0,468000000.0,1507000000.0,0.0,1572000000.0,3372000000.0,0.0,9000000.0,107000000.0,1087000000.0,0.2497702206,980000000.0,0.2251838235,-9000000.0,971000000.0,0.2231158088,310000000.0,622000000.0,0.1429227941,0.68,0.67,916100000,925900000,https://www.sec.gov/Archives/edgar/data/21665/000154554714000016/0001545547-14-000016-index.htm,https://www.sec.gov/Archives/edgar/data/21665/000154554714000016/cl-6302014x10q.htm,4.750573081541316,0.6789651784739658,0.6211112323982098,0.4617399847178255,1.4365243968999015,2.260670232507368,-2.078375723174326,1.9419277371465995,6.625914201506386,62459698000.00001,67359698000.00001,25.104380225080387,14.351952665441178,109.77099824253078,147.65886052009458,35.10944238336144,35.10944238336144,15.477871783088236,61.96844342226312,118.38259753954308,159.2427848699764,0.0099584215088584,0.0067723670389824,3.4069702079820123,0.4332999714040606,4.507819687212511,1.2740704260034474,108.88888888888889,0.8608169440242057,0.0055395720933521,0.5562700964630225,0.2387408088235294,0.0,0.2841721475550471,0.2565905096660808,0.033547794117647,1.3644859813084111,0.0045955882352941,5.446676007832109,0.0651045841253479,0.062119244981524,-9.27273223447222,1113000000.0,-1904000000.0,-6743000000.0,9165000000.0,1736500000.0,1257500000.0,1493000000.0,37.286305147058826,62.55,75.4,2.41375485302274,1.4388489208633093,1.193633952254642,0.3496346261944912,0.1593712476803842,2014-07-31,0.73,bmo,4352000000.0,2025-04-25,2014-06-30,0.0,67.01936507936509,3033522.476190476
2014-03-31,CL,USD,21665,2014-04-25,2014-04-25 08:38:38,2014,Q1,4325000000.0,1801000000.0,2524000000.0,0.583583815,0,1066000000.0,478000000.0,1544000000.0,0.0,1890000000.0,3691000000.0,0.0,7000000.0,108000000.0,742000000.0,0.1715606936,634000000.0,0.1465895954,-7000000.0,627000000.0,0.1449710983,195000000.0,388000000.0,0.0897109827,0.42,0.42,919500000,928600000,https://www.sec.gov/Archives/edgar/data/21665/000154554714000007/0001545547-14-000007-index.htm,https://www.sec.gov/Archives/edgar/data/21665/000154554714000007/cl-3312014x10q.htm,4.703643284393692,0.421968461120174,0.8917890157694399,0.7090810222947254,2.21642196846112,2.066340402392605,-2.267536704730832,1.7727025557368137,7.249592169657422,59647965000.00001,64511965000.00001,38.43296713917526,13.791436994219657,72.74142073170732,91.48460889570552,36.59384355828221,36.59384355828221,14.916061271676302,86.94334905660378,78.6731280487805,98.94473159509204,0.006504832143058,0.0109308004053449,4.085276073619632,0.4614052106430155,6.555256064690027,1.2073585708209271,90.57142857142856,1.898148148148148,0.005297749889707,0.8144329896907216,0.2464739884393063,0.0,0.2761225055432372,0.2048780487804878,0.0388439306358381,1.5555555555555556,0.0078612716763005,4.102505674954199,0.0410162409865893,0.0371398487604096,-9.246873300706904,975000000.0,-2085000000.0,-6855000000.0,8997000000.0,1653000000.0,1303500000.0,1451500000.0,34.7514450867052,63.16490838423098,73.85896724042199,2.589820359281437,1.4248417721518989,1.218538565629229,0.2380368098159509,0.1827079934747145,2014-04-25,0.68,bmo,4325000000.0,2025-04-25,2014-03-31,0.0,63.01639344262295,3494726.0655737706
2013-12-31,CL,USD,21665,2014-02-20,2014-02-20 16:21:46,2013,Q4,4361000000.0,1794000000.0,2567000000.0,0.5886264618,267000000,1167000000.0,445000000.0,1612000000.0,0.0,1280000000.0,3074000000.0,0.0,0.0,110000000.0,1127000000.0,0.2584269663,892000000.0,0.2045402431,1000000.0,893000000.0,0.2047695483,292000000.0,564000000.0,0.1293281357,0.61,0.6,925700000,935400000,https://www.sec.gov/Archives/edgar/data/21665/000154554714000003/0001545547-14-000003-index.htm,https://www.sec.gov/Archives/edgar/data/21665/000154554714000003/cl-12312013x10k.htm,4.711029491195852,0.6092686615534191,0.9063411472399264,0.6351949875769688,1.22609916819704,2.7395484498217564,-1.5490979799070974,2.4900075618450903,6.111051096467538,60364896999.99999,65059896999.99999,26.757489804964536,13.84198509516166,71.94862574493443,102.6613894557823,26.18867548806941,26.18867548806941,14.918573033707863,57.72839130434782,77.54457330154945,110.64608333333332,0.0093431783707011,0.0097407604290288,2.454229934924078,0.407682329201499,4.165927240461402,1.0787472035794183,0.0,1.3960066555740434,0.0058312035221396,0.624113475177305,0.2675991745012612,0.0612244897959183,0.286105505909484,0.2991656734207389,0.0575556065122678,2.2818181818181817,0.0052740197202476,5.842463557902876,0.0582050598877225,0.0569351907934585,-8.928918656152101,352000000.0,-1434000000.0,-6518000000.0,8405000000.0,1686500000.0,1288500000.0,1433000000.0,33.762898417794084,67.37458193979934,71.48829431438128,2.665647921760391,1.3358153387937453,1.2589473684210526,0.2446854663774403,0.2711461596629577,2014-01-30,0.74,bmo,4302853333.0,2025-04-25,2013-12-31,0.0135135135135135,64.00203125,2949290.828125
2013-09-30,CL,USD,21665,2013-10-24,2013-10-24 09:12:11,2013,Q3,4398000000.0,1813000000.0,2585000000.0,0.5877671669,0,1071000000.0,478000000.0,1549000000.0,0.0,1569000000.0,3382000000.0,0.0,0.0,108000000.0,1124000000.0,0.255570714,1016000000.0,0.2310140973,0.0,1016000000.0,0.2310140973,317000000.0,656000000.0,0.1491587085,0.71,0.7,928100000,936900000,https://www.sec.gov/Archives/edgar/data/21665/000144530513002474/0001445305-13-002474-index.htm,https://www.sec.gov/Archives/edgar/data/21665/000144530513002474/cl-9302013x10q.htm,4.738713500700356,0.7068203857342958,1.120568904212908,0.9309341665768774,0.9341665768774916,2.162482491110872,-2.1021441654994075,1.9222066587652191,5.693352009481737,55036330000.0,59599330000.0,20.97421112804878,12.51394497498863,52.91954807692307,63.69945601851852,30.84996076233184,30.84996076233184,13.551462028194631,53.024314946619214,57.307048076923074,68.98070601851852,0.0119193994221635,0.0156987211901665,2.9618834080717487,0.3931840166679068,4.059608540925267,1.0242707637497217,0.0,1.4878397711015736,0.0073587755578905,0.6173780487804879,0.2435197817189631,0.0,0.2945159610090036,0.1692307692307692,0.0400181900864029,1.6296296296296295,0.0120509322419281,5.528990339131815,0.0731554160125588,0.0691910136061596,-9.20348022842366,109000000.0,-1951000000.0,-6832000000.0,7925000000.0,1757500000.0,1256500000.0,1440500000.0,35.54570259208732,61.257584114726974,71.53337010479868,2.5319516407599307,1.4692058346839547,1.2581540596807772,0.3677130044843049,0.1896347376360306,2013-10-24,0.73,bmo,4398000000.0,2025-04-25,2013-09-30,0.0,59.2478125,2871113.796875
2013-06-30,CL,USD,21665,2013-07-25,2013-07-25 09:00:24,2013,Q2,4346000000.0,1812000000.0,2534000000.0,0.5830648873,0,1029000000.0,497000000.0,1526000000.0,0.0,1628000000.0,3440000000.0,0.0,0.0,111000000.0,1017000000.0,0.2340082835,906000000.0,0.2084675564,5000000.0,911000000.0,0.2096180396,307000000.0,561000000.0,0.1290842154,0.6,0.6,933100000,942300000,https://www.sec.gov/Archives/edgar/data/21665/000144530513001692/0001445305-13-001692-index.htm,https://www.sec.gov/Archives/edgar/data/21665/000144530513001692/cl-6302013x10q.htm,4.657592969670989,0.6012217340049298,0.5872896795627478,0.4276069017254313,1.1338548922945022,1.933340477976637,-2.2280570142535634,1.6407673346908156,6.0315078769692425,54073145000.0,58817145000.0,24.096766934046347,12.442049010584446,98.67362226277372,135.52166666666668,35.31884062704115,35.31884062704115,13.533627473538886,57.83396755162242,107.33055656934306,147.4113909774436,0.0103748357895587,0.0073788939038038,3.6760287393860223,0.4172907244012753,4.664700098328417,1.0951845184518452,0.0,0.9072847682119204,0.0061953119242463,0.5971479500891266,0.2367694431661297,0.0,0.2879068732853859,0.2718978102189781,0.034284399447768,1.3423423423423424,0.0046019328117809,4.71120601294221,0.0623181825480527,0.0584131611828404,-9.186046511627907,423000000.0,-2079000000.0,-6816000000.0,8082000000.0,1793000000.0,1258000000.0,1405500000.0,36.82006442705936,63.52649006622517,71.52317880794702,2.444319460067492,1.416731821735731,1.2583333333333333,0.3664271717831482,0.1596827778373164,2013-07-25,0.7,bmo,4346000000.0,2025-04-25,2013-06-30,0.0,59.3584375,3251966.40625
2013-03-31,CL,USD,21665,2013-04-25,2013-04-25 14:22:28,2013,Q1,4315000000.0,1800000000.0,2515000000.0,0.5828505214,0,1065000000.0,471000000.0,1536000000.0,0.0,1773000000.0,3573000000.0,0.0,0.0,110000000.0,852000000.0,0.1974507532,742000000.0,0.1719582851,3000000.0,745000000.0,0.1726535342,239000000.0,460000000.0,0.1066048667,0.49,0.49,936600000,945000000,https://www.sec.gov/Archives/edgar/data/21665/000144530513000904/0001445305-13-000904-index.htm,https://www.sec.gov/Archives/edgar/data/21665/000144530513000904/cl-3312013x10q.htm,4.607089472560324,0.4911381592995942,0.8295964125560538,0.7292333973948324,1.170190049113816,2.1556694426649585,-2.0254110612855007,1.8919496049540887,5.719624172538971,55128276000.0,59553276000.0,29.96101956521739,12.775961993047508,70.95016216216217,80.7148989751098,31.11076523702032,31.11076523702032,13.801454461181924,69.89821126760563,76.64514285714286,87.1936691068814,0.008344175319395,0.0123892863981453,3.02313769751693,0.395847188354393,5.193661971830986,1.2609036301906502,0.0,1.5355731225296445,0.0052604583535316,0.6304347826086957,0.2468134414831981,0.0,0.2893667331707678,0.1209781209781209,0.021784472769409,0.8545454545454545,0.0074159907300115,4.572438577548832,0.0505681734002992,0.0478319642300093,-8.943519111680546,999000000.0,-1897000000.0,-6686000000.0,8735000000.0,1738000000.0,1263500000.0,1368000000.0,37.71031286210892,61.85,68.55,2.386615044247788,1.4551333872271626,1.312910284463895,0.2595936794582393,0.1003630151612214,2013-04-25,0.66,bmo,4315000000.0,2025-04-25,2013-03-31,0.0,55.63066666666667,3512291.466666667
2012-12-31,CL,USD,21665,2013-02-21,2013-02-21 15:51:04,2012,Q4,4286000000.0,1781000000.0,2505000000.0,0.5844610359,259000000,1053000000.0,434000000.0,1487000000.0,0.0,1517000000.0,3298000000.0,5000000.0,60000000.0,108000000.0,1115000000.0,0.2601493234,905000000.0,0.2111525898,-77000000.0,947000000.0,0.2209519365,311000000.0,598000000.0,0.1395240317,0.64,0.62,944000000,952100000,https://www.sec.gov/Archives/edgar/data/21665/000144530513000275/0001445305-13-000275-index.htm,https://www.sec.gov/Archives/edgar/data/21665/000144530513000275/cl-12312012x10k.htm,4.540254237288136,0.6334745762711864,1.1260593220338984,0.8633474576271186,1.0593220338983051,2.531779661016949,-1.7044491525423728,2.3188559322033897,5.603813559322034,49342880000.0,53688880000.0,20.62829431438127,11.51257116192254,46.4185136406397,60.54341104294478,22.541288259479217,22.541288259479217,12.526570228651424,48.15146188340808,50.506942615239886,65.8759263803681,0.0121192763778684,0.0165170739932488,2.3892188213796253,0.3904733462744512,3.897757847533632,1.2194860813704498,15.083333333333334,1.671383647798742,0.0066068295972995,0.5451505016722408,0.2456836210919272,0.0604293047130191,0.2985665223234284,0.2333019755409219,0.0578628091460569,2.2962962962962963,0.0051329911339244,5.749005677458108,0.0610111454148785,0.0636508781266631,-8.549258474576272,820000000.0,-1609000000.0,-6448000000.0,8661000000.0,1762500000.0,1235500000.0,1374500000.0,35.02566495566962,65.1880965749579,68.97810218978103,2.5695443645083933,1.3806201550387598,1.3047619047619048,0.273184102329831,0.2627118644067797,2013-01-31,0.7,bmo,4225633802.0,2025-04-25,2012-12-31,0.0142857142857143,53.30983870967742,2968186.129032258
2012-09-30,CL,USD,21665,2012-10-25,2012-10-25 13:53:30,2012,Q3,4332000000.0,1803000000.0,2529000000.0,0.5837950139,0,1048000000.0,453000000.0,1501000000.0,0.0,1501000000.0,3304000000.0,0.0,4000000.0,106000000.0,1134000000.0,0.2617728532,1028000000.0,0.2373037858,-4000000.0,1023000000.0,0.2361495845,326000000.0,654000000.0,0.1509695291,0.69,0.68,949800000,958400000,https://www.sec.gov/Archives/edgar/data/21665/000154554712000017/0001545547-12-000017-index.htm,https://www.sec.gov/Archives/edgar/data/21665/000154554712000017/cl-9302012x10q.htm,4.560960202147821,0.6885660138976627,0.9896820383238576,0.8549168245946515,1.0423246999368287,2.839545167403664,-1.3255422194146136,2.6395030532743737,5.527479469361971,51289200000.0,55626200000.0,19.605963302752293,11.83961218836565,54.56297872340425,63.164039408867,20.45839648982848,20.45839648982848,12.840766389658356,49.053086419753086,59.176808510638296,68.5051724137931,0.0127512224795863,0.0158317930480491,2.0925408855205423,0.390792610250298,3.824514991181658,1.2867567567567568,257.0,1.3486370157819223,0.0069800269842383,0.5474006116207951,0.2419205909510618,0.0,0.2946960667461263,0.1361702127659574,0.0295475530932594,1.2075471698113207,0.0115420129270544,6.394773034395867,0.0698520641384586,0.0690747782002534,-8.05669614655717,1061000000.0,-1259000000.0,-5966000000.0,8702000000.0,1821000000.0,1203500000.0,1376000000.0,38.5803324099723,58.95174708818636,69.08485856905159,2.332794830371567,1.526672311600339,1.3027456647398843,0.2608695652173913,0.1347652137292061,2012-10-25,0.69,bmo,4332000000.0,2025-04-25,2012-09-30,0.0,52.70253968253969,3597271.8095238097
2012-06-30,CL,USD,21665,2012-07-26,2012-07-26 14:01:25,2012,Q2,4267000000.0,1806000000.0,2461000000.0,0.5767518163,0,0.0,0.0,1464000000.0,0.0,1479000000.0,3285000000.0,0.0,6000000.0,105000000.0,982000000.0,0.2301382704,982000000.0,0.2301382704,-6000000.0,976000000.0,0.2287321303,311000000.0,627000000.0,0.1469416452,0.66,0.65,954600000,962700000,https://www.sec.gov/Archives/edgar/data/21665/000154554712000014/0001545547-12-000014-index.htm,https://www.sec.gov/Archives/edgar/data/21665/000154554712000014/cl-6302012x10q.htm,4.4699350513304,0.6568196103079824,0.5562539283469516,0.4211187932118164,1.0423213911586005,2.6293735596061176,-1.4843913681122984,2.4156714854389274,5.624345275508066,49686930000.0,54054930000.0,19.811375598086123,11.644464494961332,93.57237288135592,123.59932835820896,21.54680398959237,21.54680398959237,12.668134520740567,55.04575356415479,101.7983615819209,134.465,0.0126190126860323,0.0080906588513317,2.3256721595836947,0.4077396791606477,4.448065173116089,1.3558609085810431,163.66666666666666,0.7984962406015037,0.0063396953685808,0.5023923444976076,0.0,0.0,0.2985630654603513,0.2429378531073446,0.0302320131239746,1.2285714285714286,0.0044527771267869,5.974935906200775,0.0677077630797509,0.0679601127249078,-7.987900691389063,1269000000.0,-1417000000.0,-5808000000.0,8821000000.0,1806000000.0,1206500000.0,1384000000.0,37.64940239043825,61.096345514950166,68.17275747508305,2.3904761904761904,1.473083197389886,1.3201754385964912,0.2718993928881179,0.1351351351351351,2012-07-26,0.67,bmo,4267000000.0,2025-04-25,2012-06-30,0.0,49.59761904761905,4617030.317460317
2012-03-31,CL,USD,21665,2012-04-26,2012-04-26 13:24:09,2012,Q1,4200000000.0,1763000000.0,2437000000.0,0.5802380952,0,0.0,0.0,1478000000.0,0.0,1499000000.0,3262000000.0,0.0,10000000.0,106000000.0,938000000.0,0.2233333333,938000000.0,0.2233333333,-10000000.0,928000000.0,0.220952381,295000000.0,593000000.0,0.1411904762,0.62,0.62,960200000,967800000,https://www.sec.gov/Archives/edgar/data/21665/000154554712000005/0001545547-12-000005-index.htm,https://www.sec.gov/Archives/edgar/data/21665/000154554712000005/cl-3312012x10q.htm,4.374088731514268,0.6175796709018955,0.689439700062487,0.6269527181837117,1.0872734846906895,2.5994584461570507,-1.6506977712976465,2.3849198083732555,5.183295146844407,46944178000.0,50867178000.0,19.790968802698146,11.177185238095236,70.91265558912387,77.98036212624585,20.49964104803493,20.49964104803493,12.111232857142856,54.22940085287846,76.83863746223565,84.49697342192691,0.0126320243588033,0.0128237414232708,2.168995633187773,0.3747547910064886,4.182302771855011,1.1806671536401263,93.8,1.0458135860979465,0.0059219271024406,0.4688026981450253,0.0,0.0,0.3079070469292289,0.0906344410876132,0.0142857142857142,0.5660377358490566,0.0069047619047619,5.756713887593143,0.0672151613288848,0.064646244412951,-7.960581128931473,742000000.0,-1585000000.0,-5909000000.0,8525000000.0,1751000000.0,1215500000.0,1363500000.0,39.15,60.5955757231991,71.4690867838911,2.2988505747126435,1.485256950294861,1.2592857142857143,0.2589519650655021,0.0624869818787752,2012-04-26,0.62,bmo,4200000000.0,2025-04-25,2012-03-31,0.0,46.21290322580645,4698000.580645162
2011-12-31,CL,USD,21665,2012-02-23,2012-02-23 12:25:08,2011,Q4,4172000000.0,1779000000.0,2393000000.0,0.5735858102,0,0.0,0.0,1444000000.0,0.0,1470000000.0,3249000000.0,0.0,0.0,106000000.0,1036000000.0,0.2483221477,923000000.0,0.2212368169,-15000000.0,908000000.0,0.217641419,283000000.0,590000000.0,0.1414189837,0.61,0.61,967400000,976000000,https://www.sec.gov/Archives/edgar/data/21665/000144530512000409/0001445305-12-000409-index.htm,https://www.sec.gov/Archives/edgar/data/21665/000144530512000409/cl-12312011x10k.htm,4.312590448625181,0.6098821583626215,0.8672731031631177,0.6470953070084763,0.9075873475294604,2.6266280752532563,-1.5060988215836262,2.455034112052925,4.972090138515608,44693880000.0,48625880000.0,18.938084745762712,10.712818791946308,53.27041716328963,71.39597444089456,18.818475789473684,18.818475789473684,11.65529242569511,46.93617760617761,57.95694874851013,77.67712460063898,0.0132009125186714,0.0140063919265903,2.0252631578947367,0.3780257780572147,3.795366795366795,1.1846071044133475,0.0,1.3424,0.0078981730832051,0.5983050847457627,0.0,0.0,0.3142093681232317,0.2538736591179976,0.0510546500479386,2.009433962264151,0.0047938638542665,5.804208285376719,0.06767414676905,0.0676140270456108,-7.634122389911102,686000000.0,-1457000000.0,-5781000000.0,8352000000.0,1676000000.0,1197000000.0,1331500000.0,36.13374880153404,62.93423271500843,67.13322091062395,2.490746268656717,1.430064308681672,1.3406179351921628,0.2484210526315789,0.2201777961546413,2012-01-26,0.65,bmo,4172000000.0,2025-04-25,2011-12-31,0.0,45.08380952380953,4454376.444444444
2011-09-30,CL,USD,21665,2011-10-27,2011-10-27 13:25:39,2011,Q3,4383000000.0,1921000000.0,2462000000.0,0.5617157198,0,0.0,0.0,1489000000.0,0.0,1427000000.0,3348000000.0,0.0,10000000.0,113000000.0,1035000000.0,0.2361396304,1035000000.0,0.2361396304,-10000000.0,1025000000.0,0.2338580881,349000000.0,643000000.0,0.1467031713,0.66,0.66,973400000,981000000,https://www.sec.gov/Archives/edgar/data/21665/000144530511003083/0001445305-11-003083-index.htm,https://www.sec.gov/Archives/edgar/data/21665/000144530511003083/cl-9302011x10q.htm,4.502773782617629,0.6605711937538524,0.9276761865625642,0.8259708239161702,0.9708239161701252,2.94842818985001,-1.2821039654818165,2.739880830080132,4.8962399835627695,43160556000.0,46971556000.0,16.780931570762057,9.84726351813826,47.79685049833887,53.68228358208955,16.183185601799774,16.183185601799774,10.716759297284964,45.38314589371981,52.01722702104097,58.42233333333333,0.0148978618347733,0.0186281196192189,1.7832770903637043,0.3724937343358396,3.6821256038647343,0.5495361781076067,103.5,1.3357988165680474,0.006533743448532,0.4385692068429238,0.0,0.0,0.3225250626566416,0.1096345514950166,0.0225872689938398,0.8761061946902655,0.0104950946840063,6.38141386293507,0.1203659181716133,0.0743352601156069,-7.219282925826998,-3642000000.0,-1248000000.0,-5455000000.0,4091000000.0,1748000000.0,1193000000.0,1376500000.0,34.435318275154,53.878188443519,62.59239979177512,2.6135957066189626,1.6704347826086956,1.437874251497006,0.2410948631421072,0.101705362646394,2011-10-27,0.65,bmo,4316590909.0,2025-04-25,2011-09-30,0.0153846153846153,43.88484375,5959367.0
2011-06-30,CL,USD,21665,2011-07-28,2011-07-28 14:54:51,2011,Q2,4185000000.0,1781000000.0,2404000000.0,0.574432497,0,0.0,0.0,1421000000.0,0.0,1436000000.0,3217000000.0,0.0,11000000.0,103000000.0,968000000.0,0.23130227,968000000.0,0.23130227,-11000000.0,957000000.0,0.2286738351,311000000.0,622000000.0,0.1486260454,0.64,0.63,979000000,986600000,https://www.sec.gov/Archives/edgar/data/21665/000114036111038328/0001140361-11-038328-index.htm,https://www.sec.gov/Archives/edgar/data/21665/000114036111038328/form10q.htm,4.274770173646578,0.6353421859039836,0.484167517875383,0.3340143003064351,0.7548518896833504,3.2114402451481103,-1.2594484167517876,3.032686414708887,5.129724208375894,42792090000.0,47064090000.0,17.199393086816723,10.225111111111111,90.27867088607596,130.8626605504587,14.412963960929606,14.412963960929606,11.24589964157706,48.619927685950415,99.29132911392404,143.92688073394496,0.0145353966118504,0.0076415991834004,1.6877736611653755,0.3783600120809423,4.413223140495868,1.0520122381736878,88.0,0.7620578778135049,0.0071742230865564,0.4935691318327974,0.0,0.0,0.3304892781636968,0.310126582278481,0.0351254480286738,1.4271844660194175,0.0043010752688172,6.58428859918483,0.0654341365267696,0.0701477388068117,-7.444586312563841,221000000.0,-1233000000.0,-5630000000.0,8429000000.0,1803000000.0,1208500000.0,1374000000.0,39.11827956989247,62.45929253228523,71.6058394160584,2.3007146783947223,1.440938511326861,1.256880733944954,0.209498147524419,0.1501532175689479,2011-07-28,0.62,bmo,4118571428.0,2025-04-25,2011-06-30,0.0161290322580645,42.25936507936508,5294037.492063492
2011-03-31,CL,USD,21665,2011-04-28,2011-04-28 15:16:17,2011,Q1,3994000000.0,1663000000.0,2331000000.0,0.5836254382,0,0.0,0.0,1404000000.0,0.0,1416000000.0,3079000000.0,0.0,16000000.0,99000000.0,915000000.0,0.2290936405,915000000.0,0.2290936405,-16000000.0,899000000.0,0.2250876314,292000000.0,576000000.0,0.1442163245,0.59,0.58,986800000,993200000,https://www.sec.gov/Archives/edgar/data/21665/000114036111023652/0001140361-11-023652-index.htm,https://www.sec.gov/Archives/edgar/data/21665/000114036111023652/form10q.htm,4.0474260235103365,0.5837049047426024,0.6890960680989056,0.6100526955816782,0.6951763275233077,2.625658694770977,-0.6607215241183624,2.451357924604783,3.871098500202675,39846984000.0,42964984000.0,17.294697916666667,9.9767110665999,58.59850588235295,66.19100332225914,16.47250268706077,16.47250268706077,10.757382073109664,46.95626666666666,63.1838,71.37040531561462,0.0144552972942694,0.0151077933526913,1.5725506407606449,0.3188332914256978,3.407650273224044,0.9981317141522652,57.1875,1.1805555555555556,0.0065500565864658,0.453125,0.0,0.0,0.2718129243148101,0.1147058823529411,0.0195292939409113,0.7878787878787878,0.0095142714071106,5.674025642091143,0.0745508766226313,0.0662983425414364,-6.737180786380219,-8000000.0,-652000000.0,-5066000000.0,6969000000.0,1698500000.0,1173000000.0,1276500000.0,40.26790185277917,63.9146121467228,72.03247143716176,2.235030777839955,1.4081287044877222,1.2494365138993238,0.2381149235221165,0.0790433725172274,2011-04-28,0.58,bmo,3994000000.0,2025-04-25,2011-03-31,0.0,39.19209677419354,6356497.193548387
2010-12-31,CL,USD,21665,2011-02-24,2011-02-24 15:10:51,2010,Q4,3978000000.0,1628000000.0,2350000000.0,0.5907491202,0,0.0,0.0,1376000000.0,0.0,1445000000.0,3073000000.0,0.0,0.0,98000000.0,1009000000.0,0.2536450478,905000000.0,0.2275012569,-16000000.0,889000000.0,0.2234791352,238000000.0,624000000.0,0.1568627451,0.64,0.62,963000000,999000000,https://www.sec.gov/Archives/edgar/data/21665/000114036111011883/0001140361-11-011883-index.htm,https://www.sec.gov/Archives/edgar/data/21665/000114036111011883/form10k.htm,4.130841121495327,0.6479750778816199,1.0051921079958464,0.7642782969885774,0.5088265835929388,2.925233644859813,-0.3904465212876428,2.7777777777777777,3.555555555555556,38702970000.0,41636970000.0,15.505997596153849,9.72925339366516,39.98240702479338,52.585557065217394,14.4684,14.4684,10.466809954751133,41.26557978196234,43.01339876033058,56.57197010869565,0.0161227936770743,0.0190166284396262,1.28,0.3064804869316147,2.907829534192269,1.0005364806866952,0.0,1.4869431643625193,0.0087331799084152,0.5416666666666666,0.0,0.0,0.2858037952022914,0.2396694214876033,0.0583207642031171,2.36734693877551,0.0050276520864756,6.363838650343143,0.0822943667494189,0.0782052888833187,-6.278816199376947,2000000.0,-376000000.0,-4625000000.0,6888000000.0,1650000000.0,1130500000.0,1250000000.0,36.42533936651584,64.40417690417691,67.55528255528256,2.4708074534161493,1.3974248927038626,1.3322422258592472,0.2332710280373831,0.2409138110072689,2011-01-27,0.62,bmo,3978000000.0,2025-04-25,2010-12-31,0.0,38.85203125,5505448.15625
2010-09-30,CL,USD,21665,2010-10-28,2010-10-28 15:04:25,2010,Q3,3943000000.0,1599000000.0,2344000000.0,0.5944712148,0,0.0,0.0,1391000000.0,0.0,1386000000.0,2985000000.0,0.0,13000000.0,93000000.0,958000000.0,0.2429622115,958000000.0,0.2429622115,-13000000.0,945000000.0,0.2396652295,300000000.0,619000000.0,0.1569870657,0.63,0.61,972000000,1019000000,https://www.sec.gov/Archives/edgar/data/21665/000114036110042509/0001140361-10-042509-index.htm,https://www.sec.gov/Archives/edgar/data/21665/000114036110042509/form10q.htm,4.056584362139918,0.6368312757201646,0.9681069958847736,0.8508230452674898,0.6728395061728395,2.92798353909465,-0.9063786008230452,2.748971193415638,3.498971193415638,37353960000.0,40087960000.0,15.086413570274637,9.473487192493026,39.69602550478215,45.16802902055623,13.979775449101798,13.979775449101798,10.166867867106264,41.84546972860125,42.60144527098831,48.47395405078597,0.0165712015539985,0.0221395536109156,1.2679640718562877,0.2974539069359087,2.8538622129436324,0.6289008455034589,73.6923076923077,1.4589147286821706,0.0076029422315599,0.4588045234248788,0.0,0.0,0.3272168568920105,0.1211477151965993,0.028911995942176,1.2258064516129032,0.0103981739792036,6.276081079819591,0.0790369897102642,0.0807777632780895,-6.155864197530864,-2414000000.0,-881000000.0,-4453000000.0,4885000000.0,1642000000.0,1100500000.0,1262000000.0,38.574689322850624,61.68855534709193,71.93245778611632,2.3331360946745563,1.458941605839416,1.2511737089201878,0.2316616766467066,0.1172839506172839,2010-10-28,0.59,bmo,3813721311.0,2025-04-25,2010-09-30,0.0338983050847458,39.1259375,6275598.65625
2010-06-30,CL,USD,21665,2010-07-29,2010-07-29 16:16:54,2010,Q2,3814000000.0,1572000000.0,2242000000.0,0.5878342947,0,0.0,0.0,1292000000.0,0.0,1294000000.0,2866000000.0,0.0,14000000.0,93000000.0,948000000.0,0.2485579444,948000000.0,0.2485579444,-14000000.0,934000000.0,0.2448872575,304000000.0,603000000.0,0.1581017305,0.61,0.59,996694215,1030769231,https://www.sec.gov/Archives/edgar/data/21665/000114036110030757/0001140361-10-030757-index.htm,https://www.sec.gov/Archives/edgar/data/21665/000114036110030757/form10q.htm,3.826650082442788,0.6049999999247513,0.5708872304430903,0.4474792702594345,0.5568407959506417,2.8133001654875662,-0.5628606964474054,2.6407296845803403,3.398233830423105,39249818186.700005,42067818186.700005,16.272727274751244,10.29098536620346,68.98034830702989,88.00407665179374,14.9125449037614,14.9125449037614,11.029842209412692,44.37533563997891,73.9328966374341,94.32246230201795,0.0153631284897092,0.0113631099608794,1.281534954407295,0.3186283771018326,2.9725738396624477,0.5179764556156539,67.71428571428571,0.9031746031746032,0.0075923918572692,0.494195688225539,0.0,0.0,0.3178726620064235,0.2161687170474516,0.0322496067121132,1.3225806451612905,0.0049816465652857,5.995576104669081,0.0833367984905496,0.0835064395513086,-5.42643863945774,-3030000000.0,-561000000.0,-4526000000.0,3745000000.0,1651500000.0,1117000000.0,1252500000.0,37.61405348715259,63.26335877862595,71.33587786259541,2.392722710163112,1.4226244343891403,1.261637239165329,0.2291033434650456,0.1234079601836557,2010-07-29,0.58,bmo,3749355932.0,2025-04-25,2010-06-30,0.0172413793103448,40.86142857142857,5282843.746031746
2010-03-31,CL,USD,21665,2010-04-29,2010-04-29 14:19:15,2010,Q1,3829000000.0,1561000000.0,2268000000.0,0.592321755,0,0.0,0.0,1355000000.0,0.0,1590000000.0,3151000000.0,0.0,16000000.0,92000000.0,678000000.0,0.177069731,678000000.0,0.177069731,-16000000.0,662000000.0,0.1728910943,275000000.0,357000000.0,0.0932358318,0.36,0.35,987400000,1038000000,https://www.sec.gov/Archives/edgar/data/21665/000114036110017963/0001140361-10-017963-index.htm,https://www.sec.gov/Archives/edgar/data/21665/000114036110017963/form10q.htm,3.8778610492201744,0.361555600567146,0.7423536560664371,0.6603200324083451,0.5681588008912295,2.79927081223415,-0.3048409965566133,2.6281142394166497,3.1729795422321248,42092862000.0,44648862000.0,29.47679411764706,10.993173674588665,57.42545975443384,64.55960429447853,16.220756069364164,16.220756069364164,11.66071089057195,65.85377876106195,60.91249931787176,68.47984969325154,0.0084812479607587,0.0154895621020019,1.201156069364162,0.287997782500231,3.769911504424779,1.029596647459403,42.375,1.8940568475452195,0.0052740533537491,0.6218487394957983,0.0,0.0,0.283193199667375,0.1105047748976807,0.0211543483938365,0.8804347826086957,0.010707756594411,4.623820065628148,0.0538012046043493,0.0460170146945089,-5.658041320640065,113000000.0,-301000000.0,-4128000000.0,6644000000.0,1667500000.0,1150500000.0,1234000000.0,40.16975711674066,65.09288917360666,72.58808456117873,2.240491515506144,1.382639503985828,1.2398729150119143,0.1375722543352601,0.0820336236580919,2010-04-29,0.59,bmo,3703459016.0,2025-04-25,2010-03-31,0.0338983050847458,41.138688524590165,5164385.081967213
2009-12-31,CL,USD,21665,2010-02-25,2010-02-25 17:18:01,2009,Q4,4081000000.0,1654000000.0,2427000000.0,0.5947071796,0,0.0,0.0,1397000000.0,0.0,1436000000.0,3090000000.0,0.0,0.0,89000000.0,1091000000.0,0.2673364371,991000000.0,0.2428326391,-18000000.0,973000000.0,0.2384219554,317000000.0,631000000.0,0.1546189659,0.63,0.61,994800000,1046800000,https://www.sec.gov/Archives/edgar/data/21665/000114036110008522/0001140361-10-008522-index.htm,https://www.sec.gov/Archives/edgar/data/21665/000114036110008522/form10k.htm,4.102332127060715,0.6342983514274226,0.9067149175713712,0.6775231202251709,0.6031363088057901,3.274024929634097,0.1347004422999597,3.1322878970647365,3.1986328910333737,40856436000.0,43438436000.0,16.187177496038036,10.01137858368047,45.295383592017735,60.61785756676558,13.1118215661104,13.1118215661104,10.6440666503308,39.81524839596701,48.15791130820399,64.4487181008902,0.0154443231416465,0.0164967889024877,1.021181001283697,0.2857912699838333,2.3666361136571954,1.0586273964990276,0.0,1.4294770206022187,0.0068287894715045,0.4421553090332805,0.0,0.0,0.2804921860966409,0.2527716186252771,0.0558686596422445,2.561797752808989,0.0049007596177407,6.686038708334345,0.0846169785838719,0.0787666957932842,-5.481503819863289,211000000.0,134000000.0,-4067000000.0,6850000000.0,1703000000.0,1128000000.0,1225000000.0,35.858858123009064,63.77267230955261,65.78597339782347,2.509840098400984,1.4112627986348123,1.3680727874276262,0.2025032092426187,0.2291917973462002,2010-01-28,0.59,bmo,3947196721.0,2025-04-25,2009-12-31,0.0338983050847458,40.6659375,5564284.09375
2009-09-30,CL,USD,21665,2009-10-29,2009-10-29 15:06:51,2009,Q3,3998000000.0,1631000000.0,2367000000.0,0.592046023,0,0.0,0.0,1403000000.0,0.0,1441000000.0,3072000000.0,0.0,17000000.0,89900000.0,926000000.0,0.2316158079,926000000.0,0.2316158079,-17000000.0,909000000.0,0.2273636818,292000000.0,590000000.0,0.1475737869,0.59,0.56,998200000,1049200000,https://www.sec.gov/Archives/edgar/data/21665/000114036109024040/0001140361-09-024040-index.htm,https://www.sec.gov/Archives/edgar/data/21665/000114036109024040/form10-q.htm,4.005209376878381,0.5910639150470848,1.166399519134442,1.0292526547786014,0.8485273492286115,3.116609897816069,-0.0110198357042676,2.9573231817271086,3.2859146463634543,38071348000.0,40487348000.0,16.131927118644068,9.522598299149577,32.698916086919176,37.05601323729803,12.89679810298103,12.89679810298103,10.126900450225111,43.72283801295897,34.77398265051963,39.40758029978587,0.0154972185382035,0.0269861734341531,1.1053523035230353,0.294840516851902,2.609071274298056,1.1707045391255917,54.47058823529411,1.9717188823031329,0.0065140850804652,0.4203389830508474,0.0,0.0,0.2820999367488931,0.1175813793695782,0.0342421210605302,1.5228031145717464,0.0102551275637818,6.271304322200473,0.0800075170449835,0.0742605412208936,-5.162793027449409,613000000.0,-11000000.0,-3752000000.0,7086000000.0,1753900000.0,1061000000.0,1232400000.0,40.07003501750875,59.81606376456161,68.47946045370938,2.246067415730337,1.5046125461254614,1.314262691377921,0.1998644986449864,0.1371468643558405,2009-10-29,0.56,bmo,3998000000.0,2025-04-25,2009-09-30,0.0,36.691875,5637738.25
2009-06-30,CL,USD,21665,2009-07-30,2009-07-30 15:03:48,2009,Q2,3745000000.0,1543800000.0,2201200000.0,0.5877703605,0,0.0,0.0,1295700000.0,0.0,1314100000.0,2857900000.0,500000.0,21500000.0,90200000.0,977300000.0,0.2609612817,887100000.0,0.2368758344,-21000000.0,865600000.0,0.2311348465,277800000.0,562000000.0,0.1500667557,0.56,0.54,1000200000,1049800000,https://www.sec.gov/Archives/edgar/data/21665/000114036109017288/0001140361-09-017288-index.htm,https://www.sec.gov/Archives/edgar/data/21665/000114036109017288/form10q.htm,3.744251149770046,0.5618876224755049,0.5203959208158369,0.3835232953409318,0.8958208358328335,2.6984603079384124,-0.5677864427114577,2.539792041591681,3.82253549290142,35377074000.0,38282874000.0,15.737132562277578,9.44648170894526,67.96748126801153,92.22386339937437,13.926337046805497,13.926337046805497,10.222396261682244,39.17208022101709,73.55019020172911,99.79894160583942,0.0158859944154793,0.0108431805298538,1.4965948903672794,0.3543117025936385,2.973293768545994,1.30170977100179,41.26046511627907,0.9268162393162394,0.007094990388408,0.4466192170818505,0.0,0.0,0.3044612818147081,0.263016330451489,0.0365554072096128,1.517738359201774,0.004539385847797,5.666502317675655,0.0760241210888612,0.0753028191660413,-5.22630473905219,977600000.0,-567900000.0,-3813300000.0,7489900000.0,1646600000.0,998500000.0,1211600000.0,41.52256341789052,60.51301982122037,71.3447337738049,2.167496237990508,1.4872832369942195,1.2614806340905376,0.2212337125536354,0.136872625474905,2009-07-30,0.52,bmo,3606296296.0,2025-04-25,2009-06-30,0.0384615384615384,32.29904761904762,7849060.285714285
2009-03-31,CL,USD,21665,2009-04-30,2009-04-30 16:27:20,2009,Q1,3502800000.0,1490400000.0,2012400000.0,0.5745118191,0,0.0,0.0,1185700000.0,0.0,1201000000.0,2691400000.0,200000.0,21200000.0,81900000.0,893300000.0,0.2550245518,811400000.0,0.2316432568,-21200000.0,790200000.0,0.2255909558,253700000.0,508000000.0,0.1450268357,0.5,0.49,1001400000,1052400000,https://www.sec.gov/Archives/edgar/data/21665/000119312509094469/0001193125-09-094469-index.htm,https://www.sec.gov/Archives/edgar/data/21665/000119312509094469/d10q.htm,3.4979029358897544,0.5072897942879968,0.689235070900739,0.6161374076293189,0.701218294387857,1.9361893349310968,-0.962752146994208,1.7908927501497902,3.6730577191931295,29531286000.0,32486086000.0,14.533113188976378,8.430765673175745,42.78656331498116,47.86270016207455,16.466647708263633,16.466647708263633,9.27431940162156,36.36637859621628,47.06764126340191,52.651679092382494,0.0172020954319429,0.0208930962234424,2.039143526262964,0.3681555978375766,3.307735363259823,1.248944733483852,38.27358490566038,1.3589289230163415,0.0068740656942606,0.3996062992125984,0.0,0.0,0.2922493028500095,0.1060562155896841,0.0208975676601575,0.8937728937728938,0.0111339499828708,4.521204080037244,0.0782108226142205,0.0722586518356258,-5.510734971040543,760800000.0,-964100000.0,-4177500000.0,6718500000.0,1578650000.0,1010000000.0,1198250000.0,40.22096608427544,57.91062801932368,72.42753623188406,2.237638942123419,1.554118873826903,1.2426213106553277,0.2832608453217352,0.07309766327142,2009-04-30,0.48,bmo,3431314285.0,2025-04-25,2009-03-31,0.0208333333333333,30.63737704918033,7102376.131147541
2008-12-31,CL,USD,21665,2009-02-27,2009-02-27 16:30:47,2008,Q4,3664100000.0,1613500000.0,2050600000.0,0.5596462979,0,0.0,0.0,1235300000.0,0.0,1289000000.0,2902500000.0,0.0,0.0,86700000.0,858300000.0,0.2342457902,761600000.0,0.2078545891,-13600000.0,748000000.0,0.2041429,251000000.0,497000000.0,0.1356404028,0.49,0.47,1007200000,1059800000,https://www.sec.gov/Archives/edgar/data/21665/000119312509041029/0001193125-09-041029-index.htm,https://www.sec.gov/Archives/edgar/data/21665/000119312509041029/d10k.htm,3.637907069102462,0.4934471803018268,0.4778594122319301,0.1888403494837172,0.550933280381255,1.9083598093725176,-1.0557982525814138,1.9083598093725176,3.7564535345512313,34516744000.0,37745344000.0,17.362547283702217,9.420251630686936,71.71565343860378,181.47604626708727,17.957829457364344,17.957829457364344,10.301395704265714,43.97686589770476,78.4237357157698,198.45080967402737,0.0143988088795397,0.0055103691124516,1.968419957338328,0.3791348090547433,3.76162181055575,1.256221853519791,0.0,0.96841046277666,0.0063273639019949,0.4394366197183099,0.0,0.0,0.2991692804104496,0.6048202784126324,0.0794465216560683,3.3575547866205304,0.0,4.603007957419204,0.0700473912179014,0.0710629414624381,-5.669008141382049,756700000.0,-1063400000.0,-4347200000.0,6861700000.0,1676500000.0,1078500000.0,1251550000.0,39.10127998689992,59.18190269600248,66.77347381468857,2.301714931842453,1.5207351555136663,1.3478406148191462,0.2585713542479579,0.2890190627482129,2009-01-29,0.49,bmo,3590720000.0,2025-04-25,2008-12-31,0.0204081632653061,31.8409375,8873262.21875
2008-09-30,CL,USD,21665,2008-10-30,2008-10-30 16:15:08,2008,Q3,3988000000.0,1751800000.0,2236200000.0,0.5607321966,0,0.0,0.0,1415400000.0,0.0,1467800000.0,3219600000.0,-100000.0,22900000.0,88500000.0,879600000.0,0.2205616851,768400000.0,0.1926780341,-45500000.0,745500000.0,0.1869358074,245600000.0,493000000.0,0.1236208626,0.49,0.47,1011000000,1068600000,https://www.sec.gov/Archives/edgar/data/21665/000119312508220286/0001193125-08-220286-index.htm,https://www.sec.gov/Archives/edgar/data/21665/000119312508220286/d10q.htm,3.944609297725025,0.4876360039564787,0.7201780415430267,0.5463897131552918,0.6277942631058359,2.4410484668644905,-0.5738872403560831,2.4410484668644905,3.502274975272008,38094480000.0,40977680000.0,19.31768762677485,9.552276830491474,52.32039555006181,68.96176683562636,15.435990113051584,15.435990113051584,10.275245737211636,46.58672123692588,56.28029116879549,74.18117306299783,0.0129415075359999,0.0145007885656924,1.4254629442035738,0.3332859633166591,3.2778535698044564,1.255359665827139,33.55458515283843,1.4564912982596518,0.0057042385143464,0.4407707910750507,0.0,0.0,0.2887770956495377,0.2413130064551572,0.0440571715145436,1.9853107344632768,0.0098545636910732,5.175202430488348,0.068400715238521,0.0656711646308161,-5.419164193867458,831400000.0,-580200000.0,-4000100000.0,6926700000.0,1816800000.0,1131800000.0,1323250000.0,39.74398194583751,56.307797693800666,67.09670053659093,2.2644937822951565,1.5983576642335766,1.3413476263399693,0.199764982373678,0.1737883283877349,2008-10-30,0.49,bmo,3908240000.0,2025-04-25,2008-09-30,0.0204081632653061,37.24578125,6503315.15625
2008-06-30,CL,USD,21665,2008-07-29,2008-07-29 15:41:53,2008,Q2,3964800000.0,1725000000.0,2239800000.0,0.5649213075,0,0.0,0.0,1422700000.0,0.0,1472800000.0,3197800000.0,0.0,25400000.0,83800000.0,872200000.0,0.2199858757,767000000.0,0.193452381,-46800000.0,741600000.0,0.1870460048,247800000.0,493800000.0,0.1245460048,0.48,0.46,1014200000,1073200000,https://www.sec.gov/Archives/edgar/data/21665/000119312508160116/0001193125-08-160116-index.htm,https://www.sec.gov/Archives/edgar/data/21665/000119312508160116/d10q.htm,3.9092881088542697,0.4868862157365411,0.4525734569118517,0.3230132123841451,0.6140800631039243,2.6292644448826663,-0.5896272924472491,2.6292644448826663,3.703312956024453,35040610000.0,38148310000.0,17.740284528149047,8.837926251008879,76.3411982570806,106.961568986569,13.140557263931596,13.140557263931596,9.62174889023406,43.73803026828709,83.11178649237473,116.44783272283271,0.0140922204265279,0.0093491523121315,1.398972474311858,0.3369827375951871,3.563058931437744,1.2821732975935909,30.19685039370079,0.9295261239368166,0.0063954366091229,0.4538274605103281,0.0,0.0,0.2948971572586109,0.2862745098039215,0.0331416464891041,1.568019093078759,0.0039346246973365,5.366883066933737,0.0638024115098219,0.0632614627772012,-5.626380398343522,936900000.0,-598000000.0,-4146500000.0,7350800000.0,1828650000.0,1149250000.0,1313750000.0,42.50529661016949,60.918260869565216,69.9391304347826,2.117383177570093,1.4773895169578624,1.2868332711674748,0.1851796294907372,0.1295602445277065,2008-07-29,0.47,bmo,3802971428.0,2025-04-25,2008-06-30,0.0425531914893617,36.9353125,6971551.46875
2008-03-31,CL,USD,21665,2008-04-30,2008-04-30 15:42:37,2008,Q1,3713000000.0,1613200000.0,2099800000.0,0.5655265284,0,0.0,0.0,1348900000.0,0.0,1376100000.0,2989300000.0,0.0,33700000.0,88600000.0,834300000.0,0.2246970105,723700000.0,0.1949097765,-33700000.0,690000000.0,0.1858335578,223500000.0,466500000.0,0.1256396445,0.45,0.43,1018000000,1079000000,https://www.sec.gov/Archives/edgar/data/21665/000119312508097148/0001193125-08-097148-index.htm,https://www.sec.gov/Archives/edgar/data/21665/000119312508097148/d10q.htm,3.6473477406679766,0.4582514734774067,0.5598231827111985,0.4760314341846758,0.630746561886051,2.21237721021611,-0.9830058939096268,2.21237721021611,3.674361493123772,39661280000.0,42725980000.0,21.25470525187567,10.681734446539188,69.5934023512897,81.84333470903839,17.61001687239144,17.61001687239144,11.50713169943442,51.211770346398175,74.97101245832602,88.16751960379695,0.0117621014752927,0.0122184659698325,1.6458573838913062,0.3429237515495772,3.6733788804986216,1.1320890562693842,21.47477744807121,1.2216505894962486,0.0046796270821314,0.3978563772775991,0.0,0.0,0.3009325216940811,0.1496753816459028,0.0229733369243199,0.9627539503386005,0.0072986803124158,4.7760930812287095,0.0652622486307931,0.0617349301925494,-5.828094302554027,477000000.0,-1000700000.0,-4469000000.0,6812200000.0,1732750000.0,1098850000.0,1229000000.0,43.262052248855376,63.09261095958344,71.80138854450782,2.080345136709996,1.4264744893447696,1.2534576534576534,0.2071308054346861,0.0837917485265225,2008-04-30,0.44,bmo,3630488888.0,2025-04-25,2008-03-31,0.0227272727272727,38.35540983606557,5971666.590163934
2007-12-31,CL,USD,21665,2008-02-28,2008-02-28 14:37:24,2007,Q4,3642200000.0,1599000000.0,2043200000.0,0.5609796277,0,0.0,0.0,1301400000.0,0.0,1312000000.0,2911000000.0,0.0,0.0,87500000.0,818700000.0,0.2247817253,675600000.0,0.1854922849,-35000000.0,640600000.0,0.1758827083,225700000.0,407700000.0,0.1119378398,0.4,0.39,1019325724,1059425926,https://www.sec.gov/Archives/edgar/data/21665/000119312508041526/0001193125-08-041526-index.htm,https://www.sec.gov/Archives/edgar/data/21665/000119312508041526/d10k.htm,3.573146359641955,0.3999702846702611,0.5542879834159861,0.3031415696912207,0.4205721389211208,2.350671570023087,-0.7070360170759312,2.2428551994435884,3.449240921933213,39733316721.52,42820516721.52,24.36430998376257,10.909152908000658,70.32445437437168,128.5867855065372,17.37963289367509,17.37963289367509,11.756772478589864,52.30306183158666,75.78852517083185,138.57772401786406,0.010260910330176,0.0077768488889487,1.537879450616744,0.3476958069620253,3.7708562354952977,1.1441173680715844,0.0,1.3617739214268498,0.0050134249148174,0.4885945548197203,0.0,0.0,0.3082278481012658,0.4530973451327433,0.0702871890615562,2.9257142857142857,0.0,4.492682632169961,0.0604101158235958,0.0582828225068618,-5.338014014448634,455800000.0,-720700000.0,-4097400000.0,6587800000.0,1719350000.0,1051400000.0,1169000000.0,41.53066827741475,60.04502814258911,65.90994371482176,2.167073243291486,1.498875140607424,1.3654995730145174,0.1783308546933776,0.2511464137247653,2008-01-31,0.45,bmo,3563021739.0,2025-04-25,2007-12-31,0.0222222222222222,38.2125,5618429.0
2007-09-30,CL,USD,21665,2007-10-30,2007-10-30 16:19:23,2007,Q3,3528200000.0,1544600000.0,1983600000.0,0.5622130265,0,0.0,0.0,1277700000.0,0.0,1314800000.0,2859400000.0,0.0,38500000.0,85300000.0,668800000.0,0.1895584151,668800000.0,0.1895584151,-38500000.0,630300000.0,0.1786463352,210200000.0,413200000.0,0.1171135423,0.41,0.39,1020246914,1073246753,https://www.sec.gov/Archives/edgar/data/21665/000119312507229631/0001193125-07-229631-index.htm,https://www.sec.gov/Archives/edgar/data/21665/000119312507229631/d10q.htm,3.4581824767960043,0.4049999998333736,0.7250205708536943,0.6000508225992046,0.6159293317891869,1.981971199571793,-1.0290646171952058,1.981971199571793,3.5743308310560598,36504434582.92,39484234582.92,22.08641976217328,10.346475421722124,49.35032389201028,59.62828255949036,18.05273457441274,18.05273457441274,11.191042056266651,59.0374320916866,53.378713779802624,64.49564616615484,0.0113191727175342,0.0167705651928229,1.7843825725730675,0.3578250047105725,4.455442583732057,1.039814007555943,17.37142857142857,1.7607712449416806,0.0051007501452199,0.4506292352371733,0.0,0.0,0.3046500788401083,0.1723671758821143,0.0361374071764639,1.4947245017584994,0.0,4.249789706405173,0.0622857683658981,0.0589300740191394,-5.421432718001831,150700000.0,-1049900000.0,-4125800000.0,6054400000.0,1712250000.0,1014700000.0,1151200000.0,44.84439657615781,60.365143079114326,67.99818723294057,2.0069397042093287,1.4909266409266408,1.3235646958011995,0.204342020671579,0.1249697482544897,2007-10-30,0.42,bmo,3446148837.0,2025-04-25,2007-09-30,0.0238095238095238,33.740476190476194,5465130.444444444
2007-06-30,CL,USD,21665,2007-07-26,2007-07-26 13:25:39,2007,Q2,3405400000.0,1497000000.0,1908400000.0,0.5604040641,0,0.0,0.0,1223700000.0,0.0,1250800000.0,2747800000.0,0.0,40400000.0,80100000.0,657600000.0,0.1931050684,657600000.0,0.1931050684,-40400000.0,617200000.0,0.1812415575,201400000.0,409000000.0,0.1201033652,0.4,0.38,1022500000,1076315789,https://www.sec.gov/Archives/edgar/data/21665/000119312507162747/0001193125-07-162747-index.htm,https://www.sec.gov/Archives/edgar/data/21665/000119312507162747/d10q.htm,3.3304645476772614,0.4,0.4020537897310513,0.2975061124694376,0.5348655256723717,1.732322738386308,-1.157359413202934,1.732322738386308,3.698092909535452,33159675000.0,36353675000.0,20.26875,9.737380337111649,80.66084894186329,109.0061637080868,18.72053011912155,18.72053011912155,10.675302460797557,55.28235249391727,88.43024811481392,119.50583497698882,0.0123342584027135,0.009173793168962,2.111951673911816,0.3864326591326983,4.85705596107056,1.0718233642966692,16.277227722772277,0.9886964886964889,0.0059530137131923,0.482640586797066,0.0,0.0,0.3052186847922649,0.2600340549744587,0.0313913196687613,1.33458177278402,0.0,3.9485319608022382,0.0633542093768169,0.0608097057642843,-5.422811735941321,248200000.0,-1183400000.0,-4205400000.0,5977700000.0,1628100000.0,999300000.0,1115400000.0,44.0432841956892,59.723446893787575,68.26052104208416,2.0434443444344432,1.506945842560902,1.3184780694028535,0.2309038559250268,0.1045476772616137,2007-07-25,0.42,bmo,3405400000.0,2025-04-25,2007-06-30,0.0,33.359047619047615,4833621.428571428
2007-03-31,CL,USD,21665,2007-04-26,2007-04-26 15:22:11,2007,Q1,3213900000.0,1401700000.0,1812200000.0,0.5638632191,0,0.0,0.0,1170200000.0,0.0,1161100000.0,2562800000.0,0.0,42700000.0,81000000.0,651100000.0,0.2025887551,651100000.0,0.2025887551,-42700000.0,608400000.0,0.1893027163,121800000.0,479500000.0,0.1491956813,0.47,0.45,1020212766,1077528090,https://www.sec.gov/Archives/edgar/data/21665/000119312507091705/0001193125-07-091705-index.htm,https://www.sec.gov/Archives/edgar/data/21665/000119312507091705/d10q.htm,3.150225234487999,0.4699999999803962,0.4782335766223886,0.3873701772518302,0.4650010427334723,1.3897101146448505,-1.4726339936820592,1.3897101146448505,3.5790573512584336,34064904256.74,37199204256.740005,17.760638298613138,10.599242122262671,69.81943893572453,86.19662008284413,24.0265934946678,24.0265934946678,11.574474705728244,57.13285863421902,76.24350124357451,94.12754113547572,0.0140760706792571,0.0116013829665118,2.5452814219212865,0.3856437548089254,4.813853478728306,0.9145827332477938,15.24824355971897,1.0026715988491577,0.0048965351184569,0.3478623566214807,0.0,0.0,0.312067196717107,0.189997950399672,0.0288434612153458,1.1444444444444444,0.0101745542798469,3.833560285394807,0.0802786547926975,0.0744865939665082,-5.611991136366549,-326200000.0,-1502400000.0,-4447100000.0,5309000000.0,1556450000.0,1022450000.0,1051900000.0,44.51694203304397,64.5416280231148,70.33316686880217,2.0217022079637665,1.394448865897334,1.2796238816870549,0.3382000282127239,0.0908633993705583,2007-04-25,0.39,bmo,3213900000.0,2025-04-25,2007-03-31,0.0,33.40754098360656,3978382.196721312
2006-12-31,CL,USD,21665,2007-02-23,2007-02-23 14:08:28,2006,Q4,3209100000.0,1432500000.0,1776600000.0,0.5536131626,0,0.0,0.0,1145000000.0,0.0,990800000.0,2423300000.0,0.0,0.0,85200000.0,871000000.0,0.2714156617,632700000.0,0.1971580817,-38900000.0,593800000.0,0.185036303,192600000.0,393900000.0,0.1227446948,0.38,0.37,1038054905,1079759387,https://www.sec.gov/Archives/edgar/data/21665/000119312507038190/0001193125-07-038190-index.htm,https://www.sec.gov/Archives/edgar/data/21665/000119312507038190/d10k.htm,3.0914549746287263,0.3794596972690958,0.4350444257088694,0.218678221071553,0.4715550185661903,1.3591766612768907,-1.4469369517597916,1.3591766612768907,3.5366144722373813,33861351001.1,37043051001.1,21.491083397499363,10.55166588797482,74.98084809809565,149.1689471414097,23.999823517683748,23.999823517683748,11.54312766853635,42.529335248105625,82.02624225221435,163.18524670088104,0.0116327313693775,0.0067038081260439,2.60202707491672,0.401750930181659,3.65292766934558,0.9515436280303248,0.0,1.1256231306081754,0.0053276078675697,0.4579842599644579,0.0,0.0,0.3187677828846574,0.4973427812223206,0.0699884702876195,2.636150234741784,0.0,3.406528614223776,0.0645773556890849,0.0632760919503301,-5.386034951590542,-168100000.0,-1502000000.0,-4426100000.0,5440900000.0,1484750000.0,977350000.0,1005000000.0,42.71851921099374,65.3214659685864,63.35497382198953,2.106814600840336,1.377801288833317,1.4205672352241174,0.2791834998936849,0.2163662046373163,2007-01-30,0.38,bmo,3126815384.0,2025-04-25,2006-12-31,0.0263157894736842,32.023968253968256,3826641.301587302
2006-09-30,CL,USD,21665,2006-10-25,2006-10-25 13:59:49,2006,Q3,3143700000.0,1415300000.0,1728400000.0,0.5497980087,0,0.0,0.0,1140300000.0,0.0,1179000000.0,2594300000.0,0.0,41200000.0,81100000.0,549400000.0,0.1747622229,549400000.0,0.1747622229,-41200000.0,508200000.0,0.1616566466,164100000.0,337200000.0,0.1072621433,0.33,0.32,1037538462,1070476190,https://www.sec.gov/Archives/edgar/data/21665/000119312506214534/0001193125-06-214534-index.htm,https://www.sec.gov/Archives/edgar/data/21665/000119312506214534/d10q.htm,3.0299599630649645,0.324999999855427,0.6496144718343945,0.53867882538315,0.4847049226788086,1.575459667152079,-1.2046782319670768,1.575459667152079,3.4881598442371766,32215569245.1,35290569245.100006,23.884615395240218,10.247660160034355,47.797580482344216,57.64102566666667,19.7085337361434,19.7085337361434,11.225806929764293,64.2347456226793,52.35989502240357,63.14290435695116,0.0104669887232021,0.0173487544406811,2.188853542150985,0.390238315973169,5.597014925373134,1.137858715788738,13.33495145631068,1.958732926474862,0.0051993493805941,0.4967378410438908,0.0,0.0,0.3146098053116649,0.1707715133531157,0.0366129083563953,1.4192355117139337,0.0,3.3941933962172484,0.0550347432461368,0.0536600891152132,-5.248456032659346,394400000.0,-1249900000.0,-4278600000.0,5805300000.0,1413500000.0,893700000.0,994150000.0,41.405668479816775,58.18554370098212,63.6925033561789,2.173615432482888,1.546775956284153,1.4130391373801916,0.2062890003670622,0.1109356464512445,2006-10-25,0.36,bmo,3058735135.0,2025-04-25,2006-09-30,0.0277777777777778,30.259682539682537,3621457.142857143
2006-06-30,CL,USD,21665,2006-07-27,2006-07-27 16:58:41,2006,Q2,3014300000.0,1381200000.0,1633100000.0,0.5417841622,0,0.0,0.0,1052300000.0,0.0,1172200000.0,2553400000.0,0.0,41300000.0,82200000.0,460900000.0,0.1529044886,460900000.0,0.1529044886,-41300000.0,419600000.0,0.1392031317,136000000.0,276500000.0,0.0917294231,0.27,0.26,1024074074,1084313725,https://www.sec.gov/Archives/edgar/data/21665/000119312506154959/0001193125-06-154959-index.htm,https://www.sec.gov/Archives/edgar/data/21665/000119312506154959/d10q.htm,2.943439421551062,0.2700000000195298,0.3060325497508884,0.2230307414266206,0.4202820976795864,1.5579927668396378,-1.2054792044271594,1.5579927668396378,3.5687848103847224,30671018516.3,33854018516.3,27.731481479475587,10.17517118943038,97.8654068803446,134.28642082443082,19.22345253293638,19.22345253293638,11.231137748830577,73.45198202712085,108.02175659317166,148.22249788222416,0.0090150250423883,0.0074467693297703,2.2647445941711064,0.4032272463509351,6.906053373833803,1.1726937824223742,11.159806295399516,1.1050775740479548,0.0058133054794135,0.6448462929475588,0.0,0.0,0.315805918850154,0.2712188895979578,0.0281989184885379,1.0340632603406326,0.0,3.076492492959379,0.0460928500853988,0.0450972077244258,-5.279330018465051,459400000.0,-1234500000.0,-4246100000.0,5793900000.0,1350750000.0,861900000.0,968100000.0,41.22449656636698,56.84622067767159,64.29409209383145,2.1831679582820307,1.583218707015131,1.399817573730617,0.1732999059855844,0.0830018083242677,2006-07-25,0.36,bmo,3014300000.0,2025-04-25,2006-06-30,0.0,29.68555555555556,4787215.936507937
2006-03-31,CL,USD,21665,2006-04-28,2006-04-28 17:22:03,2006,Q1,2870600000.0,1307100000.0,1563500000.0,0.544659653,0,0.0,0.0,1017600000.0,0.0,1046000000.0,2353100000.0,0.0,37300000.0,80200000.0,517500000.0,0.1802759005,517500000.0,0.1802759005,-37300000.0,480200000.0,0.1672821013,155700000.0,317100000.0,0.1104647112,0.31,0.3,1022903226,1074915254,https://www.sec.gov/Archives/edgar/data/21665/000119312506093176/0001193125-06-093176-index.htm,https://www.sec.gov/Archives/edgar/data/21665/000119312506093176/d10q.htm,2.8063260795699163,0.3099999999413434,0.3739356669112704,0.3233932512790804,0.3742289497872793,1.2589656257472783,-1.3423557234924588,1.2589656257472783,3.44988647049198,29203887102.3,32312687102.3,23.02419355274361,10.173443566606284,76.35003164,88.28260913633615,22.67734671711446,22.67734671711446,11.256422734724447,62.43997507690821,84.4776133393464,97.6804325946191,0.0108581436056512,0.0113272592391972,2.7112905730703525,0.4015271740380413,6.007342995169082,1.107535763901926,13.873994638069703,1.1787365177195686,0.0051910897843479,0.478082623777988,0.0,0.0,0.3059982980289335,0.1351633986928104,0.0180101720894586,0.6446384039900249,0.0100327457674353,2.963323343465191,0.0553078257964615,0.0525443669323435,-5.435362660592489,286400000.0,-1373100000.0,-4458300000.0,5466900000.0,660400000.0,863750000.0,902650000.0,41.410158155089526,58.622905669038325,65.37755336240532,2.1733797698364627,1.5352360817477098,1.3766192733017375,0.2462338872495729,0.05054241563219,2006-04-26,0.33,bmo,2786170588.0,2025-04-25,2006-03-31,0.0303030303030303,27.70790322580645,4092000.032258065
2005-12-31,CL,USD,21665,2006-02-24,2006-02-24 16:27:11,2005,Q4,2904600000.0,1319900000.0,1584700000.0,0.5455828686,0,0.0,0.0,1010300000.0,0.0,1007700000.0,2327600000.0,0.0,0.0,81900000.0,658900000.0,0.2268470702,577000000.0,0.1986504166,-36700000.0,540300000.0,0.1860152861,179100000.0,353800000.0,0.1218067892,0.34,0.33,1040462281,1088573542,https://www.sec.gov/Archives/edgar/data/21665/000119312506038891/0001193125-06-038891-index.htm,https://www.sec.gov/Archives/edgar/data/21665/000119312506038891/d10k.htm,2.7916437270636627,0.3400411590701384,0.4603722871526181,0.3340822693408143,0.3274506017388245,1.2975962941226509,-1.229069062235424,1.2975962941226509,3.312181578257521,28539880367.83,31645380367.83,20.16667634809921,9.82575238168078,59.58221371154489,82.10552464853279,21.139086266076585,21.139086266076585,10.89491853192522,48.027591998527846,66.065512250167,91.03964432632336,0.012396688263585,0.0121794483901135,2.552551662839789,0.4050969190440925,4.713158294126575,1.0051403572730586,0.0,1.3261351052048729,0.0057498489091416,0.4638213680045223,0.0,0.0,0.3090242268223013,0.274321503131524,0.0452385870687874,1.6043956043956045,0.0,3.1508432723349,0.0613026384459406,0.0601884930761117,-6.139963088195794,14100000.0,-1278800000.0,-4399900000.0,5187100000.0,668600000.0,840450000.0,873100000.0,0.0,59.738616561860745,58.35442078945375,0.0,1.5065631777194384,1.5422996027109137,0.2620546626175838,0.1262900178118038,2006-01-25,0.34,bmo,2821611428.0,2025-04-25,2005-12-31,0.0294117647058822,26.865079365079364,3632657.142857143
2005-09-30,CL,USD,21665,2005-11-04,2005-11-04 16:20:08,2005,Q3,2911800000.0,1334200000.0,1577600000.0,0.541795453,0,0.0,0.0,1007000000.0,0.0,973300000.0,2307500000.0,0.0,36800000.0,82200000.0,604300000.0,0.2075348582,604300000.0,0.2075348582,-36800000.0,567500000.0,0.1948966275,220300000.0,340100000.0,0.1168006044,0.33,0.32,1030606061,1079682540,https://www.sec.gov/Archives/edgar/data/21665/000119312505216935/0001193125-05-216935-index.htm,https://www.sec.gov/Archives/edgar/data/21665/000119312505216935/d10q.htm,2.8253278436715887,0.3299999998738606,0.5598647454490373,0.4641928842683179,0.3651249631065385,1.2640135249505389,-1.3218435749137325,1.2640135249505389,3.49522493250697,27197693949.79,30386793949.79,19.99242425006616,9.340508946284086,47.13638466168111,56.85136695190218,20.877941160505102,20.877941160505102,10.435742135376744,50.28428586759888,52.663421056828426,63.51754588166806,0.0125047366378878,0.0175897265732594,2.7369309894833806,0.4119516112260107,5.277345689227205,1.050427784222738,16.421195652173914,1.661866359447005,0.0055850323295947,0.4466333431343722,0.0,0.0,0.3079180579787172,0.1708838821490468,0.0338622158115255,1.1995133819951338,0.0,3.0635437681172943,0.0573672113458116,0.0567789111671313,-5.36364010380102,139100000.0,-1362300000.0,-4454700000.0,5362600000.0,1326300000.0,810150000.0,903050000.0,41.33113538017721,54.28871233698096,60.06295907660021,2.177535148070595,1.6578031809145128,1.498427672955975,0.2610731557534351,0.0956718611807193,2005-11-01,0.33,bmo,2826158823.0,2025-04-25,2005-09-30,0.0303030303030303,26.1153125,3553546.875
2005-06-30,CL,USD,21665,2005-07-29,2005-07-29 16:30:59,2005,Q2,2837500000.0,1298400000.0,1539100000.0,0.5424140969,0,0.0,0.0,959100000.0,0.0,998000000.0,2296400000.0,0.0,30900000.0,82000000.0,541100000.0,0.1906960352,541100000.0,0.1906960352,-30900000.0,510200000.0,0.1798061674,167300000.0,336200000.0,0.1184845815,0.32,0.31,1050625000,1084516129,https://www.sec.gov/Archives/edgar/data/21665/000119312505152747/0001193125-05-152747-index.htm,https://www.sec.gov/Archives/edgar/data/21665/000119312505152747/d10q.htm,2.700773349196907,0.32,0.288780487804878,0.1948364069006543,0.3732064247471743,1.137323022010708,-1.374705532421178,1.137323022010708,3.73111243307555,26223600000.0,29720600000.0,19.5,9.241797356828194,86.43243243243244,128.10747435271128,21.94627165453176,21.94627165453176,10.47422026431718,54.92626131953429,97.95847066578774,145.19101123595505,0.0128205128205128,0.007805945789289,3.25474935141016,0.4487146944803397,6.462761042321198,1.188301152036346,17.511326860841425,0.8848060659084281,0.0062424686160557,0.4869125520523498,0.0,0.0,0.3045043381945726,0.3253131179960448,0.034784140969163,1.2036585365853658,0.0037004405286343,2.861594967579636,0.0548022244937453,0.0557730590577305,-5.364235574063057,464200000.0,-1444300000.0,-4542900000.0,5652000000.0,1315800000.0,816100000.0,911200000.0,41.72193832599119,56.52726432532348,63.47273567467653,2.157138512999848,1.592152053954629,1.4179316369990171,0.2813624571093815,0.0939440809042236,2005-07-27,0.33,bmo,2754044117.0,2025-04-25,2005-06-30,0.0303030303030303,25.3328125,4101784.375
2005-03-31,CL,USD,21665,2005-04-29,2005-04-29 15:00:18,2005,Q1,2743000000.0,1239400000.0,1503600000.0,0.5481589501,0,0.0,0.0,1011000000.0,0.0,1011000000.0,2250400000.0,0.0,31600000.0,83200000.0,492600000.0,0.1795843966,492600000.0,0.1795843966,-31600000.0,461000000.0,0.1680641633,160900000.0,293100000.0,0.1068538097,0.28,0.27,1046785714,1106037736,https://www.sec.gov/Archives/edgar/data/21665/000119312505090269/0001193125-05-090269-index.htm,https://www.sec.gov/Archives/edgar/data/21665/000119312505090269/d10q.htm,2.620402593686906,0.2800000000764244,0.4060047766375994,0.3482088025515411,0.3954008871771821,0.9696349371462668,-1.585424770135906,0.9696349371462668,3.6190788136797214,27310639278.26,30653539278.26,23.29464285078471,9.956485336587678,64.26032771355294,74.92630803363511,26.907033771684727,26.907033771684727,11.175187487517316,62.22805375205034,72.12597477237647,84.09750144927297,0.0107320812601159,0.0133464470123243,3.70128078817734,0.4322383938330553,6.786236297198538,0.9525689141969717,15.58860759493671,1.4161946017994005,0.0046685102718006,0.4350051177072671,0.0,0.0,0.3077259391359374,0.1423529411764706,0.0220561429092234,0.7271634615384616,0.0,2.4715784644005976,0.0502020862275322,0.0487127923016835,-5.561883317792394,-146600000.0,-1659600000.0,-4732300000.0,5081800000.0,658100000.0,840550000.0,876100000.0,43.18556325191396,59.30530902049378,65.84072938518638,2.084029782707795,1.5175707113995347,1.3669350391529722,0.2887684729064039,0.0577959740860582,2005-04-27,0.31,bmo,2743000000.0,2025-04-25,2005-03-31,0.0,26.04377049180328,4650655.737704918
2004-12-31,CL,USD,21665,2005-02-25,2005-02-25 14:33:44,2004,Q4,2803300000.0,1266200000.0,1537100000.0,0.5483180537,0,0.0,0.0,749300000.0,0.0,1000700000.0,2266900000.0,0.0,0.0,86600000.0,623000000.0,0.2222380766,468300000.0,0.167053116,-32000000.0,436300000.0,0.1556379981,150600000.0,279200000.0,0.0995969036,0.27,0.25,1055066327,1116819813,https://www.sec.gov/Archives/edgar/data/21665/000119312505037145/0001193125-05-037145-index.htm,https://www.sec.gov/Archives/edgar/data/21665/000119312505037145/d10k.htm,2.6569893553241983,0.2646279128193615,0.4964616788495042,0.3549539876463141,0.3029193443304726,1.4277775353548934,-1.1541454492841567,1.1803997228697451,3.4832881174872337,26988596644.66,30344096644.66,24.16600702422994,9.627437892719296,51.52462131473845,72.06567862392524,21.67062521652481,21.67062521652481,10.824420020925338,48.7064151599679,57.93069233421153,81.02562521938584,0.0103451099616638,0.0138762309478621,2.950939457202505,0.423745229392706,5.386035313001605,1.0033690994982971,0.0,1.833391669583479,0.0051429128319446,0.497134670487106,0.0,0.0,0.3140933251853474,0.2850324551355479,0.053258659437092,1.7240184757505774,0.0,2.651084888588142,0.0469766826774343,0.0469338353953738,-6.088858904507527,9200000.0,-1217700000.0,-4426600000.0,5381000000.0,643350000.0,824500000.0,854450000.0,0.0,61.440530721844894,60.09714105196652,0.0,1.464831096714484,1.4975753991720877,0.2241850008029548,0.1415076912031901,2005-01-27,0.29,bmo,2709856666.0,2025-04-25,2004-12-31,0.0344827586206896,23.47984375,6704006.4375
2004-09-30,CL,USD,21665,2004-11-04,2004-11-04 14:14:44,2004,Q3,2695700000.0,1219000000.0,1476700000.0,0.5477983455,0,0.0,0.0,939000000.0,0.0,939000000.0,2158000000.0,0.0,30100000.0,81500000.0,537700000.0,0.1994658159,537700000.0,0.1994658159,-30100000.0,507600000.0,0.188299885,178600000.0,322700000.0,0.1197091665,0.31,0.29,1058032787,1112758621,https://www.sec.gov/Archives/edgar/data/21665/000119312504186112/0001193125-04-186112-index.htm,https://www.sec.gov/Archives/edgar/data/21665/000119312504186112/d10q.htm,2.547841648313683,0.3049999999669197,0.5543306476002431,0.4775844437040116,0.3502726990633419,1.1786969320072689,-1.2596017971983695,1.1786969320072689,3.511044313223159,23900960658.33,27215060658.33,18.51639344463124,8.866328099688392,40.75185107984655,47.30053563888779,19.16523186458985,19.16523186458985,10.09573048125904,50.61383793626557,46.4024904660358,53.85921365194933,0.0135015493566586,0.0211414096371851,2.954614706118194,0.4340251601960045,6.163474056165148,1.0700741022230666,17.86378737541528,1.7826747720364742,0.0053889047323757,0.3991323210412147,0.0,0.0,0.3038776856388994,0.1384484228473998,0.0301220462217605,0.996319018404908,0.0,2.844082926889188,0.0542671804019338,0.0546042167247622,-5.174863262531391,184400000.0,-1332700000.0,-4426600000.0,5293700000.0,1281950000.0,771500000.0,853400000.0,42.95841525392292,57.92780968006563,63.74569319114028,2.0950493510530817,1.5536579148610756,1.4118600880240908,0.2587603239515676,0.0767462038962314,2004-10-20,0.29,bmo,2695700000.0,2025-04-25,2004-09-30,0.0,26.5653125,5059106.5625
2004-06-30,CL,USD,21665,2004-08-06,2004-08-06 15:11:21,2004,Q2,2571700000.0,1148100000.0,1423600000.0,0.5535637905,0,0.0,0.0,838800000.0,0.0,838800000.0,1986900000.0,0.0,29300000.0,79800000.0,584800000.0,0.2273982191,584800000.0,0.2273982191,-29300000.0,555500000.0,0.2160049773,181600000.0,367500000.0,0.1429015826,0.35,0.33,1065217391,1113636364,https://www.sec.gov/Archives/edgar/data/21665/000119312504134219/0001193125-04-134219-index.htm,https://www.sec.gov/Archives/edgar/data/21665/000119312504134219/d10q.htm,2.4142489802816223,0.3450000000985714,0.2560040817057971,0.1862530612777049,0.3917510205200921,0.9682530615011335,-1.4105102044846356,0.9682530615011335,3.7473102051522926,31136304338.93,34681404338.93,21.181159414238092,12.107284807298674,114.17786702944628,156.9370178373488,30.188388926633703,30.188388926633703,13.485789298491271,59.30472698175445,127.17786702944628,174.80546541799396,0.0118029421860612,0.0063719829379988,3.8417684700407215,0.4700132852533688,6.062072503419973,1.0734191594093148,19.959044368600683,0.7293393955603102,0.0044706654484346,0.3787755102040816,0.0,0.0,0.3005669956348453,0.2724605793912724,0.0288913947972158,0.931077694235589,0.0,2.7415441619733203,0.0606560634489805,0.0623251081149834,-5.25911428721689,193900000.0,-1502500000.0,-4564100000.0,5230500000.0,1241000000.0,749300000.0,816050000.0,44.69728195357157,59.45126731120983,66.1144499608048,2.0135452552458504,1.5138449367088609,1.3612757884752194,0.3563118091913903,0.0697510204280921,2004-07-21,0.33,bmo,2571700000.0,2025-04-25,2004-06-30,0.0,28.485,3386080.64516129
2004-03-31,CL,USD,21665,2004-05-05,2004-05-05 16:55:45,2004,Q1,2513500000.0,1113900000.0,1399600000.0,0.5568331013,0,0.0,0.0,868300000.0,0.0,868300000.0,1982200000.0,0.0,28300000.0,79900000.0,611200000.0,0.2431668987,531300000.0,0.2113785558,-28300000.0,503000000.0,0.2001193555,164500000.0,331900000.0,0.1320469465,0.31,0.3,1070645161,1125084746,https://www.sec.gov/Archives/edgar/data/21665/000119312504079364/0001193125-04-079364-index.htm,https://www.sec.gov/Archives/edgar/data/21665/000119312504079364/d10q.htm,2.347649895183153,0.3100000000840615,0.3468002411304972,0.3063573366302264,0.2535854173631295,0.7541247365708684,-1.006402531155698,0.7541247365708684,2.935986743791018,29496274185.55,32339874185.55,22.217741929459173,11.73513991865924,79.44054453420415,89.92766519984755,36.5324178666708,36.5324178666708,12.866470732265764,52.91209781667211,87.09904170630217,98.5971773949695,0.011252268605592,0.0111200485165236,3.8581867723557095,0.4152857580888136,4.652486910994765,1.0087305332704106,18.773851590106005,1.0968980797636632,0.0043869947501163,0.3898764688159084,0.0,0.0,0.2512831451387129,0.1166172906005925,0.0172269743385717,0.541927409261577,0.0,2.2934733569431645,0.066382880194188,0.059096898258609,-4.786132872644628,22200000.0,-1077500000.0,-4128700000.0,4402300000.0,602400000.0,746900000.0,753500000.0,43.13984483787547,59.80608672232696,63.724750875303,2.086238379814077,1.504863550391786,1.4123240775960442,0.4110725786475105,0.0404429045002707,2004-04-21,0.29,bmo,2429716666.0,2025-04-25,2004-03-31,0.0344827586206896,26.83870967741936,5376112.967741936
2003-12-31,CL,USD,21665,2004-03-12,2004-03-12 15:27:47,2003,Q4,2572600000.0,1163600000.0,1409000000.0,0.547694939,0,0.0,0.0,861300000.0,0.0,787000000.0,1950600000.0,0.0,0.0,84900000.0,706900000.0,0.2747803778,562700000.0,0.218728135,-28400000.0,534300000.0,0.2076887196,162200000.0,365400000.0,0.142035295,0.34,0.33,1074778846,1123508961,https://www.sec.gov/Archives/edgar/data/21665/000119312504040431/0001193125-04-040431-index.htm,https://www.sec.gov/Archives/edgar/data/21665/000119312504040431/d10k.htm,2.393608703385292,0.3399769183771225,0.4540468970115923,0.3470481405436965,0.246841479051589,0.8253791031536547,-0.9396351665819817,0.8253791031536547,2.887012534297684,26901714515.38,29739314515.38,18.405661272153804,10.457014116217056,55.12646417086066,72.12255902246649,30.32545881566904,30.32545881566904,11.560022745619218,42.07004458251521,60.94121826922132,79.73006572487935,0.0135827774022022,0.0138652872770154,3.497801826175177,0.4148927635449537,4.014146272457207,1.0208963768708597,0.0,1.3114754098360657,0.005218998213654,0.3842364532019704,0.0,0.0,0.2536503182328716,0.235655737704918,0.0447018580424473,1.3545347467608952,0.0,2.512711979041507,0.0718858415290243,0.0654627539503386,-5.5520724307221805,51100000.0,-1009900000.0,-4095200000.0,4490300000.0,597700000.0,720700000.0,745550000.0,0.0,58.28807150223445,55.5577518047439,0.0,1.5440552016985138,1.619935959905332,0.4119039567128846,0.1069987564678957,2004-02-03,0.32,bmo,2494642424.0,2025-04-25,2003-12-31,0.03125,26.72359375,6007015.84375
2003-09-30,CL,USD,21665,2003-11-07,2003-11-07 14:53:24,2003,Q3,2523800000.0,1136500000.0,1387300000.0,0.54968698,0,0.0,0.0,852000000.0,0.0,852000000.0,1988500000.0,0.0,30400000.0,77000000.0,612300000.0,0.2426103495,535300000.0,0.2121008004,-30400000.0,504900000.0,0.2000554719,139500000.0,358600000.0,0.1420873286,0.34,0.32,1070447761,1138412698,https://www.sec.gov/Archives/edgar/data/21665/000119312503075116/0001193125-03-075116-index.htm,https://www.sec.gov/Archives/edgar/data/21665/000119312503075116/d10q.htm,2.357704964175267,0.3350000000607223,0.5132431679681004,0.4516801450902376,0.2392456776786139,0.7821026214468396,-0.97473229242431,0.7821026214468396,3.05115309592394,29919014919.95,32898614919.95,20.85820895144311,11.85474875978683,54.45761725509647,61.88007222326784,35.73699823214285,35.73699823214285,13.035349441298836,53.72956870806794,59.88098820522388,68.04263685615305,0.0119856887320473,0.0161602914164664,3.8649068322981366,0.4369025114771807,4.86624203821656,1.022981854255363,17.60855263157895,1.5035577449370552,0.0043250087058754,0.3608477412158394,0.0,0.0,0.2539292465568458,0.1199490353112486,0.0261114192883746,0.8558441558441559,0.0048339805055868,2.4279823949576125,0.070558366817681,0.0649002787128533,-4.6987346634283815,55600000.0,-1043400000.0,-4093900000.0,4438600000.0,1195700000.0,686000000.0,771850000.0,42.6285759568904,54.467223933128025,61.1984161900572,2.111259829345826,1.6523698749636522,1.4706262939958592,0.4283325370281892,0.0615630228778627,2003-10-23,0.32,bmo,2523800000.0,2025-04-25,2003-09-30,0.0,27.87359375,3273784.375
2003-06-30,CL,USD,21665,2003-08-13,2003-08-13 16:14:58,2003,Q2,2458600000.0,1105800000.0,1352800000.0,0.5502318393,0,0.0,0.0,795300000.0,0.0,795300000.0,1901100000.0,0.0,31300000.0,77900000.0,557500000.0,0.2267550639,557500000.0,0.2267550639,-31300000.0,526200000.0,0.2140242414,166400000.0,354500000.0,0.1441877491,0.33,0.31,1074242424,1143548387,https://www.sec.gov/Archives/edgar/data/21665/000119312503035970/0001193125-03-035970-index.htm,https://www.sec.gov/Archives/edgar/data/21665/000119312503035970/d10q.htm,2.288682652138489,0.3300000000744711,0.3380987306827867,0.2701438646589887,0.2040507757865276,0.6642820875970171,-1.080575458635955,0.6642820875970171,3.2493596622283465,31131545447.52,34371645447.520004,21.95454544959097,12.662305965801677,85.71460750969163,107.276173147898,43.6260446293722,43.6260446293722,13.980169790742702,61.653175690618845,94.63558768590308,118.44123172818747,0.0113871635636463,0.0093217344602825,4.847673766816143,0.4657923438404675,5.811838565022422,1.0505719446116797,17.81150159744409,1.009449694274597,0.00448419755567,0.3937940761636107,0.0,0.0,0.2523866589467731,0.2009911894273127,0.0296916944602619,0.9370988446726572,0.0042707231757911,2.2208769667680657,0.068502374648357,0.0638474145849467,-4.851279267667426,117600000.0,-1160800000.0,-4270100000.0,4509500000.0,1176550000.0,690050000.0,754000000.0,43.781013584967056,55.68638090070537,62.74281063483451,2.055685618729097,1.6161940952937737,1.4344272927746788,0.4967769058295964,0.067954866023798,2003-07-22,0.31,bmo,2458600000.0,2025-04-25,2003-06-30,0.0,28.953492063492064,3678171.4285714286
2003-03-31,CL,USD,21665,2003-05-12,2003-05-12 17:27:00,2003,Q1,2348400000.0,1050200000.0,1298200000.0,0.5528019077,0,0.0,0.0,787700000.0,0.0,787700000.0,1837900000.0,0.0,0.0,75700000.0,586200000.0,0.2496167603,510500000.0,0.2173820474,-34000000.0,476500000.0,0.2029041049,152500000.0,317100000.0,0.1350281042,0.3,0.28,1074915254,1132500000,https://www.sec.gov/Archives/edgar/data/21665/000119312503004433/0001193125-03-004433-index.htm,https://www.sec.gov/Archives/edgar/data/21665/000119312503004433/d10q.htm,2.18473036945106,0.2950000000651214,0.3415152949350554,0.296674550680439,0.1914569536846483,0.3127688427054362,-1.378434248175624,0.3127688427054362,3.345380007045653,29259193213.88,32649393213.88,23.067796605077262,12.459203378419348,79.70360450525743,91.75037069263092,87.02912913111243,87.02912913111243,13.902824567313914,55.69667897284203,88.93869031293924,102.38128947594856,0.0108376193998942,0.0108991385260998,10.696014277215944,0.4960957978092321,5.7833503923575575,1.0154641377248066,0.0,1.1330246913580246,0.003328868273572,0.3071586250394197,0.0,0.0,0.2507932566288662,0.1312993734677199,0.0205246125021291,0.6367239101717305,0.0,1.440834200703055,0.0650241786575496,0.0583902627653893,-5.088982577597694,36200000.0,-1481700000.0,-4535300000.0,4318500000.0,578550000.0,712100000.0,704400000.0,44.34466019417476,59.63721195962674,63.16796800609408,2.0295566502463056,1.5091248742635437,1.4247727581060914,0.9431885782272456,0.0448407442546163,2003-04-17,0.27,bmo,2264528571.0,2025-04-25,2003-03-31,0.037037037037037,25.97311475409836,3253891.8032786883
2002-12-31,CL,USD,21665,2003-03-24,2003-03-24 15:48:28,2002,Q4,2420400000.0,1099700000.0,1320700000.0,0.545653611,0,0.0,0.0,777200000.0,0.0,800200000.0,1899900000.0,0.0,0.0,77800000.0,598300000.0,0.247190547,520500000.0,0.2150470997,-32100000.0,488400000.0,0.201784829,147500000.0,335600000.0,0.1386547678,0.31,0.3,1082189594,1135618721,https://www.sec.gov/Archives/edgar/data/21665/000095013003002310/0000950130-03-002310-index.htm,https://www.sec.gov/Archives/edgar/data/21665/000095013003002310/d10k.htm,2.236576671425654,0.310112019059019,0.3305335793129055,0.2106839700400963,0.155148414779527,0.3236955908116041,-1.3315596527534157,0.3236955908116041,3.3301928053837857,28364189258.74,31800189258.74,21.129461605140047,11.718802370988268,79.29602812060386,124.4043388541228,80.97113690762204,80.97113690762204,13.138402437093044,53.15090967531339,88.90184304931508,139.4745142927193,0.0118318206432285,0.0080383048470086,10.28803882386526,0.5085082966474771,5.7429383252548885,1.0369525759761715,0.0,1.049281314168378,0.0037935157962198,0.3206197854588796,0.0,0.0,0.2527514392143583,0.362594352809617,0.0535861841018013,1.667095115681234,0.0,1.5028614698665654,0.0681419441969745,0.0633697766196491,-5.759757841471168,79400000.0,-1441000000.0,-4508800000.0,4362000000.0,564500000.0,691050000.0,680650000.0,0.0,59.60443757388379,54.97226516322634,0.0,1.509954689001785,1.6371892213785917,0.9580359691692836,0.1198496092728091,2003-02-04,0.29,bmo,2339720000.0,2025-04-25,2002-12-31,0.0344827586206896,26.87828125,3912259.40625
2002-09-30,CL,USD,21665,2002-11-06,2002-11-06 16:36:52,2002,Q3,2381700000.0,1079100000.0,1302600000.0,0.546920267,0,0.0,0.0,788500000.0,0.0,788500000.0,1867600000.0,0.0,0.0,73500000.0,514100000.0,0.2158542218,514100000.0,0.2158542218,-38700000.0,475400000.0,0.1996053239,144700000.0,325200000.0,0.1365411261,0.3,0.28,1084000000,1141052632,https://www.sec.gov/Archives/edgar/data/21665/000095013002007541/0000950130-02-007541-index.htm,https://www.sec.gov/Archives/edgar/data/21665/000095013002007541/d10q.htm,2.197140221402214,0.3,0.5114391143911439,0.4261992619926199,0.1851476014760147,0.2983394833948339,-1.3226937269372694,0.2983394833948339,3.36079335793358,29246320000.0,32688720000.0,22.48333333333333,12.279598606037704,52.75310245310246,63.30372294372295,90.4338899196042,90.4338899196042,13.724952764831842,63.58436101925695,58.96233766233766,70.7548051948052,0.0111193476649369,0.015796859228785,11.264996907854051,0.5258288469032808,6.695973546002723,0.974944345017242,0.0,1.6764439068642274,0.003350848927318,0.3013530135301353,0.0,0.0,0.2536264307261521,0.1666666666666666,0.0387958181131124,1.2571428571428571,0.0,1.4190812213947197,0.0686622911689498,0.0628879735452805,-4.808717712177121,-57400000.0,-1433800000.0,-4371400000.0,4112700000.0,1146800000.0,658650000.0,701550000.0,42.662803879581816,54.52877397831527,57.51459549624687,2.109565987599645,1.6505047415111656,1.5648201856148491,1.0055658627087198,0.0852398523985239,2002-10-17,0.28,bmo,2381700000.0,2025-04-25,2002-09-30,0.0,26.24625,4497196.875
2002-06-30,CL,USD,21665,2002-08-02,2002-08-02 10:58:29,2002,Q2,2297000000.0,1053000000.0,1244000000.0,0.5415759687,0,0.0,0.0,726200000.0,0.0,726200000.0,1779200000.0,0.0,0.0,73500000.0,591300000.0,0.2574227253,517800000.0,0.2254244667,-37100000.0,480700000.0,0.2092729647,153700000.0,321600000.0,0.140008707,0.3,0.28,1090169492,1169454545,https://www.sec.gov/Archives/edgar/data/21665/000095013002005479/0000950130-02-005479-index.htm,https://www.sec.gov/Archives/edgar/data/21665/000095013002005479/d10q.txt,2.1070118150031667,0.2949999998715796,0.3439832088054799,0.278580534704598,0.2269371889559353,0.4335105719505862,-1.2516402357735397,0.4335105719505862,3.461571826851306,28169979673.28,31696279673.28,21.89830509427861,12.263813527766652,75.11994579541333,92.7559422893645,59.60638949064749,59.60638949064749,13.798989844701785,53.60439653860984,84.52341246208,104.36707169338162,0.0114164086637608,0.0107809804452243,7.984976724502751,0.5289590984272938,5.963639438525283,1.0876043732988885,0.0,1.146788990825688,0.0038374184594295,0.3361318407960199,0.0,0.0,0.2575060973900367,0.1901333333333333,0.0310404875925119,0.9700680272108844,0.0,1.6962978571198528,0.0645537561092477,0.060712465311208,-4.755223878526955,189900000.0,-1364500000.0,-4304000000.0,4483700000.0,1156550000.0,658950000.0,711250000.0,45.63082281236395,56.70940170940171,60.98290598290598,1.9723510218100635,1.5870384325546345,1.4758234057463209,0.6804909013965298,0.0654026741008819,2002-07-23,0.27,bmo,2214964285.0,2025-04-25,2002-06-30,0.037037037037037,27.239375,4963656.25
2002-03-31,CL,USD,21665,2002-04-30,2002-04-30 17:07:39,2002,Q1,2195200000.0,992400000.0,1202800000.0,0.5479227405,0,0.0,0.0,742100000.0,0.0,742100000.0,1734500000.0,0.0,0.0,71700000.0,532400000.0,0.2425291545,460700000.0,0.2098669825,-34900000.0,425800000.0,0.1939686589,136100000.0,284000000.0,0.1293731778,0.26,0.25,1092307692,1159183673,https://www.sec.gov/Archives/edgar/data/21665/000095013002003134/0000950130-02-003134-index.htm,https://www.sec.gov/Archives/edgar/data/21665/000095013002003134/d10q.txt,2.0096901414111805,0.2600000000732394,0.2967112676892144,0.2506619719015949,0.1691830986392065,0.5886619719968061,-1.1286197186277802,0.5886619719968061,3.1385845079263617,30912307683.6,34155807683.6,27.21153845387324,14.08177281505102,95.3789191101512,112.90105070708547,48.0751285903577,48.0751285903577,15.559314724672012,64.15440962359129,105.386632778772,124.7472888371074,0.0091872791545314,0.008857313494756,5.331726283048211,0.4861044153929047,6.092223891810669,1.014415211143047,0.0,1.1187435277873663,0.0032252525764323,0.351056338028169,0.0,0.0,0.2659728327141763,0.1551990126504165,0.0229136297376093,0.701534170153417,0.0,1.855713484660648,0.0594873481779887,0.0548601452634832,-4.58563556467201,32600000.0,-1232800000.0,-4115500000.0,4386800000.0,1136700000.0,666250000.0,693000000.0,47.08682580174927,59.34703748488513,64.29866989117292,1.9113626469307792,1.5165036674816623,1.3997179125528914,0.4416796267496112,0.0460492957876195,2002-04-18,0.25,bmo,2195200000.0,2025-04-25,2002-03-31,0.0,28.018166666666666,3460603.333333333
2001-12-31,CL,USD,21665,2002-03-20,2002-03-20 00:00:00,2001,Q4,2414400000.0,1081100000.0,1333300000.0,0.5522282969,0,0.0,0.0,790500000.0,0.0,858500000.0,1939600000.0,0.0,0.0,86000000.0,560800000.0,0.2322730285,474800000.0,0.1966534129,-62600000.0,412200000.0,0.1707256461,116900000.0,289500000.0,0.1199055666,0.27,0.25,1095649505,1101481481,https://www.sec.gov/Archives/edgar/data/21665/000095013002001698/0000950130-02-001698-index.htm,https://www.sec.gov/Archives/edgar/data/21665/000095013002001698/d10k.txt,2.203624415455744,0.2642268341096909,0.4579931791234643,0.3295761996442466,0.1576233998298571,0.7725098182744125,-0.9652721925886326,0.7725098182744125,2.956328629929879,31642357704.4,34708757704.399994,27.325006653195164,13.105681620444004,63.0577076612196,87.62768680254777,37.38463811956522,37.38463811956522,14.375728008780646,61.89150803209699,69.16850877720206,96.11951732040984,0.0091491286049061,0.0114119182702301,3.826913988657845,0.4637355400297789,5.467902995720399,1.0376265599246528,0.0,1.6992888587876736,0.0034447496301719,0.3765112262521589,0.0,0.0,0.272591913870118,0.2803905938620964,0.0582753479125248,1.636046511627907,0.0,2.143047136912594,0.0643193835282047,0.0569792158715162,-4.365926309618512,79900000.0,-1057600000.0,-3935000000.0,4497400000.0,1135900000.0,672000000.0,701200000.0,41.93215705765408,56.45083711035057,56.359263712885024,2.146324117699351,1.5943076242442118,1.5968980797636632,0.3420368620037807,0.1284169794792176,2002-02-05,0.26,bmo,2328500000.0,2025-04-25,2001-12-31,0.0,28.8928125,2747131.25
2001-09-30,CL,USD,21665,2001-11-09,2001-11-09 00:00:00,2001,Q3,2391200000.0,1072000000.0,1319200000.0,0.5516895283,0,0.0,0.0,843800000.0,0.0,843800000.0,1915800000.0,0.0,0.0,83000000.0,558400000.0,0.2335229174,475400000.0,0.1988123118,-43500000.0,431900000.0,0.1806206089,135700000.0,290400000.0,0.1214452994,0.26,0.25,1109000000,1207600000,https://www.sec.gov/Archives/edgar/data/21665/000095013001505209/0000950130-01-505209-index.htm,https://www.sec.gov/Archives/edgar/data/21665/000095013001505209/d10q.txt,2.156176735798016,0.2618575293056808,0.4291253381424706,0.3595130748422002,0.263570784490532,0.7288548241659153,-1.0114517583408476,0.7288548241659153,3.197655545536519,31828300000.0,35084900000.0,27.40039600550964,13.31059718969555,66.88022693843244,79.83019814396789,39.37684028207348,39.37684028207348,14.672507527601203,62.83112464183381,73.72326118932548,87.99824429395535,0.0091239557249366,0.0125265879735958,4.3872324631943584,0.4978660077497613,5.832020057306591,1.1154042395287351,0.0,1.6066846725185686,0.0031607091801949,0.3464187327823691,0.0,0.0,0.2709608580895153,0.1622189535616726,0.0322850451656072,0.9301204819277108,0.0,2.072260306590075,0.060045047725316,0.0559235865043906,-4.327614968440036,248800000.0,-1121700000.0,-3909800000.0,4632400000.0,1160600000.0,682450000.0,718300000.0,43.167029106724655,55.90578358208955,60.90111940298507,2.084924579300724,1.609851329028383,1.4778053487730909,0.359272547321539,0.0696122633002705,2001-10-18,0.25,bmo,2304900000.0,2025-04-25,2001-09-30,0.0,27.73542372881356,3782203.389830508
2001-06-30,CL,USD,21665,2001-08-13,2001-08-13 00:00:00,2001,Q2,2329600000.0,1051000000.0,1278600000.0,0.5488495879,0,0.0,0.0,809000000.0,0.0,809000000.0,1860000000.0,0.0,0.0,83700000.0,553300000.0,0.2375085852,469600000.0,0.2015796703,-42900000.0,426700000.0,0.1831644918,139500000.0,282200000.0,0.1211366758,0.25,0.24,1121200000,1221400000,https://www.sec.gov/Archives/edgar/data/21665/000095013001503792/0000950130-01-503792-index.htm,https://www.sec.gov/Archives/edgar/data/21665/000095013001503792/d10q.txt,2.07777381377096,0.2516946129147342,0.2476810560114163,0.1805208704958972,0.2274348911880128,0.9588833392793435,-0.8106493043168034,0.9588833392793435,3.0312165536924724,33075400000.0,36222900000.0,29.301381998582563,14.19788804945055,119.10478934101548,163.41600790513834,30.764952097479306,30.764952097479306,15.548978365384617,65.46701608530634,130.4389629096147,178.9668972332016,0.0085320207767706,0.0061193515422338,3.1611943075062783,0.4756479874601131,5.688595698536056,1.1494280496010767,0.0,0.9669220055710308,0.0029417633649177,0.3447909284195606,0.0,0.0,0.2776689245927335,0.2711559236586244,0.0323231456043956,0.899641577060932,0.0,2.33029608536808,0.0574159503461816,0.0546772068511198,-4.083816446664288,310900000.0,-908900000.0,-3678600000.0,4750700000.0,1155350000.0,684200000.0,705950000.0,45.3670157967033,59.857278782112274,60.90199809705042,1.98382014817338,1.503576537911302,1.4777840269966254,0.2624872104920472,0.067160185515519,2001-07-23,0.24,bmo,2238700000.0,2025-04-25,2001-06-30,0.0,28.273492063492064,3253142.8571428573
2001-03-31,CL,USD,21665,2001-05-14,2001-05-14 00:00:00,2001,Q1,2292600000.0,1032800000.0,1259800000.0,0.5495071098,0,0.0,0.0,818300000.0,0.0,818300000.0,1851100000.0,0.0,0.0,83500000.0,525000000.0,0.2289976446,441500000.0,0.1925761145,-43600000.0,397900000.0,0.1735584053,130000000.0,262800000.0,0.1146296781,0.24,0.22,1129200000,1231000000,https://www.sec.gov/Archives/edgar/data/21665/000095013001501611/0000950130-01-501611-index.htm,https://www.sec.gov/Archives/edgar/data/21665/000095013001501611/d10q.txt,2.03028692879915,0.232731137088204,0.3048175699610344,0.263195182430039,0.2035954658165072,1.0124867162592983,-0.779667020899752,1.0124867162592983,2.7389302160821822,31199796000.0,34064696000.0,29.680171232876717,13.608913896885632,90.6443811737362,104.97912516823688,27.28924691681973,27.28924691681973,14.85854313879438,64.88513523809524,98.96773968622894,114.61876177658142,0.0084231319974015,0.0095257033090857,2.705151753695443,0.4358143336245526,5.456952380952381,0.9896659355491816,0.0,1.2848077640910789,0.0028782239473617,0.3417047184170472,0.0,0.0,0.2851647267705662,0.136548518303312,0.0205007415161825,0.562874251497006,0.0,2.302571748532255,0.056211038704684,0.0518046876540046,-4.00349805171803,-24500000.0,-880400000.0,-3607000000.0,4451400000.0,1165900000.0,704150000.0,693650000.0,44.611358283171946,58.33268783888458,61.06022463206816,2.0174234424498416,1.5428742157155662,1.4739546168117597,0.2298609288900551,0.0416223875309954,2001-04-19,0.22,bmo,2212200000.0,2025-04-25,2001-03-31,0.0,28.74903225806452,3699035.483870968
2000-12-31,CL,USD,21665,2001-03-28,2001-03-28 00:00:00,2000,Q4,2412900000.0,1106100000.0,1306800000.0,0.5415889593,0,0.0,0.0,798200000.0,0.0,870300000.0,1976400000.0,0.0,0.0,85500000.0,522000000.0,0.2163371876,436500000.0,0.1809026483,-19900000.0,416600000.0,0.172655311,129900000.0,281600000.0,0.1167060384,0.25,0.23,1149023104,1224028463,https://www.sec.gov/Archives/edgar/data/21665/000095013001500364/0000950130-01-500364-index.htm,https://www.sec.gov/Archives/edgar/data/21665/000095013001500364/d10k405.txt,2.099957774217219,0.2450777525879932,0.3954663734942618,0.2824138164588203,0.1849397103158684,1.277694064539889,-0.5468123293715772,1.277694064539889,2.591940918883385,37090465797.12,39862065797.12,32.92832545909091,15.371737658883502,81.6251448,114.30035684782744,25.26426387652068,25.26426387652068,16.52039694853496,76.36411072245211,87.72461663098592,122.84149706354393,0.0075922476018585,0.0087488790724541,2.028608405421974,0.4106559298429463,5.309578544061303,1.045942694175839,0.0,1.5849319846529473,0.0026718456581824,0.3519176136363636,0.0,0.0,0.2890669167022875,0.2858714788732394,0.0538356334700982,1.5192982456140351,0.0,2.654340552986791,0.0551234027337024,0.0546170406718516,-3.770028631208446,103100000.0,-628300000.0,-3437000000.0,4727800000.0,1193500000.0,709650000.0,715650000.0,44.58784035807535,60.12205044751831,55.86655817737999,2.018487535552953,1.496954933008526,1.6109816487037576,0.191812546829235,0.1130525570354414,2001-02-01,0.23,bmo,2412900000.0,2025-04-25,2000-12-31,0.0,28.25952380952381,3675819.047619048
2000-09-30,CL,USD,21665,2000-11-09,2000-11-09 00:00:00,2000,Q3,2366500000.0,1073000000.0,1293500000.0,0.5465877879,0,0.0,0.0,851900000.0,0.0,851900000.0,1924900000.0,0.0,0.0,0.0,441600000.0,0.1866046905,441600000.0,0.1866046905,-48300000.0,393300000.0,0.1661948025,118000000.0,270100000.0,0.1141347982,0.24,0.22,1149361702,1227727273,https://www.sec.gov/Archives/edgar/data/21665/000095013000005910/0000950130-00-005910-index.htm,https://www.sec.gov/Archives/edgar/data/21665/000095013000005910/0000950130-00-005910-0001.txt,2.0589689006359464,0.2350000000261014,0.3694224361757966,0.3002536098075068,0.1918456127573319,1.3701517957834304,-0.4739152166390872,1.3701517957834304,2.560290633383224,27124936167.2,29856736167.2,25.10638297593484,11.4620478204944,63.8835048685822,78.6002207105187,17.22436891490983,17.22436891490983,12.616410803803085,67.61036269746377,70.31732493452661,86.51618709707331,0.00995762711975,0.0127226105850638,1.8686182372364744,0.4066131461497008,6.186141304347826,1.2352694924123495,0.0,1.542317471848892,0.0033695931830624,0.3383931877082562,0.0,0.0,0.2928659269596938,0.1872350447479981,0.0335939150644411,0.0,0.0,2.6915938811435787,0.0553214804348679,0.0527786462404252,-3.63310348059605,449600000.0,-544700000.0,-3301700000.0,5069400000.0,1190850000.0,702500000.0,747850000.0,45.31755757447708,57.06989748369059,62.46318732525629,1.985985229942934,1.577013521457966,1.4408486638915,0.171513843027686,0.0691688263682897,2000-10-24,0.21,bmo,2258931818.0,2025-04-25,2000-09-30,0.0476190476190476,26.36079365079365,4876193.650793651
2000-06-30,CL,USD,21665,2000-08-10,2000-08-10 00:00:00,2000,Q2,2336700000.0,1065800000.0,1270900000.0,0.5438866778,0,0.0,0.0,832800000.0,0.0,832800000.0,1898600000.0,0.0,0.0,0.0,438100000.0,0.1874866264,438100000.0,0.1874866264,-44200000.0,393900000.0,0.1685710618,132000000.0,256800000.0,0.1098985749,0.23,0.21,1141333333,1222857143,https://www.sec.gov/Archives/edgar/data/21665/000094018000000960/0000940180-00-000960-index.htm,https://www.sec.gov/Archives/edgar/data/21665/000094018000000960/0000940180-00-000960-0001.txt,2.047342290317565,0.2250000000657126,0.2835280374659836,0.2046728972560376,0.2091413552012679,1.4369158882701274,-0.4285338786298288,1.4369158882701274,2.5642815428049888,34171519990.02,36874019990.02,33.26666665695094,14.623837030864038,105.59802221885045,146.28219173809933,20.836292676841463,20.836292676841463,15.780382586562247,84.16804380283041,113.9493819221879,157.85111297097603,0.007515030062315,0.0068361021127601,1.7845731707317074,0.3976440537492697,6.168682949098379,1.164789279471742,0.0,1.235586101565483,0.0029293399892435,0.3897975077881619,0.0,0.0,0.2892759609244439,0.2781211372064276,0.0385158556939273,0.0,0.0,2.697107095851414,0.0511489435831851,0.0490919518256547,-3.6915814847230086,339400000.0,-489100000.0,-3321100000.0,4986900000.0,1163400000.0,698850000.0,763600000.0,45.83771986134292,61.18784012009758,63.41715143554138,1.9634484497101083,1.4708804857852609,1.419174434087883,0.1565853658536585,0.078855140209946,2000-07-20,0.2,bmo,2225428571.0,2025-04-25,2000-06-30,0.0499999999999999,28.647619047619045,3462120.634920635
2000-03-31,CL,USD,21665,2000-05-08,2000-05-08 00:00:00,2000,Q1,2241800000.0,1020600000.0,1221200000.0,0.5447408333,0,0.0,0.0,816700000.0,0.0,816700000.0,1837300000.0,0.0,0.0,84500000.0,489000000.0,0.2181282898,404500000.0,0.1804353644,-41100000.0,363400000.0,0.1621018824,123500000.0,234600000.0,0.1046480507,0.21,0.19,1156400000,1264400000,https://www.sec.gov/Archives/edgar/data/21665/000095013000002645/0000950130-00-002645-index.html,https://www.sec.gov/Archives/edgar/data/21665/000095013000002645/,1.938602559667935,0.2028709789000345,0.2884814942926323,0.2303701141473538,0.2269111034244206,1.428917329643722,-0.4439640262884815,1.428917329643722,2.424507090971982,32598916000.0,35196216000.0,34.73882779198636,14.54140244446427,97.7185731414868,122.3683033033033,19.72822319051077,19.72822319051077,15.699980372914622,71.97590184049079,105.50424460431654,132.11792792792792,0.0071965583150065,0.0081720508743296,1.6967441297506658,0.3796993499458288,5.311451942740287,1.0604263853163012,0.0,1.3905794080867029,0.002816044558046,0.391304347826087,0.0,0.0,0.2933098591549296,0.2014388489208633,0.0299759122133999,0.7952662721893491,0.0,2.55390520423547,0.0476112280278119,0.0449580315051167,-3.6566715669318577,138600000.0,-513400000.0,-3299300000.0,4829900000.0,1118750000.0,718950000.0,779950000.0,45.63431171380141,59.35626102292769,68.44797178130511,1.9722002287322955,1.5162680136681028,1.3148673022416903,0.1419753086419753,0.0581113801452784,2000-04-19,0.19,bmo,2241800000.0,2025-04-25,2000-03-31,0.0,27.764761904761905,4529752.444444444
1999-12-31,CL,USD,21665,2000-03-27,2000-03-27 00:00:00,1999,Q4,2343900000.0,750300000.0,1593600000.0,0.6798924869,0,0.0,0.0,769900000.0,0.0,1110100000.0,1860400000.0,0.0,0.0,0.0,483500000.0,0.2062801314,483500000.0,0.2062801314,-111300000.0,372200000.0,0.1587951704,111600000.0,255300000.0,0.1089210291,0.22,0.21,1159310073,1245157233,https://www.sec.gov/Archives/edgar/data/21665/000095013000001590/0000950130-00-001590-index.html,https://www.sec.gov/Archives/edgar/data/21665/000095013000001590/,2.021805946992751,0.2202171842942315,0.2834444448064414,0.1180012174361569,0.2028792861183049,1.5817166112038086,-0.3033700889787749,1.5817166112038086,2.4061724856590634,37677577372.5,40267477372.5,36.895394998531145,16.074737562396006,114.66091714090078,275.4208872258772,20.5472963802694,20.5472963802694,17.179690845385895,83.28330376938986,122.54253613055388,294.3529047697368,0.0067759133628994,0.0036308066903432,1.5212412063041938,0.3757863965189745,5.356566701137539,1.0357598416538376,0.0,1.2609363008442056,0.002693909934721,0.3975714845280063,0.0,0.0,0.2944053023669356,0.5836883749239197,0.0818294295831733,0.0,0.0,2.7995046911178987,0.0594346609724155,0.0487427687725528,-3.568286083545485,81300000.0,-351700000.0,-3234600000.0,4817800000.0,1127850000.0,754450000.0,787400000.0,42.26801484704979,91.73930427828869,94.00639744102358,2.129269622093023,0.9810407949790796,0.9573816511420188,0.1392267001145225,0.1654432273702843,2000-02-03,0.2,bmo,2226705000.0,2025-04-25,1999-12-31,0.0499999999999999,28.5459375,2551321.875
1999-09-30,CL,USD,21665,1999-11-12,1999-11-12 00:00:00,1999,Q3,2314000000.0,1060400000.0,1253600000.0,0.5417458946,0,0.0,0.0,852000000.0,0.0,852000000.0,1912400000.0,0.0,0.0,0.0,401600000.0,0.1735522904,401600000.0,0.1735522904,-43800000.0,357800000.0,0.1546240277,118100000.0,234400000.0,0.1012964564,0.2,0.19,1172000000,1233684211,https://www.sec.gov/Archives/edgar/data/21665/000095013099006432/0000950130-99-006432-index.html,https://www.sec.gov/Archives/edgar/data/21665/000095013099006432/,1.9744027303754264,0.2,0.3520477815699658,0.3011945392491467,0.2323378839590443,1.4492320819112627,-0.4148464163822525,1.4492320819112627,2.396928327645051,26815360000.0,29362060000.0,28.6,11.588314606741571,64.99117789626757,75.9641926345609,15.787671474830733,15.787671474830733,12.688876404494382,73.11269920318725,71.16349975763451,83.1786402266289,0.0087412587412587,0.013164096995155,1.6539299381807475,0.3775197548782454,6.341384462151394,1.0292623020242229,0.0,1.7213183145598665,0.0034681615313014,0.3967576791808874,0.0,0.0,0.2935951190668172,0.1444498303441589,0.0257562662057044,0.0,0.0,2.5537314597664107,0.0471847659931464,0.0445924093978883,-3.591019624573379,69100000.0,-486200000.0,-3312200000.0,4731500000.0,1164000000.0,719150000.0,767050000.0,44.91832324978392,63.15447001131648,67.1435307431158,2.0036366785003032,1.425077274559871,1.340412084439388,0.1380041212834854,0.0508532423208191,1999-10-21,0.19,bmo,2314000000.0,2025-04-25,1999-09-30,0.0,25.28890625,2571943.75
1999-06-30,CL,USD,21665,1999-08-12,1999-08-12 00:00:00,1999,Q2,2285000000.0,1063700000.0,1221300000.0,0.5344857768,0,0.0,0.0,831500000.0,0.0,831500000.0,1895200000.0,0.0,0.0,-10300000.0,379500000.0,0.166083151,389800000.0,0.1705908096,-44200000.0,345600000.0,0.1512472648,117500000.0,223000000.0,0.0975929978,0.19,0.18,1173684211,1238888889,https://www.sec.gov/Archives/edgar/data/21665/000095013099004770/0000950130-99-004770-index.html,https://www.sec.gov/Archives/edgar/data/21665/000095013099004770/,1.9468609857613568,0.1899999999233184,0.1955381165130115,0.1077802690147972,0.1687847532951092,1.50082959580684,-0.3843452913247037,1.50082959580684,2.4239910304118424,28907842116.93,31554742116.93,32.407894749921525,12.651134405658643,125.96009637006534,228.5204910429249,16.410923711001985,16.410923711001985,13.809515149641138,83.14820057162055,137.4934297033987,249.44460171486168,0.0077141697086203,0.004375975193455,1.6151007663922794,0.3837127751402676,6.974703557312253,1.019812126387703,0.0,1.0061376589215256,0.0031375569173626,0.4067264573991031,0.0,0.0,0.2984192921881743,0.4488017429193899,0.0450765864332603,0.0,0.0,2.5329916145705664,0.0444454541891809,0.0428697758468222,-3.581436097209286,46400000.0,-451100000.0,-3264500000.0,4745800000.0,1135400000.0,697900000.0,742700000.0,46.205251641137856,58.73648585127386,62.86546958728965,1.947830534481289,1.5322673581100548,1.431628532974428,0.1265966505818904,0.0877578474982143,1999-07-21,0.17,bmo,2158055555.0,2025-04-25,1999-06-30,0.0588235294117645,24.5331746031746,3814184.126984127
1999-03-31,CL,USD,21665,1999-05-14,1999-05-14 00:00:00,1999,Q1,2175300000.0,1009400000.0,1165900000.0,0.5359720498,0,0.0,0.0,801000000.0,0.0,801000000.0,1810400000.0,0.0,0.0,-8100000.0,356800000.0,0.1640233531,364900000.0,0.1677469774,-45900000.0,319000000.0,0.1466464396,110100000.0,208900000.0,0.0960327311,0.18,0.17,1193714286,1266060606,https://www.sec.gov/Archives/edgar/data/21665/000095013099002988/0000950130-99-002988-index.html,https://www.sec.gov/Archives/edgar/data/21665/,1.822295356193802,0.1749999999581139,0.2697462900263891,0.2173887026765465,0.158329344145924,1.402932024556503,-0.5141096217055745,1.402932024556503,2.373180947253906,27455428578.0,30099328578.0,32.85714286500718,12.621444664184253,85.26530614285714,105.8012661965318,16.394236924822355,16.394236924822355,13.836863227141084,84.35910475896861,93.47617570807454,115.98970550289016,0.0076086956503527,0.0094516827250672,1.6915865528154297,0.3831971648090033,7.4100336322869955,1.046427092440068,0.0,1.5414073719483006,0.0029429516924294,0.3867879368118717,0.0,0.0,0.309544421599394,0.1940993788819875,0.0287316691950535,0.0,0.0,2.3503286675205777,0.0419577934187333,0.0409254760598699,-3.631208113060984,100900000.0,-613700000.0,-3443900000.0,4876200000.0,1091650000.0,713850000.0,744200000.0,45.41580471659081,62.55597384584902,66.1937784822667,1.9816889860617657,1.4387115165336375,1.3596443965517242,0.1247387591807488,0.0523575873498426,1999-04-21,0.16,bmo,1933600000.0,2025-04-25,1999-03-31,0.1249999999999999,21.497213114754096,5227455.737704918
1998-12-31,CL,USD,21665,1999-03-30,1999-03-30 00:00:00,1998,Q4,2290200000.0,767300000.0,1522900000.0,0.6649637586,0,0.0,0.0,766200000.0,0.0,1096500000.0,1863800000.0,0.0,0.0,21300000.0,426400000.0,0.1861846127,426400000.0,0.1861846127,-100100000.0,326300000.0,0.1424766396,92100000.0,229000000.0,0.0999912671,0.19,0.18,1207949580,1272049100,https://www.sec.gov/Archives/edgar/data/21665/000095013099001795/0000950130-99-001795-index.html,https://www.sec.gov/Archives/edgar/data/21665/,1.895940060677036,0.1895774490852507,0.2842006038033475,0.1399065017266697,0.150420185584236,1.7265621301842748,-0.3630118402789626,1.7265621301842748,2.2827939556881174,28048589247.6,30624389247.6,30.62073061965065,12.247222621430442,81.70285245441305,165.96798371360947,13.448690663406213,13.448690663406213,13.371927887346082,71.82080029924953,89.20591100378677,181.20940383195264,0.0081644034920435,0.0060252584722941,1.3221614883007289,0.3588065372404101,6.040806754221388,1.0617196367763904,0.0,1.4658411614005125,0.0031766303543278,0.3890829694323144,0.0,0.0,0.3284364753031801,0.5077191960384503,0.0761068902279276,0.0,0.0,2.7137866528836523,0.0507732991256104,0.0443703861579895,-3.5023812831658088,130500000.0,-438500000.0,-3354700000.0,5243800000.0,1096300000.0,732250000.0,760650000.0,42.66177626408174,85.16747035057995,87.50162908901342,2.109616801768607,1.056741495661755,1.0285522788203754,0.1098005370157269,0.1442941020766777,1999-02-04,0.18,bmo,2290200000.0,2025-04-25,1998-12-31,0.0,21.51375,3988556.25
1998-09-30,CL,USD,21665,1998-11-13,1998-11-13 00:00:00,1998,Q3,2265400000.0,1072800000.0,1192600000.0,0.5264412466,0,0.0,0.0,825100000.0,0.0,825100000.0,1897900000.0,0.0,0.0,-5800000.0,361700000.0,0.1596627527,367500000.0,0.162223007,-46700000.0,320800000.0,0.141608546,105900000.0,209700000.0,0.0925664342,0.18,0.17,1165000000,1270909091,https://www.sec.gov/Archives/edgar/data/21665/000095013098005508/0000950130-98-005508-index.html,https://www.sec.gov/Archives/edgar/data/21665/,1.944549356223176,0.18,0.3043776824034335,0.2353648068669528,0.1802575107296137,1.782489270386266,-0.3946781115879828,1.782489270386266,2.388412017167382,20026350000.0,22598850000.0,23.875000000000004,8.84009446455372,56.4758883248731,73.0355579868709,9.64381681594915,9.64381681594915,9.975655513375122,62.47954105612386,63.73054145516075,82.41739606126914,0.0104712041884816,0.0136919608415912,1.3399306558798034,0.3613964905900536,7.11224771910423,1.0618486324125065,0.0,1.6500697999069334,0.0040896119362739,0.3905579399141631,0.0,0.0,0.3294325458158534,0.2267343485617597,0.0354904211176834,0.0,0.0,2.68683485630665,0.0415640316312039,0.0406167076642971,-3.60068669527897,135900000.0,-459800000.0,-3289500000.0,5170800000.0,1120950000.0,715900000.0,745850000.0,43.978988258144255,61.94630872483221,65.04194630872483,2.04643179765131,1.4528710725893823,1.3837224300270865,0.1009823750361167,0.0690128755364806,1998-10-15,0.17,bmo,2265400000.0,2025-04-25,1998-09-30,0.0,20.885,4265987.5
1998-06-30,CL,USD,21665,1998-08-12,1998-08-12 00:00:00,1998,Q2,2256500000.0,1083900000.0,1172600000.0,0.5196543319,0,0.0,0.0,824700000.0,0.0,824700000.0,1908600000.0,0.0,0.0,-6900000.0,341000000.0,0.1511189896,347900000.0,0.1541768225,-44100000.0,303800000.0,0.1346332816,100300000.0,198400000.0,0.0879237758,0.17,0.16,1167058824,1280000000,https://www.sec.gov/Archives/edgar/data/21665/000104746998030810/0001047469-98-030810-index.html,https://www.sec.gov/Archives/edgar/data/21665/,1.9334929427687528,0.1699999999314516,0.2382056450652396,0.1697429434799423,0.1508921370359306,1.8995614911695315,-0.2770211692431366,1.8995614911695315,2.333472781317148,25675294128.0,28222494128.0,32.35294118951613,11.378370985154,92.35717312230216,129.60774420999496,11.581620338310254,11.581620338310254,12.507198815865278,82.76391239882697,101.51976305035971,142.4658966582534,0.0077272727241568,0.0077155883399973,1.228427082863458,0.3573462451941371,7.469794721407625,1.2334455667789002,0.0,1.366093366093366,0.0035364736056121,0.4576612903225806,0.0,0.0,0.3333202115235733,0.287410071942446,0.0354088189674274,0.0,0.0,2.695519003975615,0.0389497622604745,0.0390497372409313,-3.443292589337382,436800000.0,-323300000.0,-3096100000.0,5430500000.0,1110300000.0,692850000.0,732250000.0,45.265233769111454,57.57542208690838,59.4851923609189,1.988280905806679,1.5631670031727718,1.5129815745393635,0.0894943389417655,0.0684627015852973,1998-07-23,0.16,bmo,2123764705.0,2025-04-25,1998-06-30,0.0625,21.944126984126985,2779936.507936508
1998-03-31,CL,USD,21665,1998-05-13,1998-05-13 00:00:00,1998,Q1,2159500000.0,1036000000.0,1123500000.0,0.5202593193,0,0.0,0.0,781100000.0,0.0,781100000.0,1817100000.0,0.0,0.0,-7100000.0,335300000.0,0.155267423,342400000.0,0.1585552211,-43200000.0,299200000.0,0.1385505904,103200000.0,190700000.0,0.0883074786,0.17,0.17,1155757576,1155757576,https://www.sec.gov/Archives/edgar/data/21665/000104746998019854/0001047469-98-019854-index.html,https://www.sec.gov/Archives/edgar/data/21665/,1.868471420688312,0.1649999999653906,0.1755558468430926,0.108413738834103,0.1524541163812366,1.8351599366890068,-0.3813948609582811,1.8351599366890068,2.393148924511138,25068381823.44,27658081823.44,32.86363637052963,11.60841945980088,123.5504279124692,200.0668940418197,11.819133344384726,11.819133344384726,12.807632240537162,82.48756881431555,136.31385817368164,220.73489084948127,0.0076071922528995,0.004998328208119,1.304054691183404,0.3627933210036858,7.723531166119892,1.1423439604849572,0.0,1.035204081632653,0.003342856375422,0.4394336654431043,0.0,0.0,0.3360222458321856,0.3824544110399211,0.0359342440379717,0.0,0.0,2.6101783968780525,0.037729094237282,0.0376721123644337,-3.580660067418844,285300000.0,-440800000.0,-3213300000.0,5299600000.0,1061550000.0,704600000.0,738250000.0,45.24797406807132,60.14189189189189,64.98938223938224,1.9890393294648616,1.4964610717896865,1.384841598716749,0.0899104196133899,0.0671421080089895,1998-04-22,0.15,bmo,2159500000.0,2025-04-25,1998-03-31,0.0,19.54377049180328,3570616.393442623
1997-12-31,CL,USD,21665,1998-03-24,1998-03-24 00:00:00,1997,Q4,2311500000.0,811800000.0,1499700000.0,0.6487994809,0,0.0,0.0,775700000.0,0.0,1095600000.0,1907400000.0,0.0,0.0,61200000.0,404100000.0,0.1748215445,404100000.0,0.1748215445,-116600000.0,287500000.0,0.1243781095,81100000.0,201100000.0,0.0869997837,0.17,0.16,1183539493,1300682063,https://www.sec.gov/Archives/edgar/data/21665/000094018098000317/0000940180-98-000317-index.html,https://www.sec.gov/Archives/edgar/data/21665/,1.9530400241574364,0.1699140596400867,0.2848236176264208,0.1511567641452586,0.1547054416713072,1.8407497281546144,-0.3436302737723683,1.8407497281546144,2.261859461245709,21753455881.34,24247355881.34,27.043082895748384,9.410969448989832,64.53116547416197,121.59561700022358,9.985061911934269,9.985061911934269,10.489879247821762,60.00335531140807,71.92926692773658,135.53580705053102,0.0092445081414628,0.0082239806390238,1.228770770219407,0.3551010121108414,6.171492204899777,1.12094922174024,0.0,1.633236434108527,0.004187840336585,0.4530084535057185,0.0,0.0,0.3429371111730139,0.4692969445268466,0.0684404066623404,0.0,0.0,2.6527925530604675,0.0490388040483384,0.0405983768724512,-3.409053963862953,237000000.0,-406700000.0,-3163600000.0,5263300000.0,1056300000.0,717400000.0,767700000.0,40.3919532770928,79.4789356984479,80.75388026607538,2.2281665702718336,1.1323755056493234,1.114497528830313,0.0923069861378867,0.1336668534811622,1998-02-03,0.17,bmo,2447470588.0,2025-04-25,1997-12-31,-0.0588235294117647,17.2015625,4015281.25
1997-09-30,CL,USD,21665,1997-11-13,1997-11-13 00:00:00,1997,Q3,2297200000.0,1130500000.0,1166700000.0,0.5078791572,0,0.0,0.0,832600000.0,0.0,832600000.0,1963100000.0,0.0,0.0,-13300000.0,320800000.0,0.1396482675,334100000.0,0.1454379244,-46600000.0,287500000.0,0.1251523594,98900000.0,183400000.0,0.0798363225,0.16,0.14,1183225806,1264827586,https://www.sec.gov/Archives/edgar/data/21665/000104746997004344/0001047469-97-004344-index.html,https://www.sec.gov/Archives/edgar/data/21665/,1.941472192671227,0.1550000000591603,0.2821946565962575,0.1784950927616938,0.1921864777178465,1.822137405275625,-0.3924863687430427,1.822137405275625,2.423628681404874,20611793540.52,23252093540.52,28.09677418282443,8.972572497179176,61.73043887547171,97.59371941534091,9.560201085584415,9.560201085584415,10.12192823459864,72.48158834326684,69.63789619802336,110.09513986988637,0.0088978186027072,0.0102465610081339,1.3301020408163264,0.3685468635539962,8.230361596009976,1.1490205562273277,0.0,1.7704135737009543,0.0039686017540973,0.446019629225736,0.0,0.0,0.3367647247818431,0.3674752920035939,0.0534128504266063,0.0,0.0,2.520853863936623,0.0358436528963464,0.0355378146375491,-3.5393075258874127,308100000.0,-464400000.0,-3249500000.0,5352300000.0,1107900000.0,734350000.0,811750000.0,42.12432526554066,57.15258735072976,64.24590888987173,2.136532738095238,1.574731856804569,1.4008674101610905,0.085064935064935,0.1036995638345636,1997-10-16,0.15,bmo,2153625000.0,2025-04-25,1997-09-30,0.0666666666666667,17.1946875,4166593.75
1997-06-30,CL,USD,21665,1997-08-14,1997-08-14 00:00:00,1997,Q2,2300900000.0,1132800000.0,1168100000.0,0.5076709114,0,0.0,0.0,854600000.0,0.0,854600000.0,1987400000.0,0.0,0.0,-11700000.0,301800000.0,0.1311660655,313500000.0,0.1362510322,-47000000.0,266500000.0,0.1158242427,90700000.0,170600000.0,0.0741448998,0.14,0.14,1176551724,1263703704,https://www.sec.gov/Archives/edgar/data/21665/000091205797027943/0000912057-97-027943-index.html,https://www.sec.gov/Archives/edgar/data/21665/,1.9556301291858889,0.1450000000169988,0.2310140680223932,0.1387104337794502,0.1991412661429239,1.8541471280016584,-0.3925879250167161,1.8541471280016584,2.526110785759216,19189558618.44,21927358618.44,28.12068965187573,8.340022868634012,70.60176092141279,117.58307976985292,8.79649718929177,8.79649718929177,9.529905088634882,72.65526381192842,80.67460860353201,134.35881506397058,0.008890251380564,0.0085046250018056,1.362411184964474,0.374169100614362,9.071570576540756,1.223002720751917,0.0,1.546075085324232,0.0047317398907105,0.5322391559202814,0.0,0.0,0.3327877933326619,0.3995584988962472,0.0471989221608935,0.0,0.0,2.459502999757181,0.0329295448520329,0.0321898939582625,-3.6238950766264826,450800000.0,-461900000.0,-3289400000.0,5527100000.0,1123700000.0,724850000.0,808150000.0,44.6147159807032,59.65042372881357,64.87023305084746,2.0172716114325797,1.5087906233351092,1.387385180649112,0.0782030712812285,0.0923036342429429,1997-07-24,0.14,bmo,2300900000.0,2025-04-25,1997-06-30,0.0,14.52421875,3378268.75
1997-03-31,CL,USD,21665,1997-05-14,1997-05-14 00:00:00,1997,Q1,2147100000.0,1066500000.0,1080600000.0,0.5032834987,0,0.0,0.0,774100000.0,0.0,774100000.0,1840600000.0,0.0,0.0,-11900000.0,294600000.0,0.1372083275,306500000.0,0.142750687,-45700000.0,260800000.0,0.1214661637,91200000.0,164200000.0,0.0764752457,0.14,0.13,1172857143,1263076923,https://www.sec.gov/Archives/edgar/data/21665/000094018097000460/0000940180-97-000460-index.html,https://www.sec.gov/Archives/edgar/data/21665/,1.8306577342471797,0.1399999999829476,0.1321559074138665,0.0562728379955818,0.1426431181312249,1.720669914528542,-0.556760048653257,1.720669914528542,2.5513763699693817,14602071430.349998,17427171430.35,22.23214285985079,6.800834348819337,94.20691245387096,221.24350652045453,7.235553951910212,7.235553951910212,8.11660911478273,59.1553680595723,112.4333640667742,264.048051975,0.011244979918309,0.0045199066663117,1.482780833457212,0.382029644193083,9.589613034623218,1.1587518951435418,0.0,0.9139150943396226,0.0047732953733626,0.4244823386114494,0.0,0.0,0.3410103537642507,0.5741935483870968,0.0414512598388524,0.0,0.0,2.3281130191862944,0.0323260218954099,0.0318106087023906,-3.766443361295196,324600000.0,-653000000.0,-3445500000.0,5395600000.0,1085600000.0,725300000.0,785250000.0,46.39374039401984,58.9789029535865,67.49367088607595,1.9399168774846405,1.5259693804550007,1.3334583645911475,0.081363658887072,0.0758830694182846,1997-04-16,0.14,bmo,2147100000.0,2025-04-25,1997-03-31,0.0,12.64344262295082,3852275.4098360655
1996-12-31,CL,USD,21665,1997-03-18,1997-03-18 00:00:00,1996,Q4,2297400000.0,842300000.0,1455100000.0,0.6333681553,0,0.0,0.0,738700000.0,0.0,1055000000.0,1897300000.0,0.0,0.0,117700000.0,400100000.0,0.1741533908,400100000.0,0.1741533908,-140600000.0,259500000.0,0.1129537738,77800000.0,181700000.0,0.0790894054,0.15,0.14,1048647619,1123551020,https://www.sec.gov/Archives/edgar/data/21665/000094018097000241/0000940180-97-000241-index.html,https://www.sec.gov/Archives/edgar/data/21665/,2.190821738756077,0.1732707886880731,0.3210802121699186,0.1886238965465099,0.2366857994077036,1.93973644067369,-0.6544619828102618,1.93973644067369,2.927103389532418,12090907047.07,14912207047.07,16.63581046652449,5.262865433564029,35.91002983982774,61.12693148164813,5.944106507580749,5.944106507580749,6.49090582705232,37.27119981772057,44.28929921909712,75.39032885273002,0.015027822089165,0.0163594012616227,1.5090211887321174,0.388470543567677,7.051487128217945,1.2457595967022004,0.0,1.85305448541552,0.0065255650128515,0.434232250963126,0.0,0.0,0.3442890590394229,0.4125334125334125,0.0604596500391747,0.0,0.0,2.7499531661024403,0.0446101196768685,0.0350697728281639,-4.229781214999354,468000000.0,-686300000.0,-3495100000.0,5617300000.0,1105400000.0,723500000.0,781750000.0,41.69757116740663,80.3193636471566,82.34951917369109,2.158399098083428,1.1205268059066116,1.092902556117815,0.0893269750749717,0.1324563156234086,1997-02-04,0.15,bmo,2297400000.0,2025-04-25,1996-12-31,0.0,11.408125,2658662.5
1996-09-30,CL,USD,21665,1996-10-25,1996-10-25 00:00:00,1996,Q3,2230600000.0,1135800000.0,1094800000.0,0.4908096476,0,0.0,0.0,799100000.0,0.0,799100000.0,1934900000.0,0.0,0.0,-9400000.0,286300000.0,0.1283511163,295700000.0,0.1325652291,-50400000.0,245300000.0,0.1099704115,84400000.0,160900000.0,0.0721330584,0.14,0.13,1191851852,1287200000,https://www.sec.gov/Archives/edgar/data/21665/000091205796023694/0000912057-96-023694-index.html,https://www.sec.gov/Archives/edgar/data/21665/,1.871541329786011,0.1349999999832194,0.2653014294263143,0.1841671845638076,0.1868520820153074,1.6050652577246656,-0.6882566810828767,1.6050652577246656,2.7490832811996166,12943511112.72,15997311112.72,20.11111111361093,5.802703807370214,40.93457024895636,58.96815996683371,6.766080038013591,6.766080038013591,7.171752493822289,55.876043006356966,50.59238176065781,72.88068844063781,0.0124309392249741,0.0169583042876434,1.7127548353371669,0.4136524889848376,10.666433810688089,1.2961079398028024,0.0,1.9651957737725296,0.005377211746788,0.4325668116842759,0.0,0.0,0.3450744233609817,0.3058191018342821,0.0433515646014525,0.0,0.0,2.208027563173218,0.0304526389855337,0.0310162695658878,-3.799968924325672,570600000.0,-820300000.0,-3510300000.0,5610900000.0,1155550000.0,733600000.0,805300000.0,46.25481933112167,55.09508716323296,62.82091917591125,1.9457431960921143,1.6335394793614266,1.432643794147326,0.0841087297438578,0.0811342448625066,1996-10-17,0.13,bmo,,2025-04-25,1996-09-30,0.0,10.3528125,2767400.0
1996-06-30,CL,USD,21665,1996-08-14,1996-08-14 00:00:00,1996,Q2,2167300000.0,1106300000.0,1061000000.0,0.4895492087,0,0.0,0.0,780500000.0,0.0,780500000.0,1886800000.0,0.0,0.0,-5200000.0,275300000.0,0.1270244082,280500000.0,0.1294237069,-53100000.0,227400000.0,0.1049231763,78500000.0,143600000.0,0.0662575555,0.13,0.12,1148800000,1248695652,https://www.sec.gov/Archives/edgar/data/21665/000095011296002836/0000950112-96-002836-index.html,https://www.sec.gov/Archives/edgar/data/21665/,1.8865772980501392,0.125,0.0779073816155988,-0.0230675487465181,0.1652158774373259,1.5922701949860725,-0.8047527855153204,1.5922701949860725,2.9016364902506964,12154304000.0,15297904000.0,21.16,5.60803949614728,135.80227932960892,-458.65298113207547,6.644600918434288,6.644600918434288,7.058507820790846,55.56812204867418,170.92630167597764,-577.2793962264151,0.0118147448015122,-0.0021802976130924,1.822326700196807,0.4223770907247846,11.418815837268436,1.3209282655812231,0.0,0.6010745466756212,0.0064750725339764,0.5480501392757661,0.0,0.0,0.3489229599594526,1.2960893854748603,0.0535228164075116,0.0,0.0,2.1161899544696663,0.0288647868281125,0.0279469863573555,-3.9959740598885793,607100000.0,-924500000.0,-3564000000.0,5618700000.0,1134900000.0,760250000.0,814100000.0,48.36570848521201,62.7958058392841,66.52987435596131,1.8608225294067144,1.4332167379194196,1.3527757397896796,0.0785042641591952,0.100974930362117,1996-07-24,0.12,bmo,,2025-04-25,1996-06-30,0.0,9.911904761904765,2915301.587301587
1996-03-31,CL,USD,21665,1996-05-10,1996-05-10 00:00:00,1996,Q1,2053700000.0,1050400000.0,1003300000.0,0.4885328919,0,0.0,0.0,733800000.0,0.0,733800000.0,1784200000.0,0.0,0.0,-9300000.0,260200000.0,0.1266981546,269500000.0,0.1312265667,-47100000.0,222400000.0,0.1082923504,78900000.0,138100000.0,0.0672444856,0.12,0.11,1150833333,1255454545,https://www.sec.gov/Archives/edgar/data/21665/000095011296001407/0000950112-96-001407-index.html,https://www.sec.gov/Archives/edgar/data/21665/,1.7845329476566352,0.1200000000347574,0.1520637219846672,0.0587400434637914,0.1797827661635866,1.4745836354741737,-0.9458363507446303,1.4745836354741737,2.825952209363056,11278166663.400002,14323466663.400002,20.41666666075308,5.491632986025223,64.446666648,166.83678496153848,6.645943820506777,6.645943820506777,6.97446884325851,55.047911850115305,81.8483809337143,211.8856015295858,0.0122448979627303,0.0059938819861011,1.9164407778432528,0.4168632075471698,11.70368946963874,1.2662790088532665,0.0,1.2195121951219512,0.0061180156367008,0.499637943519189,0.0,0.0,0.3570421452009844,0.6137142857142858,0.0522958562594341,0.0,0.0,1.9953385218888184,0.0280858146121924,0.0275313490560395,-4.052433020724818,508300000.0,-1088500000.0,-3687400000.0,5492600000.0,1111000000.0,743650000.0,792600000.0,48.429176608073234,64.14127951256664,69.43640517897943,1.8583838566645552,1.4031525514293348,1.2961500493583415,0.0813789039481437,0.0933236785208758,1996-04-17,0.12,bmo,,2025-04-25,1996-03-31,0.0,9.504285714285714,3660660.3174603176
1995-12-31,CL,USD,21665,1996-03-25,1996-03-25 00:00:00,1995,Q4,2152800000.0,822000000.0,1330800000.0,0.6181716834,0,0.0,0.0,694100000.0,0.0,994400000.0,1816400000.0,0.0,0.0,91800000.0,336400000.0,0.1562616128,336400000.0,0.1562616128,-155600000.0,180800000.0,0.0839836492,58300000.0,122500000.0,0.0569026384,0.1,0.1,1031292308,1031292308,https://www.sec.gov/Archives/edgar/data/21665/000095011296000868/0000950112-96-000868-index.html,https://www.sec.gov/Archives/edgar/data/21665/,2.087477995617902,0.1187830056034898,0.2874063907010155,0.1571814302720466,0.2024644209796627,1.628830145410141,-1.0296789685742522,1.628830145410141,3.1352895536189727,9054746464.24,12079346464.24,18.479074416816324,4.206032359829059,30.549077139811065,55.85901581887723,5.390371749160615,5.390371749160615,5.610993340876997,35.90768865707491,40.75353058110661,74.51786837902529,0.0135288161279601,0.0179022130150394,1.924872008572449,0.4230925245017861,8.991082045184305,1.3463008385146311,0.0,2.419591836734694,0.0086915741164935,0.6424489795918368,0.0,0.0,0.358753254910171,0.4531039136302294,0.0623838721664808,0.0,0.0,2.0864419849377995,0.0371783977026314,0.0249969391503081,-4.3912137857233,607100000.0,-1061900000.0,-3602300000.0,5504000000.0,1161000000.0,740050000.0,810700000.0,46.69314381270903,80.87956204379562,84.83211678832116,1.927477840451249,1.11276566941925,1.060918946824987,0.0729253482557447,0.1302249604289689,1996-02-08,0.1,bmo,,2025-04-25,1995-12-31,0.0,8.811904761904762,3607022.222222222
1995-09-30,CL,USD,21665,1995-11-03,1995-11-03 00:00:00,1995,Q3,2134400000.0,1109700000.0,1024700000.0,0.480088081,0,0.0,0.0,785800000.0,0.0,785800000.0,1895500000.0,0.0,0.0,452000000.0,238900000.0,0.1119284108,238900000.0,0.1119284108,-513800000.0,-274900000.0,-0.1287949775,-24700000.0,-250200000.0,-0.1172226387,-0.22,-0.22,1137272727,1137272727,https://www.sec.gov/Archives/edgar/data/21665/000095014695000667/0000950146-95-000667-index.html,https://www.sec.gov/Archives/edgar/data/21665/,1.8767705839832385,-0.2200000000527578,0.2593924860733955,0.1628457234603147,0.1969624301031884,1.4576099124198905,-0.9300319746434929,1.4576099124198905,2.91882494074792,9473481815.91,12568981815.91,-9.465909088639089,4.43847536352605,32.113497681050845,51.15270958914687,5.714834901315075,5.714834901315075,5.888765843286169,52.61189542030138,42.606718020033895,67.86707244011879,-0.0264105642320237,0.0195493065378529,2.002473306388369,0.430818548753423,12.957304311427375,1.400358384013901,0.0,-1.1790567545963229,0.0072412658126172,-0.2741806554756195,0.0,0.0,0.3524159323045774,0.3722033898305085,0.0514430284857571,0.0,0.0,,0.0352274890680665,-0.0501432951880874,-3.9535591536259536,737300000.0,-1057700000.0,-3468500000.0,5493700000.0,1208600000.0,746650000.0,852700000.0,50.814748875562216,60.12976480129765,68.661800486618,1.7711393245373828,1.4967628810358782,1.310772501771793,-0.1509320142365928,0.0965467626130807,1995-10-19,0.1,bmo,,2025-04-25,1995-09-30,0.0,8.620158730158732,5753739.682539683
1995-06-30,CL,USD,21665,1995-08-14,1995-08-14 00:00:00,1995,Q2,2090700000.0,1110600000.0,980100000.0,0.4687903573,0,0.0,0.0,714500000.0,0.0,714500000.0,1825100000.0,0.0,0.0,-8800000.0,256800000.0,0.1228296743,265600000.0,0.1270387908,-48700000.0,216900000.0,0.1037451571,73700000.0,143200000.0,0.0684938059,0.12,0.11,1193333333,1301818182,https://www.sec.gov/Archives/edgar/data/21665/000095011295002138/0000950112-95-002138-index.html,https://www.sec.gov/Archives/edgar/data/21665/,1.7519832407128444,0.1200000000335195,0.0676256983429122,-0.0204469273800131,0.1386033519940233,1.664245810520739,-0.5793854750221747,1.664245810520739,2.786480447705721,10907066663.62,14066866663.62,19.041666661347765,5.21694488143684,135.15572073878562,-447.0109288368853,5.491977172014099,5.491977172014099,6.728304713072177,54.77751816051402,174.31061541040893,-576.5109288368852,0.0131291028483062,-0.0022370817702421,1.6743202416918428,0.4250706277883595,12.304517133956386,1.456598207193918,0.0,0.5635474860335196,0.0063720156980257,0.4853351955307262,0.0,0.0,0.3422603448937067,1.302354399008674,0.0502702444157459,0.0,0.0,2.119779160587526,0.0273125959100762,0.0278312246127533,-3.630858939561693,804800000.0,-691400000.0,-3269300000.0,5677600000.0,1190300000.0,736150000.0,840000000.0,52.17821782178218,60.93192868719611,69.59481361426256,1.7248576850094877,1.4770581194307757,1.293199813693526,0.0721047331319234,0.0880726257229253,1995-07-20,0.12,bmo,,2025-04-25,1995-06-30,0.0,9.035079365079364,3315771.4285714286
1995-03-31,CL,USD,21665,1995-05-10,1995-05-10 00:00:00,1995,Q1,1980300000.0,1010500000.0,969800000.0,0.4897237792,0,0.0,0.0,685200000.0,0.0,685200000.0,1695700000.0,0.0,0.0,0.0,284600000.0,0.1437155986,284600000.0,0.1437155986,-43800000.0,240800000.0,0.1215977377,84300000.0,156500000.0,0.07902843,0.14,0.13,1159259259,1252000000,https://www.sec.gov/Archives/edgar/data/21665/000095014695000203/0000950146-95-000203-index.html,https://www.sec.gov/Archives/edgar/data/21665/,1.7082460067718122,0.1350000000301917,0.1191277955537985,0.0478753993717293,0.1479392971576861,1.625089457232448,-0.6845750800253043,1.625089457232448,2.803428115642939,9563888886.75,12642288886.75,15.277777774361022,4.829515167777609,69.253359064084,172.3223222837838,5.076643604623388,5.076643604623388,6.384027110412564,44.42125399420239,91.54445247465604,227.7889889504505,0.0163636363672959,0.0058030787117247,1.725091565369712,0.4216542328900421,10.816584680252989,1.4468704512372634,0.0,0.8824281150159744,0.0062422306142336,0.3814696485623003,0.0,0.0,0.347388906908855,0.5981173062997828,0.0417108518911276,0.0,0.0,2.2217581388277856,0.0297665495302862,0.0311133200795228,-3.765443291576936,767500000.0,-793600000.0,-3338600000.0,5613500000.0,1109050000.0,707650000.0,767550000.0,53.1055900621118,64.16229589312222,73.14002968827313,1.694736842105263,1.4026929483620212,1.2305163175840237,0.0830723499124157,0.0712523961820692,1995-04-21,0.13,bmo,,2025-04-25,1995-03-31,0.0,7.866507936507936,4018425.396825397
1994-12-31,CL,USD,21665,1995-03-23,1995-03-23 00:00:00,1994,Q4,1996100000.0,803000000.0,1193100000.0,0.5977155453,0,0.0,0.0,646700000.0,0.0,881800000.0,1684800000.0,0.0,0.0,107800000.0,311300000.0,0.1559541105,311300000.0,0.1559541105,-106700000.0,204600000.0,0.1024998748,67500000.0,137100000.0,0.0686839337,0.11,0.11,1037453920,1111417713,https://www.sec.gov/Archives/edgar/data/21665/000095014695000129/0000950146-95-000129-index.html,https://www.sec.gov/Archives/edgar/data/21665/,1.924037262300768,0.1321504477037399,0.2903261476904921,0.156055123874803,0.1637663097364363,1.757090088396408,0.1456450229615981,1.757090088396408,1.8886621971605253,8216635046.4,10006135046.4,14.982923133479211,4.116344394769801,27.279664828685256,50.751297383570105,4.507452436447419,4.507452436447419,5.012842566204098,32.14306150465789,33.22089988844621,61.80441659295862,0.016685662588856,0.0197039297821721,1.0748806846234022,0.3189958322479812,5.7484741407002895,1.424077949254512,0.0,2.1969365426695844,0.0084706208328547,0.5076586433260394,0.0,0.0,0.2721737431622818,0.4624833997343957,0.06978608286158,0.0,0.0,2.285717708147981,0.0432677992775039,0.0306670245604616,-2.896947943480709,648500000.0,151100000.0,-2141800000.0,4308400000.0,1065550000.0,666500000.0,729850000.0,47.32428235058364,77.88418430884184,80.01369863013699,1.9017721036585369,1.1555619513599078,1.1248073959938367,0.0752098304898787,0.1342710238156891,1995-02-02,0.11,bmo,,2025-04-25,1994-12-31,0.0,7.606349206349206,3012126.984126984
1994-09-30,CL,USD,21665,1995-02-08,1995-02-08 00:00:00,1994,Q3,1930700000.0,978900000.0,951800000.0,0.4929818201,0,0.0,0.0,696100000.0,0.0,696100000.0,1675000000.0,0.0,0.0,-6700000.0,249000000.0,0.1289687678,255700000.0,0.1324390118,-26400000.0,229300000.0,0.1187652147,78300000.0,151000000.0,0.0782099757,0.13,0.12,1208000000,1258333333,https://www.sec.gov/Archives/edgar/data/21665/000095011295000294/0000950112-95-000294-index.html,https://www.sec.gov/Archives/edgar/data/21665/,1.5982615894039736,0.125,0.2129139072847682,0.1249172185430463,0.149751655629139,1.5388245033112582,0.1923841059602649,1.5388245033112582,1.663162251655629,8758000000.0,10586200000.0,14.5,4.536178588076863,34.05132192846034,58.03843605036448,4.711388455538222,4.711388455538222,5.483089035065002,42.51485943775101,41.15940902021773,70.15374420145793,0.0172413793103448,0.0172299611783512,1.0808004733982464,0.3252128589465505,7.3421686746987955,1.5243959262464222,0.0,1.7033112582781458,0.0068965517241379,0.4,0.0,0.0,0.2632814270452264,0.4132970451010886,0.0550577510747397,0.0,0.0,2.08037110044408,0.0344698229358097,0.0331773339485421,-2.445343543046357,787800000.0,232400000.0,-2028800000.0,4337800000.0,1078250000.0,644150000.0,748050000.0,50.41435748692184,58.66687097762795,68.56880171621208,1.7852057327785482,1.534085566525623,1.3125502815768302,0.0812308354403141,0.0879966887417218,1994-10-20,0.12,bmo,,2025-04-25,1994-09-30,0.0833333333333334,6.8375,3859300.0
1994-06-30,CL,USD,21665,1994-08-12,1994-08-12 00:00:00,1994,Q2,1891100000.0,988400000.0,902700000.0,0.47734123,0,0.0,0.0,671100000.0,0.0,671100000.0,1659500000.0,0.0,0.0,-11900000.0,219700000.0,0.1161757707,231600000.0,0.1224684046,-15800000.0,215800000.0,0.1141134789,73300000.0,142500000.0,0.0753529692,0.12,0.11,1187500000,1295454545,https://www.sec.gov/Archives/edgar/data/21665/000002166594000007/0000021665-94-000007-index.html,https://www.sec.gov/Archives/edgar/data/21665/,1.5925052631578946,0.12,0.1034947368421052,0.0292210526315789,0.1284210526315789,1.5378526315789474,0.1966315789473684,1.5378526315789474,1.6866526315789474,7754375000.0,9604775000.0,13.604166666666668,4.10045740574269,63.09499593165175,223.46902017291063,4.246180593582302,4.246180593582302,5.078935540161811,43.71768320436959,78.15113913751017,276.79466858789624,0.0183767228177641,0.0044748932054485,1.0967582959150148,0.3283119693144936,8.422394173873464,1.5848913418420143,0.0,0.8624561403508771,0.0081631337148383,0.4442105263157895,0.0,0.0,0.2610726813756024,0.7176566314076485,0.0466395219713394,0.0,0.0,2.0376952925457616,0.0316370028025919,0.0316111714989241,-2.4762105263157896,847800000.0,233500000.0,-1977100000.0,4305100000.0,1050400000.0,628350000.0,725950000.0,51.160700121622334,59.2047753945771,68.31950627276406,1.7591627906976743,1.5201476468778836,1.3173397307743568,0.0780308838024312,0.0742736842105263,1994-07-21,0.12,bmo,,2025-04-25,1994-06-30,0.0,7.10758064516129,2934941.935483871
1994-03-31,CL,USD,21665,1994-05-16,1994-05-16 00:00:00,1994,Q1,1770000000.0,907900000.0,862100000.0,0.4870621469,0,0.0,0.0,611300000.0,0.0,611300000.0,1519200000.0,0.0,0.0,-6400000.0,244400000.0,0.138079096,250800000.0,0.1416949153,-20600000.0,230200000.0,0.1300564972,80600000.0,149600000.0,0.084519774,0.13,0.12,1182400000,1297600000,https://www.sec.gov/Archives/edgar/data/21665/000002166594000005/0000021665-94-000005-index.html,https://www.sec.gov/Archives/edgar/data/21665/,1.496955345060893,0.1265223274695534,0.1252537212449255,0.0685893098782138,0.1250845737483085,1.4532307171853855,0.1095230040595399,1.4532307171853855,1.6621278755074425,8548752000.000001,10366152000.0,14.28601604278075,4.829803389830509,57.72283592167455,105.41001233045624,4.975121922830706,4.975121922830706,5.8565830508474575,42.41469721767594,69.99427413909521,127.81938347718864,0.0174996303554015,0.0094867648517584,1.1437467264156431,0.3302525668386294,7.436170212765957,1.3715833228366292,0.0,0.9899732620320856,0.0062699210364273,0.3582887700534759,0.0,0.0,0.2669848258246651,0.4523970290344362,0.0378531073446327,0.0,0.0,2.033958698079247,0.0349338381725677,0.0342954081749616,-2.507231055480379,590000000.0,129500000.0,-2054800000.0,3965900000.0,1007050000.0,602900000.0,689800000.0,52.1593220338983,60.12226016081066,69.54950985791386,1.7254825502047182,1.496949711459192,1.294042189281642,0.0870627946225921,0.0566644113667117,1994-04-20,0.12,bmo,,2025-04-25,1994-03-31,0.0,7.719682539682539,3473790.476190476
1993-12-31,CL,USD,21665,1994-03-25,1994-03-25 00:00:00,1993,Q4,1840400000.0,755500000.0,1084900000.0,0.5894914149,0,0.0,0.0,605500000.0,0.0,815100000.0,1570600000.0,0.0,0.0,86400000.0,269800000.0,0.1465985655,269800000.0,0.1465985655,-84000000.0,185800000.0,0.1009563138,63700000.0,122100000.0,0.066344273,0.095,0.09,1670303030,1670303030,https://www.sec.gov/Archives/edgar/data/21665/000002166594000001/0000021665-94-000001-index.html,https://www.sec.gov/Archives/edgar/data/21665/,1.1018359943943823,0.0731005079958455,0.1330297532897369,0.0626233672102001,0.0862717706977996,1.1225507984620011,0.1712264151254039,1.1225507984620011,1.0281367926393572,13028363634.0,14601563634.0,26.67560121621621,7.07909347641817,58.63349970297029,124.55414564053537,6.948460604799999,6.948460604799999,7.933907647250598,54.11995416604893,65.71360771377138,139.5942986042065,0.0093718599994673,0.0080286368218205,0.9158933333333332,0.2980802610567243,5.830985915492958,1.485222381635581,0.0,1.81981981981982,0.0049584124157706,0.5290745290745291,0.0,0.0,0.2758105950149274,0.5292529252925292,0.063899152358183,0.0,0.0,1.3587966206982824,0.0389493402411014,0.0292651358995254,-1.5936479502165544,676400000.0,286000000.0,-1815800000.0,4031700000.0,1006650000.0,586900000.0,688450000.0,48.3302542925451,71.39245532759762,80.76770350761086,1.8621875948598603,1.2606374103120308,1.114306784660767,0.06512,0.0704063860795367,1994-02-04,0.09,bmo,,2025-04-25,1993-12-31,0.1111111111111112,7.30671875,3244325.0
1993-09-30,CL,USD,21665,1993-09-30,1993-09-29 20:00:00,1993,Q3,1823100000.0,953000000.0,870100000.0,0.4772640009,0,0.0,0.0,643800000.0,0.0,643800000.0,1596800000.0,0.0,0.0,-3700000.0,222600000.0,0.1220997203,226300000.0,0.1241292304,-12600000.0,213700000.0,0.1172179255,70900000.0,142800000.0,0.0783281224,0.12,0.11,1241739130,1360000000,,,1.4681827736233133,0.1150000000402661,0.1746743698090596,0.0977661064768088,0.1371463585914378,1.5899474795483008,0.4394642858681598,1.5899474795483008,1.205647759525787,8170643475.4,9497443475.4,14.304347821078432,4.481730829575997,37.67009440018442,67.30348826523888,4.138501481740364,4.138501481740364,5.209502207997367,42.6659635013477,43.78719905670816,78.2326480675453,0.0174772036535358,0.014858070893132,0.7582940789140454,0.2646502501370008,5.960467205750224,1.5560920193126953,0.0,1.51890756302521,0.0070373894263187,0.4026610644257703,0.0,0.0,0.2525411444430695,0.4402950668510834,0.0523833031649388,0.0,0.0,2.028297094799404,0.0342606492637111,0.0337724380956885,-1.928021709358551,783200000.0,545700000.0,-1491000000.0,3913500000.0,993050000.0,577650000.0,696000000.0,50.6006253085404,54.254984260230856,66.00314795383001,1.7786341463414634,1.6588337684943428,1.36357132637001,0.0723294332168363,0.0769082633322507,1993-10-22,0.11,bmo,,2025-04-25,1993-09-30,0.0,6.5246875,5360687.5
1993-06-30,CL,USD,21665,1993-06-30,1993-06-29 20:00:00,1993,Q2,1775100000.0,923900000.0,851200000.0,0.4795222804,0,0.0,0.0,622500000.0,0.0,622500000.0,1546400000.0,0.0,0.0,-5400000.0,223300000.0,0.1257957298,228700000.0,0.128837812,-10300000.0,218400000.0,0.123035322,76000000.0,142400000.0,0.0802208326,0.11,0.11,1294545455,1356190476,,,1.3712148871589835,0.1099999999613764,0.1216643257999774,0.0543047752618311,0.1166432583860101,1.7117977522079362,0.6147331458515685,1.7117977522079362,0.97238764010801,9424290912.4,10532090912.4,16.545454551264044,5.309160561320489,59.83676769777778,134.0581922105263,4.252838859386282,4.252838859386282,5.933238078080108,47.1656556757725,66.87041849142857,149.81637144238977,0.0151098901045846,0.0074594471513504,0.5680505415162455,0.2287022401482531,4.961038961038961,1.528032619775739,0.0,1.1060393258426966,0.0063134723400476,0.4178370786516854,0.0,0.0,0.2580258352864228,0.5536507936507936,0.049123993014478,0.0,0.0,2.058324424192415,0.0347686417915852,0.0348686304757707,-1.5988044235959251,725200000.0,795800000.0,-1189500000.0,3783800000.0,958200000.0,573300000.0,707400000.0,48.72908568531351,56.57755168308258,67.51704729949128,1.846946207470607,1.590736914600551,1.3329966815755303,0.0642599277978339,0.0673595505381462,1993-07-22,0.11,bmo,,2025-04-25,1993-06-30,0.0,7.335396825396825,4412101.587301588
1993-03-31,CL,USD,21665,1993-03-31,1993-03-30 19:00:00,1993,Q1,1702700000.0,887900000.0,814800000.0,0.4785340929,0,0.0,0.0,585300000.0,0.0,585300000.0,1473200000.0,0.0,0.0,-6000000.0,223500000.0,0.1312621131,229500000.0,0.1347859282,-11200000.0,218300000.0,0.12820814,77500000.0,-203200000.0,-0.119339872,-0.16,-0.15,1270000000,1401379310,,,1.340708661417323,-0.16,0.0896062992125984,0.0392125984251968,0.1383464566929133,1.8224409448818897,0.6805511811023622,1.8224409448818897,0.8822047244094489,10502900000.0,11447600000.0,-12.921874999999998,6.168379632348623,92.292618629174,210.9016064257028,4.537869950313243,4.537869950313243,6.723204322546544,51.219686800894856,100.59402460456944,229.8714859437751,-0.0193470374848851,0.0047415475725751,0.4840786346943184,0.2016921692169216,4.226845637583892,1.470580091374775,0.0,0.8082386363636364,0.0047415475725751,-0.2450787401574803,0.0,0.0,0.261062106210621,0.562390158172232,0.0375873612497797,0.0,0.0,,0.034637608618369,-0.0495030208536347,-1.5649409448818898,679800000.0,864300000.0,-1116100000.0,3762200000.0,915900000.0,564400000.0,708650000.0,50.494508721442415,57.351053046514245,73.15350827795923,1.782372029728881,1.5692824319547545,1.2302895940141334,-0.0877943400302441,0.0503937007874015,1993-04-21,0.1,bmo,,2025-04-25,1993-03-31,0.0999999999999999,7.541129032258064,3481729.0322580645
1992-12-31,CL,USD,21665,1992-12-31,1992-12-30 19:00:00,1992,Q4,1771300000.0,892200000.0,879100000.0,0.496302151,0,0.0,0.0,632500000.0,0.0,680700000.0,1572900000.0,0.0,0.0,48200000.0,246600000.0,0.1392197821,198400000.0,0.1120081296,-30900000.0,167500000.0,0.0945633151,57600000.0,109900000.0,0.0620448258,0.08,0.08,1136337419,1136337419,,,1.5587799630489858,0.0967142313211107,0.2381334940445184,0.1263709155387762,0.1037543937466693,2.3054771903097917,1.0466081465896002,2.3054771903097917,1.0013751030053866,7920271810.429999,8940271810.43,18.01699683901274,4.471445723722689,29.26929715606061,55.15509617291086,3.0232352891174896,3.0232352891174896,5.047293970772879,36.25414359460665,33.038698486437546,62.25816023976324,0.0138757864162282,0.0181306908950898,0.4343461332926177,0.2093999006275188,4.13625304136253,1.4675248253034203,0.0,2.462238398544131,0.0075376201005352,0.543221110100091,0.0,0.0,0.2632450635799856,0.4693274205469327,0.071698752328798,2.6348547717842323,0.0,2.2398393293953536,0.0305143201013218,0.0274502947347387,-1.4883123372706606,635600000.0,1189300000.0,-819200000.0,3662900000.0,918900000.0,570400000.0,733400000.0,44.53508722407271,56.79219905850706,70.16812373907196,2.020878494010268,1.5847246891651865,1.2826336975273145,0.0419497671577983,0.1117625785057422,1992-12-30,,bmo,,2025-04-25,1992-12-31,,7.2784375,2582212.5
1992-09-30,CL,USD,21665,1992-09-30,1992-09-29 20:00:00,1992,Q3,1835800000.0,919900000.0,915900000.0,0.4989105567,0,0.0,0.0,661000000.0,0.0,712100000.0,1632000000.0,0.0,0.0,51100000.0,254900000.0,0.1388495479,203800000.0,0.1110142717,-11300000.0,192500000.0,0.1048589171,63700000.0,128800000.0,0.0701601482,0.1,0.095,1288000000,1355789474,,,1.4253105590062112,0.1,0.0857142857142857,0.0267857142857142,0.1323757763975155,2.059937888198758,0.918555900621118,2.059937888198758,0.9754658385093168,9260720000.0,10346620000.0,17.975,5.04451465301231,83.88333333333334,268.4266666666667,3.490396502336801,3.490396502336801,5.6360278897483385,40.59089839152609,93.719384057971,299.90202898550723,0.0139082058414464,0.0037254122789588,0.4735413839891452,0.2191790380824451,4.260102000784621,1.5663531870428422,0.0,0.8564778898370831,0.0053559550445321,0.3850931677018633,0.0,0.0,0.2564590129616384,0.6875,0.041344373025384,1.4853228962818004,0.0,2.152872557409566,0.0301629639162819,0.0302191356576415,-1.3990877329192546,813000000.0,1183100000.0,-830600000.0,3862000000.0,950800000.0,596650000.0,763800000.0,47.127682754112655,56.53005761495815,75.45167953038373,1.9097056069905336,1.592073381793008,1.192816390041494,0.0485451530227649,0.0589285714285714,1993-02-05,0.08,bmo,,2025-04-25,1992-09-30,0.0,6.7871875,2326475.0
1992-06-30,CL,USD,21665,1992-06-30,1992-06-29 20:00:00,1992,Q2,1799600000.0,902400000.0,897200000.0,0.4985552345,0,0.0,0.0,643500000.0,0.0,692700000.0,1595100000.0,0.0,0.0,49200000.0,253700000.0,0.1409757724,204500000.0,0.1136363636,-13000000.0,191500000.0,0.1064125361,67100000.0,124400000.0,0.0691264725,0.095,0.09,1309473684,1382222222,,,1.374292604722555,0.0950000000152733,0.0782757234852533,0.026651929264735,0.1299758842652694,1.9670498395445413,0.8445377814862601,1.9670498395445413,0.961531350636902,8472294735.48,9561194735.48,17.026315786736333,4.707876603400756,82.65653400468292,242.7591614750716,3.289189663591894,3.289189663591894,5.3129555098244055,37.68701117650768,93.27994863882928,273.9597345409742,0.0146831530162709,0.0041193090053686,0.4888190076869322,0.2224243923120407,4.292077256602286,1.3862440491104986,0.0,0.8239549839228296,0.00617306191922,0.4204180064308682,0.0,0.0,0.2596629451667608,0.6595121951219513,0.0375639030895754,1.3739837398373984,0.0,2.0505045800247395,0.030045892390688,0.029683361569114,-1.3985580790029837,616600000.0,1105900000.0,-872000000.0,3626300000.0,907550000.0,582350000.0,744500000.0,47.02545010002223,61.38630319148937,75.43882978723404,1.91385727959162,1.4661251015434609,1.1930195663670016,0.0482956751300566,0.0516237942205182,1992-06-29,,bmo,,2025-04-25,1992-06-30,,6.302380952380952,2691326.984126984
1992-03-31,CL,USD,21665,1992-03-31,1992-03-30 19:00:00,1992,Q1,1600500000.0,801400000.0,799100000.0,0.4992814745,0,0.0,0.0,563200000.0,0.0,607200000.0,1408600000.0,0.0,0.0,44000000.0,235900000.0,0.1473914402,191900000.0,0.1199000312,-15500000.0,176400000.0,0.1102155576,62600000.0,113800000.0,0.0711027804,0.095,0.085,1197894737,1338823529,,,1.3360940244284587,0.094999999987478,0.0494200351428708,0.0093497363783809,0.1691300527017842,2.017289103424786,0.7991520209842945,2.017289103424786,1.0938356764814805,7391010527.29,8498710527.29,16.23684210740334,4.617938473783193,124.84815079881756,659.9116542223214,3.05856011888682,3.05856011888682,5.3100346937144645,36.02675085752438,143.5592994474662,758.8134399366071,0.0153970826559931,0.0015153543563016,0.5422304986550797,0.2353141892498608,4.695633743111488,1.3718940680631566,0.0,0.5202108963093146,0.0052902102974458,0.343585237258348,0.0,0.0,0.2620548461828565,0.8108108108108109,0.0299906279287722,1.0909090909090908,0.0,2.076524851284501,0.0287638088072899,0.0276946289941836,-1.6084885762378969,591200000.0,957300000.0,-970900000.0,3536200000.0,809500000.0,542200000.0,704250000.0,49.1921274601687,61.67706513601198,82.2735213376591,1.8295610425240056,1.459213401310998,1.093912093912094,0.0470929029588247,0.0400702987644898,1992-03-30,,bmo,,2025-04-25,1992-03-31,,5.94079365079365,2635619.047619048
1991-12-31,CL,USD,21665,1991-12-31,1991-12-30 19:00:00,1991,Q4,1575700000.0,823700000.0,752000000.0,0.4772482071,0,0.0,0.0,573200000.0,0.0,614300000.0,1438000000.0,0.0,0.0,41100000.0,178800000.0,0.1134733769,137700000.0,0.0873897315,-15100000.0,122600000.0,0.0778066891,35700000.0,86900000.0,0.055150092,0.07,0.07,1215885167,1215885167,,,1.295928302084468,0.0714705651146413,0.1322493310751935,0.0636573272712685,0.1385821659587693,1.5349311354827968,0.854603730847224,1.5349311354827968,0.869490005054071,7429058370.370001,8317758370.370001,21.37243489749712,4.714767005375389,46.200611756032345,95.98266628385014,3.9806346087820814,3.9806346087820814,5.2787703054959705,46.51990140027965,51.72735304956469,107.46457842855298,0.0116973101660624,0.0104185478349048,0.566468413438354,0.2343812353123752,4.970357941834452,1.472378536894666,0.0,1.8504027617951668,0.0062053624701435,0.5304948216340621,0.0,0.0,0.1833902363321952,0.5186567164179104,0.0529288570159294,2.0291970802919708,0.0,1.571083671375527,0.0282473353817425,0.0235923331704403,-1.2992180864395724,596000000.0,1039100000.0,-786600000.0,2818100000.0,753000000.0,526300000.0,683600000.0,42.50682236466333,58.477601068350126,73.850916595848,2.11730717549046,1.539050822122571,1.2186714010948363,0.0465627176766864,0.068592003803925,1991-12-30,,bmo,,2025-04-25,1991-12-31,,5.3840625,2953000.0
1991-09-30,CL,USD,21665,1991-09-30,1991-09-29 20:00:00,1991,Q3,1506400000.0,782100000.0,724300000.0,0.4808151885,0,0.0,0.0,869200000.0,0.0,904200000.0,1686300000.0,0.0,0.0,35100000.0,-144800000.0,-0.0961232076,-179900000.0,-0.1194237918,-17500000.0,-197400000.0,-0.1310408922,-50800000.0,-146600000.0,-0.0973181094,-0.14,-0.14,1011034483,1011034483,,,1.4899590719498734,-0.144999999965382,0.144109822612252,0.0821930422723277,0.1270975443079917,1.302626193413425,0.5872203272813594,1.302626193413425,1.3507946790772318,5449475863.37,6686675863.37,-9.293103450494543,3.617549033039033,37.40203063397392,65.57732687569194,4.137794884867122,4.137794884867122,4.438844837606213,-46.17870071388121,45.89345136149623,80.46541351829121,-0.0269016697523899,0.0152491729633261,1.0369779802581625,0.3158199014869459,-8.544198895027625,1.466850610957824,0.0,-0.9938608458390176,0.0065327383573334,-0.242837653478854,0.0,0.0,0.1672640658603704,0.4296499656829101,0.0415560276155071,1.7834757834757835,0.0,,-0.0414711777065094,-0.0407109136351013,-1.9403888126336044,592200000.0,593700000.0,-1146600000.0,2619800000.0,756200000.0,497350000.0,666950000.0,45.51380775358471,59.53970080552359,79.5512082853855,1.9774218955106329,1.5115964437572478,1.131346738029799,-0.1113135914958238,0.0619167803399243,1991-09-29,,bmo,,2025-04-25,1991-09-30,,4.94859375,2269787.5
1991-06-30,CL,USD,21665,1991-06-30,1991-06-29 20:00:00,1991,Q2,1516400000.0,792300000.0,724100000.0,0.4775125297,0,0.0,0.0,526900000.0,0.0,561000000.0,1353300000.0,0.0,0.0,34100000.0,197200000.0,0.130044843,163100000.0,0.1075573727,-17400000.0,145700000.0,0.0960828277,52400000.0,87800000.0,0.0579002902,0.085,0.08,1032941176,1097500000,,,1.4680410029467157,0.0850000000387243,0.1323405467573305,0.0734794988945237,0.121497722151024,1.3467369026636615,0.8204726655218554,1.3467369026636615,1.2161389527180588,4813505880.16,5944205880.16,13.705882346697038,3.1742982591400684,35.212186394733,63.41904980447958,3.460215570526921,3.460215570526921,3.919945845528884,30.143031846653145,43.48358361492319,78.3162830060606,0.0182403433559494,0.0157681328099836,0.9030263819998562,0.3087928025368108,5.733772819472617,1.5512731077781654,0.0,1.465166130760986,0.0094317948560376,0.5170842824601367,0.0,0.0,0.1336250337995624,0.4447695683979517,0.0400949617515167,1.782991202346041,0.0,1.6048782905621417,0.0336422000388436,0.0249113349411264,-1.6140802968629069,632200000.0,847500000.0,-898000000.0,2527900000.0,734500000.0,484250000.0,663600000.0,44.54893168029544,54.218099204846645,72.99507762211283,2.020250466293632,1.6599622878692646,1.2329598506069095,0.0631155200920135,0.0588610478628068,1991-06-29,,bmo,,2025-04-25,1991-06-30,,4.93703125,2425087.5
1991-03-31,CL,USD,21665,1991-03-31,1991-03-30 19:00:00,1991,Q1,1461800000.0,752100000.0,709700000.0,0.4854973321,0,0.0,0.0,513100000.0,0.0,549000000.0,1301100000.0,0.0,0.0,35900000.0,196600000.0,0.1344917225,160700000.0,0.1099329594,-13700000.0,147000000.0,0.1005609523,55700000.0,86400000.0,0.0591052128,0.085,0.075,1016470588,1152000000,,,1.4381134262588229,0.0850000000196759,0.0418113426022711,-0.0112152777803739,0.1305497685487383,1.3151388891933191,0.7782812501801577,1.3151388891933191,1.3236979169730785,4848564704.759999,6061364704.759999,14.029411761458332,3.3168454677520858,114.08387540611764,-425.3126934,3.626993345870736,3.626993345870736,4.146507528225475,30.83094966815869,142.62034599435293,-531.6986583122806,0.0178197065030767,-0.0023512112747115,1.006508078994614,0.3288444618242252,6.168870803662259,1.442077879847167,0.0,0.4654983570646221,0.006187398091346,0.3472222222222222,0.0,0.0,0.1333708084856779,1.2682352941176471,0.0368723491585716,1.501392757660167,0.0,1.5859391937159653,0.0323823605102283,0.024366169378719,-1.7127893522483308,543800000.0,791100000.0,-980900000.0,2433600000.0,692050000.0,515500000.0,688500000.0,44.23040087563278,58.77941763063422,81.92261667331472,2.0347995545657014,1.5311482084690553,1.098597721297108,0.0646319569120287,0.053026620382645,1991-03-30,,bmo,,2025-04-25,1991-03-31,,4.554098360655738,3860485.24590164
1990-12-31,CL,USD,21665,1990-12-31,1990-12-30 19:00:00,1990,Q4,1479400000.0,783800000.0,695600000.0,0.4701906178,0,0.0,0.0,539400000.0,0.0,575500000.0,1359300000.0,0.0,0.0,36100000.0,156200000.0,0.1055833446,120100000.0,0.0811815601,-10500000.0,109600000.0,0.0740840881,36200000.0,68500000.0,0.0463025551,0.06,0.055,1124842105,1222291105,,,1.315206812959762,0.0608974359116829,0.167579075464996,0.0768996818446798,0.1479318735139275,1.2122590307908148,0.7138779713442537,1.2122590307908148,1.193411941136396,5185522104.05,6361522104.05,18.92526315346716,3.505152159017169,27.509401082493373,59.948232416763005,3.802817618106483,3.802817618106483,4.300069017202921,40.72677403361076,33.748127872944295,73.54360813930636,0.0132098559461351,0.0166810589684771,0.9844529187444998,0.3228552875249525,7.528809218950064,1.3979332150844452,0.0,2.568119891008174,0.0064795789750385,0.4905109489051095,0.0,0.0,0.1348276774333197,0.5411140583554377,0.0689468703528457,2.8254847645429364,0.0,1.288808752029837,0.0256544827464178,0.0190420593222694,-1.5846001781734511,516000000.0,803000000.0,-981600000.0,2439000000.0,702000000.0,524300000.0,679400000.0,40.498174935784775,61.98264863485584,79.50497575912223,2.2223223674327777,1.4520192663949612,1.132004621606008,0.0502346729246113,0.0906793936203161,1990-12-30,,bmo,,2025-04-25,1990-12-31,,4.2778125000000005,2905125.0
1990-09-30,CL,USD,21665,1990-09-30,1990-09-29 20:00:00,1990,Q3,1457900000.0,771800000.0,686100000.0,0.4706084094,0,0.0,0.0,507200000.0,0.0,540800000.0,1312600000.0,0.0,0.0,33600000.0,178900000.0,0.1227107483,145300000.0,0.0996639001,-13000000.0,132300000.0,0.0907469648,47900000.0,79500000.0,0.0545304891,0.075,0.07,1060000000,1135714286,,,1.375377358490566,0.075,0.0893396226415094,0.0181132075471698,0.120188679245283,1.2293396226415094,1.2293396226415094,1.2293396226415094,1.2519811320754717,4155200000.0,5354900000.0,13.066666666666666,2.850126894848755,43.87750791974656,216.41666666666663,3.1887038600260915,3.1887038600260915,3.673022841072776,29.93236444941308,56.54593453009504,278.9010416666667,0.0191326530612244,0.0046207162110127,1.0184176195226766,0.3270007884880741,6.705980994969257,1.3924175657194957,0.0,1.122037914691943,0.0085916442048517,0.4490566037735849,0.0,0.0,0.0,0.7972544878563886,0.0517868166540915,2.2470238095238093,0.0,1.440316150436267,0.0309059992213595,0.019589000591366,-1.642429245283019,516500000.0,1303100000.0,-922600000.0,1793600000.0,728150000.0,514650000.0,660000000.0,45.57720008231018,59.33143301373413,77.70925110132158,1.974671542733306,1.5169025157232705,1.1581632653061225,0.0610083646688665,0.0712264150943396,1990-09-29,,bmo,,2025-04-25,1990-09-30,,4.14968253968254,3165612.698412698
1990-06-30,CL,USD,21665,1990-06-30,1990-06-29 20:00:00,1990,Q2,1452900000.0,770400000.0,682500000.0,0.4697501549,0,0.0,0.0,500600000.0,0.0,530000000.0,1300400000.0,0.0,0.0,29400000.0,181900000.0,0.1251978801,152500000.0,0.1049624888,-16200000.0,136300000.0,0.0938123752,54400000.0,77000000.0,0.0529974534,0.075,0.07,1026666667,1100000000,,,1.4151623372028694,0.0749999999756493,0.1020779220447798,0.0357467532351471,0.1783441557862519,1.1833441554599533,1.1833441554599533,1.1833441554599533,1.267305194393732,4383866668.089999,5501866668.089999,14.233333337954544,3.017321679461765,41.83078881765267,119.45140784986374,3.608417703588772,3.608417703588772,3.786817171236836,30.246655679439247,52.49872774895037,149.91462310871933,0.0175644028046017,0.0083716049731023,1.0709523417565232,0.334138010734739,6.146234194612425,1.3639949393465804,0.0,1.278048780487805,0.0089646887041668,0.5103896103896104,0.0,0.0,0.0,0.6498091603053435,0.0468717736939913,2.316326530612245,0.0,1.4131147376240647,0.031837350655238,0.0197745191196486,-1.5882467527310886,489100000.0,1214900000.0,-846200000.0,1688300000.0,697500000.0,499650000.0,648450000.0,44.476564113153,60.80607476635514,76.35514018691589,2.0235376044568247,1.480115273775216,1.178702570379437,0.0633797020330891,0.0663311688096327,1990-06-29,,bmo,,2025-04-25,1990-06-30,,3.843809523809524,3617320.634920635
1990-03-31,CL,USD,21665,1990-03-31,1990-03-30 19:00:00,1990,Q1,1301200000.0,668800000.0,632400000.0,0.4860129112,0,0.0,0.0,468400000.0,0.0,495500000.0,1164300000.0,0.0,0.0,27100000.0,164000000.0,0.1260375038,136900000.0,0.1052105749,-3800000.0,133100000.0,0.1022901937,51900000.0,76300000.0,0.0586381801,0.075,0.07,1017333333,1090000000,,,1.2790301445868382,0.075000000024574,0.0615334207278943,0.0112057667140254,0.2346330275998142,1.110353866680981,1.110353866680981,1.110353866680981,1.1246068155716271,3784479998.76,4689879998.76,12.399999995937092,2.908453734060867,60.45495205686901,331.9719297157895,3.3502832850212467,3.3502832850212467,3.604272977835844,28.59682926073171,74.9182108428115,411.3929823473685,0.0201612903291865,0.0030123028801143,1.012836402266289,0.3176996556703321,5.520731707317073,1.6975377728035814,0.0,0.770935960591133,0.0078478417139821,0.3892529488859764,0.0,0.0,0.0,0.8178913738019169,0.0393482938825699,1.8892988929889296,0.0,1.368839709622017,0.0318370971485007,0.0211873819837831,-1.37958715641533,747900000.0,1129600000.0,-651500000.0,1884400000.0,638950000.0,468600000.0,617000000.0,46.82600676298801,64.43181818181819,86.56848086124403,1.9220088626292464,1.3968253968253967,1.0396393595523084,0.0675460339943342,0.0503276540138688,1990-03-30,,bmo,,2025-04-25,1990-03-31,,3.640793650793651,2997307.936507937
1989-12-31,CL,USD,21665,1989-12-31,1989-12-30 19:00:00,1989,Q4,1285500000.0,704500000.0,581000000.0,0.4519642163,0,0.0,0.0,478500000.0,0.0,504500000.0,1209000000.0,0.0,0.0,26000000.0,102500000.0,0.0797355115,76500000.0,0.0595099183,31300000.0,107800000.0,0.0838584208,45300000.0,57700000.0,0.0448852587,0.055,0.045,1053476923,1233076923,,,1.22024504944946,0.0547710146660706,0.143239967298268,0.076033938903852,0.3777016765273747,1.066183772494464,0.805048484199212,1.066183772494464,1.1112725627308306,4192838153.54,4965638153.54,18.1665431262565,3.2616399483002723,27.7855411102717,52.34504561223471,3.732939951513533,3.732939951513533,3.862806809443796,48.44525027843903,32.90681347607687,61.99298568714107,0.0137615614738871,0.0191040047497115,1.042289886039886,0.3310335077053584,7.539512195121951,1.917222559126744,0.0,2.4144,0.0088007212891929,0.6395147313691508,0.0,0.0,0.0777887742117913,0.4691848906560636,0.055075845974329,2.723076923076923,0.0,1.1462588095192416,0.0166847114547309,0.0176917888023548,-1.2049385917113251,907500000.0,848100000.0,-516400000.0,2288000000.0,619500000.0,440550000.0,598500000.0,42.07001166861144,58.56068133427963,75.46202980837474,2.1392910634048925,1.536867364746946,1.1926527848315558,0.0513710826210826,0.067206028394416,1989-12-30,,bmo,,2025-04-25,1989-12-31,,,
1989-09-30,CL,USD,21665,1989-09-30,1989-09-29 20:00:00,1989,Q3,1259900000.0,676500000.0,583400000.0,0.4630526232,0,0.0,0.0,438000000.0,0.0,461700000.0,1138200000.0,0.0,0.0,23700000.0,145400000.0,0.1154059846,121700000.0,0.0965949679,2200000.0,123900000.0,0.0983411382,47200000.0,71800000.0,0.0569886499,0.07,0.07,1025714286,1025714286,,,1.2283147628890487,0.0699999999805014,,,0.2078551531454442,1.1028412253195428,1.1028412253195428,1.1028412253195428,1.1176601668195931,3866942858.22,4800142858.219999,13.464285718036212,3.069245859369791,0.0,0.0,3.4184431207743997,3.4184431207743997,3.809939565219461,33.0133621610729,0.0,0.0,0.0185676392521223,,1.0134370579915135,0.3296810743968021,6.418156808803301,1.9874047739969527,0.0,0.0,0.0061339522546419,0.3303571429491643,0.0,0.0,0.0,0.0,,0.0,,1.317943446963656,0.0291172973788727,0.0206482040663733,-1.3173015316664898,972100000.0,1131200000.0,-389500000.0,2026900000.0,,,,45.58218906262402,56.2350332594235,80.66075388026607,1.974455414511832,1.6004258339247694,1.11578426521524,0.0634724186704384,,1989-09-29,,bmo,,2025-04-25,1989-09-30,,,
1989-06-30,CL,USD,21665,1989-06-30,1989-06-29 20:00:00,1989,Q2,1289700000.0,0.0,1289700000.0,1.0,0,0.0,0.0,0.0,0.0,0.0,0.0,0.0,0.0,0.0,1289700000.0,1.0,1289700000.0,1.0,-1289700000.0,0.0,0.0,0.0,0.0,0.0,0.07,0.07,1100144000,1100144000,,,1.1723010805858145,0.0,,,,,,,,3553465120.0,,0.0,2.7552648833061952,0.0,0.0,0.0,0.0,,,0.0,0.0,0.0,,0.0,0.0,,0.0,0.0,0.0,0.0071594427244582,0.0,0.0,0.0,0.0,0.0,,0.0,,,0.0,0.0,,,,,,,,,,0.0,0.0,0.0,0.0,0.0,0.0,,1989-06-29,,bmo,,2025-04-25,1989-06-30,,,
1989-03-31,CL,USD,21665,1989-03-31,1989-03-30 19:00:00,1989,Q1,1203600000.0,0.0,1203600000.0,1.0,0,0.0,0.0,0.0,0.0,0.0,0.0,0.0,0.0,0.0,1203600000.0,1.0,1203600000.0,1.0,-1203600000.0,0.0,0.0,0.0,0.0,0.0,0.065,0.065,1099104000,1099104000,,,1.095073805572539,0.0,,,,,,,,3286320960.0,,0.0,2.730409571286142,0.0,0.0,0.0,0.0,,,0.0,0.0,0.0,,0.0,0.0,,0.0,0.0,0.0,0.0077341137123745,0.0,0.0,0.0,0.0,0.0,,0.0,,,0.0,0.0,,,,,,,,,,0.0,0.0,0.0,0.0,0.0,0.0,,1989-03-30,,bmo,,2025-04-25,1989-03-31,,,
1988-12-31,CL,USD,21665,1988-12-31,1988-12-30 19:00:00,1988,Q4,1212000000.0,0.0,1212000000.0,1.0,0,0.0,0.0,0.0,-4370800000.0,-4370800000.0,-4370800000.0,0.0,0.0,0.0,-3158800000.0,-2.6062706271,-3158800000.0,-2.6062706271,3158800000.0,0.0,0.0,0.0,0.0,0.0,0.0,0.0,864576000,864576000,,,1.4018432156340217,0.0,,,0.422750573691613,1.3163677918424754,1.3163677918424754,1.3163677918424754,0.9019449996298764,2541853440.0,2956153440.0,0.0,2.097238811881188,0.0,0.0,2.2334183639399,2.2334183639399,2.439070495049505,-0.9358469798657718,0.0,0.0,0.0,,0.6851770494684123,0.2423545499751367,-0.1311574015448904,1.6632148521317287,0.0,0.0,0.0078656462585034,0.0,0.0,0.0,0.0,0.0,,0.0,,0.0,,0.0,-1.1071033662743357,710900000.0,1138100000.0,-296700000.0,1732500000.0,,,,43.75990099009901,0.0,0.0,2.056677413880875,0.0,0.0,0.0,,1988-12-30,,bmo,,2025-04-25,1988-12-31,,,
1988-09-30,CL,USD,21665,1988-09-30,1988-09-29 20:00:00,1988,Q3,1193600000.0,0.0,1193600000.0,1.0,0,0.0,0.0,0.0,0.0,0.0,0.0,0.0,0.0,0.0,1193600000.0,1.0,1193600000.0,1.0,-1193600000.0,0.0,0.0,0.0,0.0,0.0,0.06,0.06,1093248000,1093248000,,,1.0917925301486946,0.0,,,,,,,,3061094400.0,,0.0,2.56458981233244,0.0,0.0,0.0,0.0,,,0.0,0.0,0.0,,0.0,0.0,,0.0,0.0,0.0,0.0082589285714285,0.0,0.0,0.0,0.0,0.0,,0.0,,,0.0,0.0,,,,,,,,,,0.0,0.0,0.0,0.0,0.0,0.0,,1988-09-29,,bmo,,2025-04-25,1988-09-30,,,
1988-06-30,CL,USD,21665,1988-06-30,1988-06-29 20:00:00,1988,Q2,1186600000.0,0.0,1186600000.0,1.0,0,0.0,0.0,0.0,0.0,0.0,0.0,0.0,0.0,0.0,1186600000.0,1.0,1186600000.0,1.0,-1186600000.0,0.0,0.0,0.0,0.0,0.0,0.065,0.065,1092608000,1092608000,,,1.08602536316776,0.0,,,,,,,,2982819840.0,,0.0,2.513753446822855,0.0,0.0,0.0,0.0,,,0.0,0.0,0.0,,0.0,0.0,,0.0,0.0,0.0,0.0084706959706959,0.0,0.0,0.0,0.0,0.0,,0.0,,,0.0,0.0,,,,,,,,,,0.0,0.0,0.0,0.0,0.0,0.0,,1988-06-29,,bmo,,2025-04-25,1988-06-30,,,
1988-03-31,CL,USD,21665,1988-03-31,1988-03-30 19:00:00,1988,Q1,1142100000.0,0.0,1142100000.0,1.0,0,0.0,0.0,0.0,0.0,0.0,0.0,0.0,0.0,0.0,1142100000.0,1.0,1142100000.0,1.0,-1142100000.0,0.0,0.0,0.0,0.0,0.0,0.065,0.065,1091584000,1091584000,,,1.0462777028611632,0.0,,,,,,,,2925445120.0,,0.0,2.561461448209439,0.0,0.0,0.0,0.0,,,0.0,0.0,0.0,,0.0,0.0,,0.0,0.0,0.0,0.0086287313432835,0.0,0.0,0.0,0.0,0.0,,0.0,,,0.0,0.0,,,,,,,,,,0.0,0.0,0.0,0.0,0.0,0.0,,1988-03-30,,bmo,,2025-04-25,1988-03-31,,,
1987-12-31,CL,USD,21665,1987-12-31,1987-12-30 19:00:00,1987,Q4,1465100000.0,0.0,1465100000.0,1.0,0,0.0,0.0,0.0,-5263500000.0,-5263500000.0,-5263500000.0,0.0,0.0,0.0,-3798400000.0,-2.5925875367,-3798400000.0,-2.5925875367,3798400000.0,0.0,0.0,0.0,0.0,0.0,0.035,0.035,856160000,856160000,,,1.7112455615772753,0.0,,,0.0666931414688843,1.0846103532050084,1.0846103532050084,1.0846103532050084,1.0644038497477106,2097592000.0,2951792000.0,0.0,1.4317056856187294,0.0,0.0,2.258875726900711,2.258875726900711,2.01473756057607,-0.7771145745577085,0.0,0.0,0.0,,0.9813698040060306,0.2823372680236701,-0.2248841617523167,1.3441660140955365,0.0,0.0,0.009438775510204,0.0,0.0,0.0,0.0,0.0,,0.0,,0.0,,0.0,-1.545067510745655,439500000.0,928600000.0,-582600000.0,1641300000.0,,,,44.4317794007235,0.0,0.0,2.0255772155398866,0.0,0.0,0.0,,1987-12-30,,bmo,,2025-04-25,1987-12-31,,,
1987-09-30,CL,USD,21665,1987-09-30,1987-09-29 20:00:00,1987,Q3,1432000000.0,0.0,1432000000.0,1.0,0,0.0,0.0,0.0,0.0,0.0,0.0,0.0,0.0,0.0,1432000000.0,1.0,1432000000.0,1.0,-1432000000.0,0.0,0.0,0.0,0.0,0.0,-0.09,-0.09,1101184000,1101184000,,,1.3004184586772056,0.0,,,,,,,,3523788800.0,,0.0,2.460746368715084,0.0,0.0,0.0,0.0,,,0.0,0.0,0.0,,0.0,0.0,,0.0,0.0,0.0,0.006640625,0.0,0.0,0.0,0.0,0.0,,0.0,,,0.0,0.0,,,,,,,,,,0.0,0.0,0.0,0.0,0.0,0.0,,1987-09-29,,bmo,,2025-04-25,1987-09-30,,,
1987-06-30,CL,USD,21665,1987-06-30,1987-06-29 20:00:00,1987,Q2,1437100000.0,0.0,1437100000.0,1.0,0,0.0,0.0,0.0,0.0,0.0,0.0,0.0,0.0,0.0,1437100000.0,1.0,1437100000.0,1.0,-1437100000.0,0.0,0.0,0.0,0.0,0.0,0.055,0.055,1106224000,1106224000,,,1.299103978940974,0.0,,,,,,,,3252298560.0,,0.0,2.2630982951777887,0.0,0.0,0.0,0.0,,,0.0,0.0,0.0,,0.0,0.0,,0.0,0.0,0.0,0.0072278911564625,0.0,0.0,0.0,0.0,0.0,,0.0,,,0.0,0.0,,,,,,,,,,0.0,0.0,0.0,0.0,0.0,0.0,,1987-06-29,,bmo,,2025-04-25,1987-06-30,,,
1987-03-31,CL,USD,21665,1987-03-31,1987-03-30 19:00:00,1987,Q1,1313200000.0,0.0,1313200000.0,1.0,0,0.0,0.0,0.0,0.0,0.0,0.0,0.0,0.0,0.0,1313200000.0,1.0,1313200000.0,1.0,-1313200000.0,0.0,0.0,0.0,0.0,0.0,0.055,0.055,1118784000,1118784000,,,1.173774383616498,0.0,,,,,,,,3244473600.0,,0.0,2.470662199208041,0.0,0.0,0.0,0.0,,,0.0,0.0,0.0,,0.0,0.0,,0.0,0.0,0.0,0.0073275862068965,0.0,0.0,0.0,0.0,0.0,,0.0,,,0.0,0.0,,,,,,,,,,0.0,0.0,0.0,0.0,0.0,0.0,,1987-03-30,,bmo,,2025-04-25,1987-03-31,,,
1986-12-31,CL,USD,21665,1986-12-31,1986-12-30 19:00:00,1986,Q4,1249500000.0,0.0,1249500000.0,1.0,0,0.0,0.0,0.0,-4652300000.0,-4652300000.0,-4652300000.0,0.0,0.0,0.0,-3402800000.0,-2.7233293317,-3402800000.0,-2.7233293317,3402800000.0,0.0,0.0,0.0,0.0,0.0,0.025,0.025,905056000,905056000,,,1.380577555421985,0.0,,,0.182419651380688,1.0688841353463212,1.0688841353463212,1.0688841353463212,0.7486829544249196,2307892800.0,2820392800.0,0.0,1.847053061224489,0.0,0.0,2.3856654951416165,2.3856654951416165,2.2572171268507404,-0.8288447161161396,0.0,0.0,0.0,,0.7004341534008683,0.238096911346147,-0.1506112613142118,1.4059865492090555,0.0,0.0,0.0083333333333333,0.0,0.0,0.0,0.0,0.0,,0.0,,0.0,,0.0,-1.0825849450199767,428600000.0,967400000.0,-394200000.0,1542300000.0,,,,39.86074429771909,0.0,0.0,2.2578604987350923,0.0,0.0,0.0,,1986-12-30,,bmo,,2025-04-25,1986-12-31,,,
1986-09-30,CL,USD,21665,1986-09-30,1986-09-29 20:00:00,1986,Q3,1281600000.0,0.0,1281600000.0,1.0,0,0.0,0.0,0.0,0.0,0.0,0.0,0.0,0.0,0.0,1281600000.0,1.0,1281600000.0,1.0,-1281600000.0,0.0,0.0,0.0,0.0,0.0,0.045,0.045,1133952000,1133952000,,,1.1302065695902472,0.0,,,,,,,,2596750080.0,,0.0,2.026178277153558,0.0,0.0,0.0,0.0,,,0.0,0.0,0.0,,0.0,0.0,,0.0,0.0,0.0,0.0092794759825327,0.0,0.0,0.0,0.0,0.0,,0.0,,,0.0,0.0,,,,,,,,,,0.0,0.0,0.0,0.0,0.0,0.0,,1986-09-29,,bmo,,2025-04-25,1986-09-30,,,
1986-06-30,CL,USD,21665,1986-06-30,1986-06-29 20:00:00,1986,Q2,1246600000.0,0.0,1246600000.0,1.0,0,0.0,0.0,0.0,0.0,0.0,0.0,0.0,0.0,0.0,1246600000.0,1.0,1246600000.0,1.0,-1246600000.0,0.0,0.0,0.0,0.0,0.0,0.045,0.045,1131856000,1131856000,,,1.1013768535926831,0.0,,,,,,,,3010736960.0,,0.0,2.415158799935825,0.0,0.0,0.0,0.0,,,0.0,0.0,0.0,,0.0,0.0,,0.0,0.0,0.0,0.0079887218045112,0.0,0.0,0.0,0.0,0.0,,0.0,,,0.0,0.0,,,,,,,,,,0.0,0.0,0.0,0.0,0.0,0.0,,1986-06-29,,bmo,,2025-04-25,1986-06-30,,,
1986-03-31,CL,USD,21665,1986-03-31,1986-03-30 19:00:00,1986,Q1,1206900000.0,0.0,1206900000.0,1.0,0,0.0,0.0,0.0,0.0,0.0,0.0,0.0,0.0,0.0,1206900000.0,1.0,1206900000.0,1.0,-1206900000.0,0.0,0.0,0.0,0.0,0.0,0.045,0.045,1135408000,1135408000,,,1.0629659118131984,0.0,,,,,,,,2645500640.0,,0.0,2.1919799817714805,0.0,0.0,0.0,0.0,,,0.0,0.0,0.0,,0.0,0.0,,0.0,0.0,0.0,0.0091201716738197,0.0,0.0,0.0,0.0,0.0,,0.0,,,0.0,0.0,,,,,,,,,,0.0,0.0,0.0,0.0,0.0,0.0,,1986-03-30,,bmo,,2025-04-25,1986-03-31,,,
1985-12-31,CL,USD,21665,1985-12-31,1985-12-30 19:00:00,1985,Q4,1148900000.0,0.0,1148900000.0,1.0,0,0.0,0.0,0.0,-4246900000.0,-4246900000.0,-4246900000.0,0.0,0.0,0.0,-3098000000.0,-2.696492297,-3098000000.0,-2.696492297,3098000000.0,0.0,0.0,0.0,0.0,0.0,0.025,0.025,929712000,929712000,,,1.2357590307536097,0.0,,,0.2791186948216221,0.9621259056568056,0.9621259056568056,0.9621259056568056,0.9639544288984117,1905909600.0,2542609600.0,0.0,1.658899469057359,0.0,0.0,2.1306982671883734,2.1306982671883734,2.2130817303507704,-0.820726145900581,0.0,0.0,0.0,,1.0019005030743433,0.3184790334044065,-0.2055196901226597,1.4561465304684749,0.0,0.0,0.0103658536585365,0.0,0.0,0.0,0.0,0.0,,0.0,,0.0,,0.0,-1.0153950900924158,518000000.0,894500000.0,-265900000.0,1496300000.0,,,,42.606841326486204,0.0,0.0,2.112336826622541,0.0,0.0,0.0,,1985-12-30,,bmo,,2025-04-25,1985-12-31,,,
1985-09-30,CL,USD,21665,1985-09-30,1985-09-29 20:00:00,1985,Q3,1135900000.0,0.0,1135900000.0,1.0,0,0.0,0.0,0.0,0.0,0.0,0.0,0.0,0.0,0.0,1135900000.0,1.0,1135900000.0,1.0,-1135900000.0,0.0,0.0,0.0,0.0,0.0,0.045,0.045,1128000000,1128000000,,,1.0070035460992908,0.0,,,,,,,,1883760000.0,,0.0,1.6583854212518707,0.0,0.0,0.0,0.0,,,0.0,0.0,0.0,,0.0,0.0,,0.0,0.0,0.0,0.0119760479041916,0.0,0.0,0.0,0.0,0.0,,0.0,,,0.0,0.0,,,,,,,,,,0.0,0.0,0.0,0.0,0.0,0.0,,1985-09-29,,bmo,,2025-04-25,1985-09-30,,,
