date,symbol,reportedCurrency,cik,fillingDate,acceptedDate,calendarYear,period,revenue,costOfRevenue,grossProfit,grossProfitRatio,researchAndDevelopmentExpenses,generalAndAdministrativeExpenses,sellingAndMarketingExpenses,sellingGeneralAndAdministrativeExpenses,otherExpenses,operatingExpenses,costAndExpenses,interestIncome,interestExpense,depreciationAndAmortization,ebitda,ebitdaratio,operatingIncome,operatingIncomeRatio,totalOtherIncomeExpensesNet,incomeBeforeTax,incomeBeforeTaxRatio,incomeTaxExpense,netIncome,netIncomeRatio,eps,epsdiluted,weightedAverageShsOut,weightedAverageShsOutDil,link,finalLink,revenuePerShare,netIncomePerShare,operatingCashFlowPerShare,freeCashFlowPerShare,cashPerShare,bookValuePerShare,tangibleBookValuePerShare,shareholdersEquityPerShare,interestDebtPerShare,marketCap,enterpriseValue,peRatio,priceToSalesRatio,pocfratio,pfcfRatio,pbRatio,ptbRatio,evToSales,enterpriseValueOverEBITDA,evToOperatingCashFlow,evToFreeCashFlow,earningsYield,freeCashFlowYield,debtToEquity,debtToAssets,netDebtToEBITDA,currentRatio,interestCoverage,incomeQuality,dividendYield,payoutRatio,salesGeneralAndAdministrativeToRevenue,researchAndDdevelopementToRevenue,intangiblesToTotalAssets,capexToOperatingCashFlow,capexToRevenue,capexToDepreciation,stockBasedCompensationToRevenue,grahamNumber,roic,returnOnTangibleAssets,grahamNetNet,workingCapital,tangibleAssetValue,netCurrentAssetValue,investedCapital,averageReceivables,averagePayables,averageInventory,daysSalesOutstanding,daysPayablesOutstanding,daysOfInventoryOnHand,receivablesTurnover,payablesTurnover,inventoryTurnover,roe,capexPerShare,report_date,epsEstimated,time,revenueEstimated,updatedFromDate,fiscalDateEnding,surprise(%),QuarterAvgPrice,QuarterAvgVolume
2025-03-31,CMCSA,USD,1166691,2025-04-24,2025-04-24 15:14:01,2025,Q1,29887000000.0,8415000000.0,21472000000.0,0.7184394553,0,9893000000.0,2071000000.0,11964000000.0,3850000000.0,15814000000.0,24228000000.0,0.0,1050000000.0,116000000.0,5658000000.0,0.1893130793,5658000000.0,0.1893130793,-1166000000.0,4492000000.0,0.1502994613,1196000000.0,3375000000.0,0.1129253522,0.9,0.89,3744297368,3784000000,https://www.sec.gov/Archives/edgar/data/1166691/000116669125000021/0001166691-25-000021-index.htm,https://www.sec.gov/Archives/edgar/data/1166691/000116669125000021/cmcsa-20250331.htm,7.982004916442844,0.9013707161305784,2.215101842840598,1.61365388647732,2.294956611469648,23.31545585724429,-18.394906501988064,23.138653660480312,26.75321700036513,138164572879.19998,228693572879.2,10.234412805866668,4.622898681005118,16.65837628155293,22.867357312015887,1.5947340991158614,1.5947340991158614,7.65194140861244,40.419507401767405,27.573375075862067,37.85064099291625,0.0244273906810454,0.0437304576281116,1.144093815646714,0.3701758972252306,16.000176740897842,0.6453396337861784,5.388571428571429,2.516383495145631,0.0088590003536591,0.3626666666666667,0.331013484123532,0.0,0.5832468162975688,0.2715215818664094,0.0753504868337404,0.5850870355936607,0.0127814768963094,21.66267200636853,0.0178720460889356,0.0302435614818001,-43.32354886830131,-15011000000.0,-68876000000.0,-153156000000.0,204457000000.0,13271000000.0,11433000000.0,0.0,38.789105631210894,123.475935828877,0.0,2.3202391118701966,0.7288869640537029,0.0,0.0389551928714882,0.6014479563632779,2025-04-24,0.987,bmo,29768319028.0,2025-05-11,2025-03-31,0.1043566362715299,36.07808333333333,27066972.316666663
2024-12-31,CMCSA,USD,1166691,2025-01-31,2025-01-31 16:10:33,2024,Q4,31915000000.0,10027000000.0,21888000000.0,0.6858217139,0,10918000000.0,2144000000.0,13062000000.0,3833000000.0,16895000000.0,26922000000.0,0.0,1069000000.0,3833000000.0,6338000000.0,0.1985900047,4993000000.0,0.1564468118,-1419000000.0,3574000000.0,0.1119849601,1111000000.0,4778000000.0,0.1497101676,1.24,1.24,3842000000,3842000000,https://www.sec.gov/Archives/edgar/data/1166691/000116669125000011/0001166691-25-000011-index.htm,https://www.sec.gov/Archives/edgar/data/1166691/000116669125000011/cmcsa-20241231.htm,8.306871421134826,1.243623112961999,2.1030713170223843,1.084331077563769,1.90577824049974,22.45549193128579,-18.07183758459136,22.269651223321187,26.070275897969807,144190260000.0,235961260000.0,7.544488279614901,4.5179464201786,17.84532920792079,34.61120019203072,1.6852531556802244,1.6852531556802244,7.393428168572772,37.229608709372044,29.203126237623763,56.63976476236198,0.0331367735934452,0.0288923814965033,1.1581697054698457,0.3722348062251372,14.47948879772799,0.6771178090497966,4.670720299345183,1.7246531483457843,0.0082529846329426,0.2490581833403097,0.3420961930126899,0.0,0.5848969426507544,0.4844059405940594,0.1226382578724737,1.0211322723715106,0.0095566348112172,24.962746083430112,0.0148616159338381,0.0432378625401565,-42.26164757938574,-12780000000.0,-69432000000.0,-153136000000.0,205474000000.0,13848000000.0,11550000000.0,0.0,38.52389158702805,101.61464047072904,0.0,2.336212575946124,0.885699143185231,0.0,0.0558438522674146,1.0187402394586154,2025-01-30,0.862,bmo,31609110215.0,2025-04-30,2024-12-31,0.1136890951276101,41.5078125,18753349.484375
2024-09-30,CMCSA,USD,1166691,2024-10-31,2024-10-31 15:09:51,2024,Q3,32070000000.0,10216000000.0,17976000000.0,0.5605238541,0,10128000000.0,1989000000.0,12117000000.0,0.0,12117000000.0,26211000000.0,0.0,1037000000.0,3878000000.0,9734000000.0,0.3035235423,5859000000.0,0.1826941066,-1040000000.0,4819000000.0,0.1502650452,1243000000.0,3629000000.0,0.1131587153,0.94,0.94,3861000000,3880000000,https://www.sec.gov/Archives/edgar/data/1166691/000116669124000056/0001166691-24-000056-index.htm,https://www.sec.gov/Archives/edgar/data/1166691/000116669124000056/cmcsa-20240930.htm,8.306138306138307,0.93991193991194,1.8184408184408185,0.8821548821548821,2.282828282828283,22.41440041440041,-18.81947681947682,22.21548821548821,26.521885521885523,161273970000.0,253823970000.0,11.1100833562965,5.028811038353601,22.97022788776528,47.34996183206107,1.8802197635647169,1.8802197635647169,7.914685687558466,26.076019108280256,36.15211081042587,74.52259835584263,0.0225020813960244,0.0211193412055274,1.1817567094923869,0.3756016763564814,9.50791041709472,0.7194728206213942,5.649951783992285,2.013478634929739,0.007477958160266,0.3323229539818131,0.3158091674462114,0.0,0.589926298120213,0.5148839196695627,0.1127221702525725,0.9321815368746776,0.0091674462114125,21.67518302243336,0.018525007564456,0.0327920699034039,-42.47312872312872,-10600000000.0,-72662000000.0,-156143000000.0,210379000000.0,13601000000.0,11757500000.0,0.0,39.38727782974743,103.7695771339076,0.0,2.285001781261133,0.867306222939129,0.0,0.042308858162147,0.9362859362859364,2024-10-31,1.06,bmo,31786853468.0,2025-04-25,2024-09-30,0.0566037735849057,39.4775,18743245.140625
2024-06-30,CMCSA,USD,1166691,2024-07-23,2024-07-23 13:28:43,2024,Q2,29688000000.0,7961000000.0,18187000000.0,0.6126044193,0,9630000000.0,1922000000.0,11552000000.0,99000000.0,11552000000.0,23053000000.0,0.0,1026000000.0,3540000000.0,10175000000.0,0.3427310698,6635000000.0,0.2234909728,-1460000000.0,5175000000.0,0.1743128537,1336000000.0,3929000000.0,0.1323430342,1.01,1.0,3905000000,3920000000,https://www.sec.gov/Archives/edgar/data/1166691/000116669124000048/0001166691-24-000048-index.htm,https://www.sec.gov/Archives/edgar/data/1166691/000116669124000048/cmcsa-20240630.htm,7.602560819462228,1.006145966709347,1.2099871959026889,0.3428937259923175,1.553137003841229,21.4955185659411,-18.69833546734955,21.31088348271447,25.39154929577465,149053850000.0,241116850000.0,9.48421035886994,5.020676704392347,31.54578835978836,111.31728902165796,1.791103594131148,1.791103594131148,8.121693950417677,23.696987714987717,51.03002116402117,180.0723300970874,0.0263596009093357,0.0089833305211505,1.1791537990122447,0.3737426443983165,9.047960687960687,0.6635730858468677,6.466861598440546,1.2029022403258656,0.0082185062646821,0.3117841689997455,0.324373484236055,0.0,0.5978061739445069,0.7166137566137566,0.1140528159525734,0.9564971751412428,0.0087914308811641,21.964558678033693,0.0215659375607346,0.0372071440746983,-41.65806658130602,-11890000000.0,-73017000000.0,-155163000000.0,205574000000.0,13155500000.0,11764000000.0,0.0,39.9161277283751,132.67679939706068,0.0,2.254727728411939,0.6783401499659168,0.0,0.047212775928574,0.8670934699103713,2024-07-23,1.12,bmo,30034583424.0,2025-04-25,2024-06-30,0.0803571428571427,39.13238095238096,21084633.285714287
2024-03-31,CMCSA,USD,1166691,2024-04-25,2024-04-25 15:09:56,2024,Q1,30058000000.0,8823000000.0,21235000000.0,0.7064674962,0,9857000000.0,2018000000.0,11875000000.0,191000000.0,15426000000.0,24249000000.0,0.0,1002000000.0,3551000000.0,9360000000.0,0.3113979639,5810000000.0,0.1932929669,-705000000.0,5105000000.0,0.1698383126,1328000000.0,3857000000.0,0.1283185841,0.97,0.97,3959000000,3992000000,https://www.sec.gov/Archives/edgar/data/1166691/000116669124000031/0001166691-24-000031-index.htm,https://www.sec.gov/Archives/edgar/data/1166691/000116669124000031/cmcsa-20240331.htm,7.592321293255873,0.9742359181611518,1.9823187673654965,1.1465016418287446,1.6456175801970194,21.038646122758276,-18.833291235160395,20.850972467794897,24.646375347309927,167386520000.0,257444520000.0,10.849528130671509,5.568784350256172,21.328557594291546,36.877400308437984,2.0277231704805634,2.0277231704805634,8.564925144720208,27.50475641025641,32.80383792048929,56.71833443489756,0.0230424767776999,0.0271168789458075,1.1698869762201844,0.3663605221527991,9.621581196581197,0.5946334689018946,5.798403193612774,2.0778395552025417,0.0071272166958247,0.3093077521389681,0.3279326635172001,0.0,0.5988330848517267,0.4216360856269113,0.1100871648146916,0.931850183047029,0.012409341938918,21.37895558489911,0.0190389864870894,0.0364735030449748,-41.40843647385704,-16346000000.0,-74561000000.0,-156331000000.0,201425000000.0,13478500000.0,12114500000.0,0.0,39.35591190365294,120.28561713702824,0.0,2.286822884966525,0.748219131614654,0.0,0.0467237640674023,0.8358171255367517,2024-04-25,0.99,bmo,29829235216.0,2025-04-25,2024-03-31,0.0505050505050505,43.14229508196721,20287285.72131148
2023-12-31,CMCSA,USD,1166691,2024-01-31,2024-01-31 15:42:48,2023,Q4,31253000000.0,10256000000.0,20997000000.0,0.6718395034,0,10943000000.0,2042000000.0,12985000000.0,243000000.0,16513000000.0,26769000000.0,0.0,1019000000.0,3528000000.0,8591000000.0,0.274885611,4484000000.0,0.1434742265,-440000000.0,4044000000.0,0.129395578,890000000.0,3260000000.0,0.1043099862,0.82,0.81,3986525848,4039000000,https://www.sec.gov/Archives/edgar/data/1166691/000116669124000011/0001166691-24-000011-index.htm,https://www.sec.gov/Archives/edgar/data/1166691/000116669124000011/cmcsa-20231231.htm,7.839658186508264,0.8177546375713353,1.485503976594309,0.4286940722728257,1.5590015559833892,20.937278016615533,-19.043649256178107,20.745632451246056,24.61015022622274,174809158434.80002,265684158434.8,13.40561030941718,5.593356107727259,29.518601559405607,102.28739522223523,2.113697912225675,2.113697912225675,8.501076966524813,30.92587107843092,44.8639240855792,155.46176619941488,0.0186489084964956,0.0097763756504635,1.173959832170538,0.3666388480841052,10.57793039227098,0.5967212299119359,4.400392541707556,1.8782112274024736,0.0067502184128419,0.3619631901840491,0.3501423863309122,0.0,0.6018820970427966,0.7114150624788923,0.134803058906345,1.193822612638141,0.0091511214923367,19.53737023739452,0.0154300087051103,0.0309221634131997,-41.33153936093581,-16211000000.0,-75918000000.0,-157357000000.0,202860000000.0,13324500000.0,12325500000.0,0.0,39.77762134835056,109.13904056162248,0.0,2.262578730181713,0.8246361662780414,0.0,0.0394181589543305,1.0568099043214834,2024-01-25,0.79,bmo,30495500000.0,2025-04-25,2023-12-31,0.0632911392405062,42.86111111111112,19013487.253968254
2023-09-30,CMCSA,USD,1166691,2023-10-26,2023-10-26 14:52:11,2023,Q3,30115000000.0,8652000000.0,21462000000.0,0.7126681056,0,9629000000.0,1866000000.0,11495000000.0,88000000.0,14988000000.0,23641000000.0,0.0,1060000000.0,3493000000.0,10018000000.0,0.3326581438,6475000000.0,0.2150091317,-1010000000.0,5465000000.0,0.1814710277,1468000000.0,4046000000.0,0.134351652,0.98,0.98,4109000000,4141000000,https://www.sec.gov/Archives/edgar/data/1166691/000116669123000040/0001166691-23-000040-index.htm,https://www.sec.gov/Archives/edgar/data/1166691/000116669123000040/cmcsa-20230930.htm,7.329033828182039,0.9846678023850084,1.9841810659527863,0.9807739109272328,1.56607447067413,20.29520564614261,-18.24726210756875,20.108298856169384,25.203942565101,182193060000.0,278261060000.0,11.257603806228374,6.049910675742985,22.346750889243225,45.20919602977668,2.2050597276853257,2.2050597276853257,9.23994886269301,27.776109003793177,34.12989819698271,69.04740942928039,0.0222072125030448,0.022119393570754,1.2405809379727686,0.3926234908377765,9.589538830105807,0.7003887663920157,6.108490566037736,2.0397798348761573,0.0065809312385444,0.29634206623826,0.3197409928607006,0.0,0.6066180976895262,0.5057034220532319,0.1369085173501577,1.1806987399770903,0.0095301344844761,21.106867958063297,0.02017275452465,0.0393959163007176,-39.33244098320759,-10327000000.0,-74978000000.0,-153538000000.0,206209000000.0,12907500000.0,12213500000.0,0.0,38.3609496928441,127.05270457697642,0.0,2.346135867871611,0.7083674471917472,0.0,0.0489682299546142,1.0034071550255537,2023-10-26,0.95,bmo,29718000000.0,2025-04-25,2023-09-30,0.136842105263158,44.647936507936514,17530024.634920634
2023-06-30,CMCSA,USD,1166691,2023-07-27,2023-07-27 15:10:06,2023,Q2,30513000000.0,8849000000.0,21664000000.0,0.7099924622,0,9317000000.0,2100000000.0,2100000000.0,133000000.0,14955000000.0,23804000000.0,0.0,998000000.0,3538000000.0,10247000000.0,0.335824075,6709000000.0,0.2198734965,-983000000.0,5726000000.0,0.1876577197,1537000000.0,4248000000.0,0.1392193491,1.02,1.02,4165000000,4183000000,https://www.sec.gov/Archives/edgar/data/1166691/000116669123000032/0001166691-23-000032-index.htm,https://www.sec.gov/Archives/edgar/data/1166691/000116669123000032/cmcsa-20230630.htm,7.326050420168067,1.0199279711884754,1.7282112845138056,0.8218487394957983,1.7157262905162065,20.38823529411765,-17.981272509003603,20.196638655462184,24.89003601440576,173055750000.0,268578750000.0,10.1845427259887,5.671541637990365,24.04219922200611,50.55674846625767,2.0572730298743447,2.0572730298743447,8.802108937174319,26.2104762369474,37.31296888024451,78.46297107800176,0.0245470029166901,0.0197797530564572,1.220520928684364,0.3916466715239922,9.322045476724895,0.7569324221716022,6.722444889779559,1.7178997613365157,0.0070093019157121,0.2855461393596987,0.3053452626749254,0.0,0.6096159788210431,0.5244512364545707,0.1237177596434306,1.066986998304127,0.0101268311867073,21.52858856255041,0.020716612883332,0.0415095077097461,-38.49933973589436,-8003000000.0,-74892000000.0,-152308000000.0,208657000000.0,12633000000.0,12186000000.0,0.0,38.28237144823518,124.21403548423552,0.0,2.3509515370983896,0.7245558011954475,0.0,0.0504998870647535,0.9063625450180072,2023-07-27,0.97,bmo,30132000000.0,2025-04-25,2023-06-30,0.1649484536082473,39.71774193548387,18757880.91935484
2023-03-31,CMCSA,USD,1166691,2023-04-27,2023-04-27 15:17:11,2023,Q1,29691000000.0,9004000000.0,20687000000.0,0.6967431208,0,9301000000.0,1963000000.0,1963000000.0,13078000000.0,15041000000.0,24045000000.0,0.0,1010000000.0,3777000000.0,9423000000.0,0.3173688997,5646000000.0,0.1901586339,-403000000.0,5243000000.0,0.1765854973,1476000000.0,3834000000.0,0.1291300394,0.91,0.91,4208000000,4227000000,https://www.sec.gov/Archives/edgar/data/1166691/000116669123000024/0001166691-23-000024-index.htm,https://www.sec.gov/Archives/edgar/data/1166691/000116669123000024/cmcsa-20230331.htm,7.055846007604563,0.9111216730038024,1.717680608365019,0.9028041825095056,1.315351711026616,19.832461977186316,-18.17633079847909,19.586739543726235,24.172053231939163,159525280000.0,254696280000.0,10.402013562858633,5.372849685089758,22.070459324847818,41.99138720715978,1.9354931388845071,1.9354931388845071,8.578231787410326,27.029213626233684,35.23744881018262,67.0429797315083,0.0240338083092535,0.0238144073465973,1.2218488006697323,0.3881832794329084,10.09986203969012,0.6903285515964831,5.59009900990099,1.9187682505972925,0.0073593351473822,0.306207616066771,0.3132599104105621,0.0,0.6165116467318611,0.4744050913115661,0.115489542285541,0.9078633836378078,0.0120912060893873,20.038283741124527,0.0173863489291468,0.0385373110324863,-38.31362880228137,-10038000000.0,-76486000000.0,-153597000000.0,206182000000.0,12479000000.0,12351500000.0,0.0,37.244619581691424,121.53598400710794,0.0,2.4164564173516725,0.7405214244592483,0.0,0.0465172710838257,0.8148764258555133,2023-04-27,0.82,bmo,29302900000.0,2025-04-25,2023-03-31,0.1219512195121952,37.810806451612905,19623118.032258064
2022-12-31,CMCSA,USD,1166691,2023-02-03,2023-02-03 12:15:04,2022,Q4,30552000000.0,9807000000.0,20745000000.0,0.6790062844,0,10561000000.0,2182000000.0,2182000000.0,14033000000.0,16215000000.0,26022000000.0,0.0,974000000.0,3472000000.0,8002000000.0,0.2619141136,4530000000.0,0.1482717989,-860000000.0,3670000000.0,0.1201230689,797000000.0,3023000000.0,0.0989460592,0.72,0.7,4220119391,4290000000,https://www.sec.gov/Archives/edgar/data/1166691/000116669123000010/0001166691-23-000010-index.htm,https://www.sec.gov/Archives/edgar/data/1166691/000116669123000010/cmcsa-20221231.htm,7.239605605745764,0.7163304446900185,1.3940363897159704,0.3151569604491315,1.125323612911974,19.43973437693673,-18.408720892038858,19.18026304483763,23.922782899295463,147577575103.27,242811575103.27,12.204562942711709,4.830373628674718,25.085428370435157,110.96058278441352,1.8232283842119763,1.8232283842119763,7.9474854380489,30.34386092267808,41.27342769050994,182.565094062609,0.0204841419699747,0.0090122093351195,1.2352272586882127,0.3886230687008065,11.901274681329667,0.7826585864381252,4.650924024640657,2.04768534632788,0.0079280337760074,0.387032748924909,0.3456729510343022,0.0,0.6208337382178603,0.7739248682644909,0.149024613773239,1.3113479262672811,0.0113576852579209,17.582282076398716,0.0153431073436077,0.0309892362890825,-38.14696578094987,-6061000000.0,-77687000000.0,-153411000000.0,209149000000.0,12294500000.0,12392500000.0,0.0,37.32619795758052,115.11777301927194,0.0,2.411175124299582,0.7818080357142857,0.0,0.0373472690658858,1.0788794292668389,2023-01-26,0.77,bmo,30353425111.0,2025-04-25,2022-12-31,0.0649350649350648,33.077777777777776,26236007.34920635
2022-09-30,CMCSA,USD,1166691,2022-10-27,2022-10-27 15:05:20,2022,Q3,29849000000.0,8950000000.0,20899000000.0,0.7001574592,0,9344000000.0,2066000000.0,2066000000.0,12677000000.0,14743000000.0,23693000000.0,0.0,960000000.0,3333000000.0,641000000.0,0.0214747563,5893000000.0,0.1974270495,-1227000000.0,-3652000000.0,-0.1223491574,1014000000.0,-4666000000.0,-0.1563201447,-1.07,-1.07,4377000000,4377000000,https://www.sec.gov/Archives/edgar/data/1166691/000116669122000039/0001166691-22-000039-index.htm,https://www.sec.gov/Archives/edgar/data/1166691/000116669122000039/cmcsa-20220930.htm,6.819511080648846,-1.0660269591044094,1.5869316883710305,0.7733607493717158,1.3011194882339503,18.583961617546265,-17.30089102124743,18.34498514964588,22.522960932145303,128377410000.0,220305410000.0,-6.878343870552936,4.300894837347985,18.48220702562626,37.925379615952735,1.5988020573876656,1.5988020573876656,7.380663003785721,343.6901872074883,31.716874460120938,65.08283899556868,-0.0363459583738291,0.0263675673157761,1.2157890804025109,0.3838770310017774,143.41341653666146,0.8363155826993821,6.138541666666667,-1.4889603429796356,0.009300701735609,-0.2558936990998714,0.313042312975309,0.0,0.6176290167827988,0.5126691621076879,0.119300479078026,1.0684068406840683,0.0105196153975007,,0.0329715892917924,-0.0479843685726038,-36.1737491432488,-4583000000.0,-75726000000.0,-149550000000.0,206040000000.0,11936500000.0,12272500000.0,0.0,35.934872190023114,123.09385474860336,0.0,2.504530961570733,0.731149415897394,0.0,-0.0581099930258045,0.8135709389993147,2022-10-27,0.89,bmo,29565813090.0,2025-04-25,2022-09-30,0.0786516853932583,37.38890625,24751250.3125
2022-06-30,CMCSA,USD,1166691,2022-07-28,2022-07-28 14:53:41,2022,Q2,30016000000.0,8888000000.0,21128000000.0,0.703891258,0,9098000000.0,2196000000.0,2196000000.0,12566000000.0,14762000000.0,23650000000.0,0.0,968000000.0,3468000000.0,9835000000.0,0.3276585821,6367000000.0,0.2121202026,-1865000000.0,4502000000.0,0.1499866738,1261000000.0,3396000000.0,0.1131396588,0.76,0.76,4457000000,4482000000,https://www.sec.gov/Archives/edgar/data/1166691/000116669122000030/0001166691-22-000030-index.htm,https://www.sec.gov/Archives/edgar/data/1166691/000116669122000030/cmcsa-20220630.htm,6.734574826116222,0.7619474983172537,1.4195647296387706,0.711465111061252,1.5306259816019745,20.881983396903745,-16.856630020192956,20.512901054520977,22.36504375140229,174892680000.0,266783680000.0,12.874902826855124,5.826648454157782,27.642275960170696,55.153793755912965,1.9129424890075035,1.9129424890075035,8.888049040511728,27.12594611082867,42.16590485222064,84.13234941658783,0.0194176222812755,0.0181311190382582,1.0797038041694922,0.3696673057910662,9.34326385358414,0.8769983686786297,6.577479338842975,1.9521752545510644,0.006924246343529,0.3565959952885748,0.3031050106609808,0.0,0.6298907996045418,0.4988146040777619,0.1051439232409381,0.9100346020761244,0.0099613539445629,18.752851968133708,0.0189773475266336,0.0343616881342898,-35.4886134170967,-3393000000.0,-75130000000.0,-149769000000.0,218316000000.0,12127500000.0,12505500000.0,0.0,35.845882196162044,124.5904590459046,0.0,2.510748640736093,0.7223667100130039,0.0,0.0371447946973508,0.7080996185775185,2022-07-28,0.91,bmo,29730571205.0,2025-04-25,2022-06-30,0.1098901098901098,42.87887096774193,24529722.5
2022-03-31,CMCSA,USD,1166691,2022-04-28,2022-04-28 16:04:27,2022,Q1,31010000000.0,10570000000.0,20440000000.0,0.6591422122,0,9260000000.0,2062000000.0,2062000000.0,12808000000.0,14870000000.0,25440000000.0,0.0,993000000.0,3548000000.0,9118000000.0,0.2940341825,5569000000.0,0.1795872299,-805000000.0,4764000000.0,0.153627862,1288000000.0,3549000000.0,0.1144469526,0.79,0.78,4512000000,4558000000,https://www.sec.gov/Archives/edgar/data/1166691/000116669122000018/0001166691-22-000018-index.htm,https://www.sec.gov/Archives/edgar/data/1166691/000116669122000018/cmcsa-20220331.htm,6.872783687943262,0.7865691489361702,1.608377659574468,1.0549645390070923,1.9680851063829787,21.38874113475177,-17.00775709219858,20.98692375886525,22.32358156028369,211251840000.0,302102840000.0,14.881081994928149,6.812377942599162,29.110078544853245,44.380638655462185,2.2309129502708758,2.2309129502708758,9.742110287004191,33.13257731958763,41.629163566211936,63.46698319327731,0.0167998536722804,0.0225323481206128,1.0532035102911514,0.363883476725264,9.963917525773196,0.8558181879488822,5.608257804632427,2.087744533947065,0.0055194785522341,0.3285432516201746,0.2986133505320864,0.0,0.6321103059757583,0.3440815764089844,0.0805224121251209,0.7037767756482526,0.0121251209287326,19.27232477143004,0.0164820099616715,0.0351982068650884,-35.341976950354606,-4276000000.0,-76739000000.0,-152187000000.0,222789000000.0,12154000000.0,12581000000.0,0.0,35.69816188326346,108.19583727530748,0.0,2.5211382113821137,0.8318249783583851,0.0,0.0374790111201461,0.5534131205673759,2022-04-28,0.8,bmo,30499742984.0,2025-04-25,2022-03-31,0.0749999999999999,48.16370967741936,23037338.370967746
2021-12-31,CMCSA,USD,1166691,2022-02-02,2022-02-02 15:15:17,2021,Q4,30336000000.0,9880000000.0,20456000000.0,0.674314346,0,9821000000.0,2233000000.0,2233000000.0,65000000.0,15635000000.0,25515000000.0,0.0,1120000000.0,3581000000.0,8459000000.0,0.2788436181,4821000000.0,0.1589200949,-936000000.0,3885000000.0,0.1280656646,905000000.0,3057000000.0,0.1007713608,0.67,0.66,4533230325,4613000000,https://www.sec.gov/Archives/edgar/data/1166691/000116669122000009/0001166691-22-000009-index.htm,https://www.sec.gov/Archives/edgar/data/1166691/000116669122000009/cmcsa-20211231.htm,6.691916762468935,0.67435355824326,1.6961414816265703,0.8347248493269532,1.9215877807841144,21.620123614610293,-17.19546425208386,21.19724635875412,22.310801073183946,228157482257.25,319466482257.25,18.658609932715898,7.521014051201543,29.67323218328131,60.295317721260574,2.3743650070479334,2.3743650070479334,10.530936255842892,37.766459659209126,41.54850855211991,84.42560313352273,0.0133986401399415,0.0165850357505852,1.0408774924031137,0.3625160834345155,10.79430192694172,0.8452705465449094,4.304464285714285,2.581067472306143,0.0050184635133245,0.3745502126267582,0.3237407700421941,0.0,0.6377557492615211,0.5078683834048641,0.1287249472573839,1.090173087660525,0.0097573839662447,17.93390270987212,0.0148686271504504,0.0305868227525138,-35.334405824614706,-4541000000.0,-77951000000.0,-153089000000.0,225466000000.0,11991500000.0,12237500000.0,0.0,35.625,113.45647773279352,0.0,2.526315789473684,0.7932557205941388,0.0,0.0318132622903051,0.8614166322996174,2022-01-27,0.73,bmo,30461100000.0,2025-04-25,2021-12-31,0.0547945205479452,52.11890625,19903375.84375
2021-09-30,CMCSA,USD,1166691,2021-10-28,2021-10-28 14:16:59,2021,Q3,30298000000.0,10395000000.0,19903000000.0,0.6569080467,0,8981000000.0,1995000000.0,1995000000.0,59000000.0,14454000000.0,24849000000.0,0.0,1050000000.0,3478000000.0,8926000000.0,0.2946069047,5450000000.0,0.1798798601,-284000000.0,5166000000.0,0.170506304,1235000000.0,4035000000.0,0.1331771074,0.88,0.86,4588000000,4665000000,https://www.sec.gov/Archives/edgar/data/1166691/000116669121000036/0001166691-21-000036-index.htm,https://www.sec.gov/Archives/edgar/data/1166691/000116669121000036/cmcsa-20210930.htm,6.603748910200523,0.8794681778552746,1.3295553618134264,0.7048823016564952,2.573234524847428,21.32214472537053,-16.827157802964255,20.876634699215344,22.544899738448127,256606840000.0,347186840000.0,15.898812887236678,8.469431645653179,42.06669508196721,79.34658008658009,2.6790716418533758,2.6790716418533758,11.459067925275596,38.896128164911495,56.91587540983607,107.3552380952381,0.01572444444583,0.0126029376301894,1.0689482366206595,0.3695431691937876,10.147882590185974,1.0257685690777172,5.190476190476191,1.5513733468972533,0.0045088431781475,0.2867410161090458,0.2964222060862103,0.0,0.6317345277754718,0.4698360655737705,0.094593702554624,0.8242737992522289,0.0101656875041256,20.32504753426312,0.0165211501892439,0.0395464168104124,-34.535255013077595,689000000.0,-77203000000.0,-151808000000.0,228527000000.0,11543000000.0,11846000000.0,0.0,35.57165489471252,104.06926406926408,0.0,2.530104384133612,0.8648086522462562,0.0,0.042126913198722,0.6246730601569311,2021-10-28,0.75,bmo,29765700000.0,2025-04-25,2021-09-30,0.16,58.30921875,14189373.328125
2021-06-30,CMCSA,USD,1166691,2021-07-29,2021-07-29 15:45:07,2021,Q2,28546000000.0,9256000000.0,19290000000.0,0.6757514188,0,8549000000.0,1851000000.0,1851000000.0,69000000.0,13783000000.0,23039000000.0,0.0,1093000000.0,3383000000.0,8890000000.0,0.3114271702,5507000000.0,0.1929166959,123000000.0,5630000000.0,0.1972255307,2000000000.0,3738000000.0,0.1309465424,0.81,0.8,4601000000,4673000000,https://www.sec.gov/Archives/edgar/data/1166691/000116669121000029/0001166691-21-000029-index.htm,https://www.sec.gov/Archives/edgar/data/1166691/000116669121000029/cmcsa-20210630.htm,6.204303412301673,0.8124320799826125,1.653118887198435,1.0412953705716148,2.6902847207128886,21.09237122364703,-17.266029124103454,20.63355792219083,22.787220169528364,262349020000.0,353722020000.0,17.546082129481007,9.190395151685,34.49237707073363,54.75871843039032,2.7634594196028863,2.7634594196028863,12.391298956070903,39.78875365579302,46.50565606100447,73.83051972448341,0.0142481950189865,0.0182619321391023,1.0928635382103544,0.3745469379503545,10.278177727784026,0.9226308248618408,5.038426349496798,2.0953168044077133,0.0043834735879707,0.3076511503477795,0.2994815385693267,0.0,0.6371279837114265,0.3701025506179332,0.0986127653611714,0.8321016848950635,0.0118405380788902,19.42101177986775,0.0141407284586566,0.0371877393873673,-34.61133449250163,-2268000000.0,-79441000000.0,-152912000000.0,226988000000.0,11048500000.0,11410000000.0,0.0,35.03082743641841,113.49178910976664,0.0,2.569165691656917,0.7930089102124743,0.0,0.0393743087375572,0.6118235166268202,2021-07-29,0.67,bmo,27174600000.0,2025-04-25,2021-06-30,0.253731343283582,55.90984126984127,16412629.84126984
2021-03-31,CMCSA,USD,1166691,2021-04-29,2021-04-29 15:22:23,2021,Q1,27205000000.0,8919000000.0,18286000000.0,0.6721558537,0,8269000000.0,1616000000.0,1616000000.0,17000000.0,13247000000.0,22166000000.0,0.0,1018000000.0,3362000000.0,8401000000.0,0.3088035288,5039000000.0,0.1852233045,-628000000.0,4411000000.0,0.1621393126,1119000000.0,3329000000.0,0.1223672119,0.73,0.71,4591000000,4665000000,https://www.sec.gov/Archives/edgar/data/1166691/000116669121000020/0001166691-21-000020-index.htm,https://www.sec.gov/Archives/edgar/data/1166691/000116669121000020/cmcsa-20210331.htm,5.925724243084296,0.7251143541712045,1.6883032019167936,1.1500762361141363,3.256371160967109,20.615552167283816,-18.00675234153779,20.164452189065564,23.93792202134611,248419010000.0,342350010000.0,18.655678131571044,9.131373276971145,32.049930331570124,47.04905492424243,2.683435160680529,2.683435160680529,12.584084175702996,40.75110224973218,44.16849567797704,64.83901704545454,0.0134007457802846,0.021254412051638,1.1761382662705917,0.3909396756322012,11.18093084156648,0.9554379929246049,4.949901768172888,2.3544957472661,0.0043474933741986,0.3244217482727546,0.3039514795074435,0.0,0.6366534894492497,0.3187975745065153,0.0908288917478404,0.7349791790600833,0.0137107149421062,18.13793011458403,0.0148951645720364,0.0328965571761729,-34.99793073404487,-1373000000.0,-82669000000.0,-154427000000.0,228259000000.0,11226000000.0,11256000000.0,0.0,36.34405440176438,112.49243188698284,0.0,2.476333515383215,0.80005382131324,0.0,0.0359600324061571,0.5382269658026574,2021-04-29,0.59,bmo,26809200000.0,2025-04-25,2021-03-31,0.288135593220339,52.82803278688525,19028085.49180328
2020-12-31,CMCSA,USD,1166691,2021-02-04,2021-02-03 18:08:14,2020,Q4,27708000000.0,9438000000.0,18270000000.0,0.6593763534,0,9150000000.0,1950000000.0,1950000000.0,72000000.0,14352000000.0,23790000000.0,0.0,1044000000.0,3252000000.0,7170000000.0,0.2587700303,3918000000.0,0.1414032049,498000000.0,4416000000.0,0.1593763534,979000000.0,3380000000.0,0.1219864299,0.74,0.73,4580656172,4645000000,https://www.sec.gov/Archives/edgar/data/1166691/000116669121000008/0001166691-21-000008-index.htm,https://www.sec.gov/Archives/edgar/data/1166691/000116669121000008/cmcsa-20201231.htm,6.048915037406567,0.7378855502538687,1.1007156640177531,0.3324851162830302,2.5629515857930234,20.306697666720225,-18.71893387766804,19.71835401052668,24.00791412204688,240026383412.8,337214383412.8,17.753430725798818,8.66271053171647,47.60539139484331,157.6010396669731,2.6574226211795446,2.6574226211795446,12.170289570261296,47.03129475771269,66.88107564712415,221.4145656026264,0.0140817853101883,0.006345135806928,1.2059829722219146,0.3977376044751323,13.554811715481172,0.9286359216557856,3.7528735632183903,1.466977014838522,0.0043911839399226,0.3118343195266272,0.3302295365959289,0.0,0.6527317805228047,0.6979373264577549,0.1270030316154179,1.0821033210332105,0.0097805687887974,18.093437794710443,0.0122851334209254,0.0355392929993901,-35.041158727684575,-2055000000.0,-85745000000.0,-154110000000.0,228703000000.0,10888000000.0,11171500000.0,0.0,37.24339540926808,108.36617927527018,0.0,2.4165358451072736,0.8305174234424498,0.0,0.0374212548298882,0.7682305477347231,2021-01-28,0.48,bmo,23089999999.0,2025-04-25,2020-12-31,0.1666666666666668,47.91421875,16968489.578125
2020-09-30,CMCSA,USD,1166691,2020-10-29,2020-10-29 15:03:25,2020,Q3,25532000000.0,8565000000.0,16967000000.0,0.6645386182,0,8059000000.0,1512000000.0,1512000000.0,62000000.0,12891000000.0,21456000000.0,0.0,1220000000.0,3320000000.0,7396000000.0,0.2896757011,4076000000.0,0.1596428012,-1306000000.0,2770000000.0,0.108491305,739000000.0,2019000000.0,0.0790772364,0.44,0.44,4577000000,4628000000,https://www.sec.gov/Archives/edgar/data/1166691/000116669120000032/0001166691-20-000032-index.htm,https://www.sec.gov/Archives/edgar/data/1166691/000116669120000032/cmcsa-20200930.htm,5.578326414682106,0.4411186366615687,1.1422329036486782,0.5001092418614813,2.9947563906488965,19.406816692156436,-18.93467336683417,18.8280533100284,24.21039982521302,211732020000.0,307616020000.0,26.217436849925704,8.292809807300642,40.49962127008416,92.49979030144168,2.45697201076866,2.45697201076866,12.048253955820147,41.59221471065441,58.84009563886764,134.3888248143294,0.0095356384924679,0.0108108353190981,1.271711381359079,0.4074923774819662,12.964305029745807,0.9274168953949374,3.3409836065573773,2.574101427868045,0.0049968823799064,0.5240217929668153,0.3156431145229516,0.0,0.6525210084033614,0.5621652639632747,0.1151104496318345,0.8852409638554217,0.0117891273695754,13.670099383691362,0.0122553952434826,0.0216049052444596,-34.66801398295827,-2142000000.0,-86664000000.0,-152746000000.0,223813000000.0,10268500000.0,10702500000.0,0.0,36.34262885790381,115.36602451838878,0.0,2.4764306498545103,0.7801256945076965,0.0,0.023428796880802,0.6421236617871968,2020-10-29,0.51,bmo,19149000000.0,2025-04-25,2020-09-30,0.2745098039215686,43.47578125,17574974.59375
2020-06-30,CMCSA,USD,1166691,2020-07-30,2020-07-30 18:31:48,2020,Q2,23715000000.0,6817000000.0,16898000000.0,0.7125448029,0,7646000000.0,1341000000.0,1341000000.0,115000000.0,12251000000.0,19068000000.0,0.0,1112000000.0,3264000000.0,7911000000.0,0.3335863378,4647000000.0,0.1959519292,-692000000.0,3955000000.0,0.1667720852,946000000.0,2988000000.0,0.1259962049,0.65,0.65,4570000000,4607000000,https://www.sec.gov/Archives/edgar/data/1166691/000116669120000024/0001166691-20-000024-index.htm,https://www.sec.gov/Archives/edgar/data/1166691/000116669120000024/cmcsa-6302020x10q.htm,5.189277899343545,0.6538293216630197,1.8912472647702407,1.3054704595185995,3.049234135667396,18.82866520787746,-19.0527352297593,18.296280087527357,24.30831509846827,178138600000.0,274180600000.0,14.904501338688084,7.511642420409024,20.61073701261136,29.858967482400267,2.1304877173679047,2.1304877173679047,11.561484292641788,34.658146884085454,31.722850861969224,45.95719074756956,0.0167734561740128,0.0334907762831862,1.315294089506542,0.4134815661445683,12.140310959423587,0.9662506591668132,4.178956834532374,2.872382851445663,0.0058999004146209,0.3517402945113788,0.3224119755429053,0.0,0.6508733805051545,0.3097304176790466,0.1128821421041535,0.8201593137254902,0.0136200716845878,16.406081158160653,0.0146348809245099,0.0321774714624165,-34.64458424507659,-960000000.0,-87071000000.0,-152446000000.0,221143000000.0,10513500000.0,10194500000.0,0.0,38.81214421252372,137.6470588235294,0.0,2.318861836315635,0.6538461538461539,0.0,0.0357356423565431,0.5857768052516411,2020-07-30,0.55,bmo,18903260869.0,2025-04-25,2020-06-30,0.2545454545454543,38.08365079365079,21826764.07936508
2020-03-31,CMCSA,USD,1166691,2020-04-30,2020-04-30 15:24:15,2020,Q1,26609000000.0,8301000000.0,18308000000.0,0.6880378819,0,8254000000.0,1938000000.0,1938000000.0,10000000.0,13456000000.0,21757000000.0,0.0,1212000000.0,3264000000.0,8116000000.0,0.3050095832,4852000000.0,0.1823443196,-1928000000.0,2924000000.0,0.109887632,700000000.0,2147000000.0,0.0806869856,0.47,0.46,4562000000,4617000000,https://www.sec.gov/Archives/edgar/data/1166691/000116669120000017/0001166691-20-000017-index.htm,https://www.sec.gov/Archives/edgar/data/1166691/000116669120000017/cmcsa-3312020x10q.htm,5.832748794388426,0.470626918018413,1.2766330556773344,0.7288469969311705,1.8667251205611577,18.42218325295923,-19.640070144673388,17.866286716352477,24.102367382726875,156841560000.0,257068560000.0,18.262873777363765,5.894304934420685,26.93021291208792,47.17039398496241,1.9242946531543688,1.9242946531543688,9.660962832124468,31.67429275505175,44.13951923076923,77.31385263157895,0.0136889737643517,0.0211997381306332,1.3341717174195764,0.4143837573974643,12.349310004928537,0.8726086956521739,4.003300330033003,2.618705035971223,0.0062292162868056,0.4550535631113181,0.3101957984140704,0.0,0.6616848499167368,0.4290865384615384,0.0939155924687135,0.765625,0.0111992183095944,13.754562796009957,0.0155194853212278,0.0241831022403442,-35.45879000438404,-3516000000.0,-89598000000.0,-154295000000.0,218566000000.0,11046000000.0,10394500000.0,0.0,36.52899394941561,108.01951572099748,0.0,2.4637962962962963,0.8331827762722072,0.0,0.0263416190219124,0.5477860587461639,2020-04-30,0.69,bmo,25484676056.0,2025-04-25,2020-03-31,0.0289855072463768,42.18564516129032,28858574.096774194
2019-12-31,CMCSA,USD,1166691,2020-01-30,2020-01-30 16:41:57,2019,Q4,28398000000.0,9300000000.0,19098000000.0,0.6725121487,0,8731000000.0,1943000000.0,1943000000.0,63000000.0,13851000000.0,23151000000.0,0.0,1113000000.0,3177000000.0,8424000000.0,0.2966406085,5247000000.0,0.1847665329,-1186000000.0,4061000000.0,0.1430030284,861000000.0,3162000000.0,0.1113458694,0.69,0.68,4553034645,4623000000,https://www.sec.gov/Archives/edgar/data/1166691/000116669120000008/0001166691-20-000008-index.htm,https://www.sec.gov/Archives/edgar/data/902739/000116669120000008/cmcsa-12312019x10k.htm,6.237158777428983,0.6944818668297219,1.369416331335647,0.5181159784476008,1.2079855368638426,18.72289728645366,-19.306903385093836,18.169420276836043,23.829381601378085,204749967985.65,306632967985.65,16.188327639599144,7.210013662428692,32.83880801694466,86.79523865436626,2.4750376905162828,2.4750376905162828,10.797695893571731,36.39992497455485,49.1793052102085,129.9843018167232,0.015443225857899,0.0115213693228285,1.2980562338321688,0.4076586665856788,12.09437321937322,0.8382411197675954,4.714285714285714,1.9484375,0.00467399340481,0.3026565464895636,0.3074512289597859,0.0,0.6573340824709393,0.6216519647153168,0.1364884851045848,1.2200188857412653,0.0081343756602577,16.849702980886494,0.0174032012798202,0.0350309650687435,-36.063639485001104,-4900000000.0,-87905000000.0,-152776000000.0,216573000000.0,10988000000.0,10512000000.0,0.0,35.78702725544053,104.76774193548388,0.0,2.5148777895855474,0.859043044522446,0.0,0.0382225660614558,0.8513003528880462,2020-01-23,0.76,bmo,27319594936.0,2025-04-25,2019-12-31,0.0394736842105263,44.5140625,17825091.90625
2019-09-30,CMCSA,USD,1166691,2019-10-24,2019-10-24 15:28:40,2019,Q3,26827000000.0,8316000000.0,18511000000.0,0.6900137921,0,8090000000.0,1901000000.0,1901000000.0,71000000.0,13171000000.0,21487000000.0,0.0,1167000000.0,3180000000.0,8520000000.0,0.3175904872,5340000000.0,0.1990531927,-1277000000.0,4063000000.0,0.1514518955,775000000.0,3217000000.0,0.119916502,0.71,0.7,4551000000,4619000000,https://www.sec.gov/Archives/edgar/data/1166691/000116669119000020/0001166691-19-000020-index.htm,https://www.sec.gov/Archives/edgar/data/902739/000116669119000020/cmcsa-9302019x10q.htm,5.8947484069435285,0.7068776093166337,1.14062843331136,0.4552845528455284,0.7705998681608438,17.69457262140189,-19.67941111843551,17.170731707317074,23.559217754339706,205159080000.0,307703080000.0,15.943354056574448,7.647484996458791,39.52207281833943,99.015,2.625397727272727,2.625397727272727,11.469902709956386,36.115384976525824,59.27626276247352,148.5053474903475,0.0156805148473077,0.0100994798767863,1.3571227477477477,0.4136573911551093,12.03568075117371,0.8589403209049983,4.575835475578407,1.5787712895377128,0.0046549243640593,0.2968604289710911,0.3015618593208335,0.0,0.6634409105447511,0.6008476208822963,0.1162634659112088,0.980817610062893,0.0095799008461624,16.52562041311691,0.0186731612610238,0.0372834212203743,-36.10766864425401,-3666000000.0,-89561000000.0,-153523000000.0,213213000000.0,10759500000.0,10106000000.0,0.0,35.84299399858352,110.36796536796535,0.0,2.510950954698614,0.8154540105903119,0.0,0.041167588042588,0.6853438804658317,2019-10-24,0.75,bmo,25468670886.0,2025-04-25,2019-09-30,0.0533333333333333,44.30375,16372919.453125
2019-06-30,CMCSA,USD,1166691,2019-07-25,2019-07-25 15:37:50,2019,Q2,26858000000.0,8255000000.0,18603000000.0,0.692642788,0,8086000000.0,1885000000.0,1885000000.0,-47000000.0,13247000000.0,21502000000.0,0.0,1137000000.0,3276000000.0,8632000000.0,0.3213939981,5356000000.0,0.1994191675,-1192000000.0,4164000000.0,0.1550376052,961000000.0,3125000000.0,0.1163526696,0.69,0.68,4544985368,4607000000,https://www.sec.gov/Archives/edgar/data/1166691/000116669119000015/0001166691-19-000015-index.htm,https://www.sec.gov/Archives/edgar/data/902739/000116669119000015/cmcsa-6302019x10q.htm,5.909369959494224,0.6875709704154982,1.5489598821520345,0.9342164289229457,0.8622690025786679,17.416777743078534,-20.41370708324797,16.90874530445793,23.927469770459336,194116325067.28,297810325067.28,15.5293060053824,7.2275048427760815,27.573341628875,45.71745762300518,2.5259118421246587,2.5259118421246587,11.08832843351255,34.50073274644115,42.30260299251137,70.13903086841263,0.0160985944840903,0.0218734822974232,1.400299284320104,0.4194539182631404,12.01274328081557,0.6888867389060888,4.710642040457344,2.197939431782704,0.004914578924103,0.30528,0.3010648596321394,0.0,0.6701837812554813,0.396875,0.1040285948320798,0.8528693528693528,0.0107230620299352,16.17356344141975,0.0177649326325342,0.0369315495887302,-36.38092020365774,-9647000000.0,-92780000000.0,-156035000000.0,208339000000.0,10785500000.0,10123000000.0,0.0,36.30761784198377,109.17746820109024,0.0,2.4788186432856483,0.8243459157179948,0.0,0.0406636304489264,0.6147434532290886,2019-07-25,0.75,bmo,25824999999.0,2025-04-25,2019-06-30,0.04,42.18587301587301,17836765.85714286
2019-03-31,CMCSA,USD,1166691,2019-04-25,2019-04-25 15:33:21,2019,Q1,26859000000.0,8569000000.0,18290000000.0,0.6809635504,0,7900000000.0,1888000000.0,1888000000.0,200000000.0,13108000000.0,21677000000.0,0.0,1150000000.0,3320000000.0,8502000000.0,0.3165419412,5182000000.0,0.1929334674,-474000000.0,4708000000.0,0.1752857515,1076000000.0,3553000000.0,0.1322834059,0.78,0.77,4538515208,4594000000,https://www.sec.gov/Archives/edgar/data/1166691/000116669119000010/0001166691-19-000010-index.htm,https://www.sec.gov/Archives/edgar/data/902739/000116669119000010/cmcsa-3312019x10q.htm,5.9180147623292925,0.7828551491327294,1.593252345448569,1.011784645318743,0.7707366483721607,17.00512093998474,-20.978887507563904,16.516194518390165,24.290543260861096,182947548034.48,288542548034.48,12.872751761502956,6.811405787053874,25.30044918192228,39.84049390994774,2.4406348541800185,2.4406348541800185,10.742862654398152,33.93819666366502,39.9035469553976,62.83592073921602,0.0194208670089984,0.0251000904321196,1.4553689350178098,0.4258301488354301,12.420018819101388,0.726188344019773,4.506086956521739,1.9909140969162995,0.0047499953365661,0.2445820433436532,0.294128597490599,0.0,0.6729055501992669,0.3649564375605034,0.0982538441490748,0.7948795180722892,0.0091217096690122,17.056383797950513,0.0171646693191867,0.042399579942242,-36.897750106646775,-7644000000.0,-95213000000.0,-158738000000.0,210468000000.0,10920000000.0,9363000000.0,0.0,35.974533675862844,107.46644882716772,0.0,2.501769746646796,0.837470680218921,0.0,0.0473992449205565,0.5814677001298263,2019-04-25,0.68,bmo,24031736842.0,2025-04-25,2019-03-31,0.1176470588235293,37.627377049180325,20721495.62295082
2018-12-31,CMCSA,USD,1166691,2019-01-31,2019-01-31 17:00:03,2018,Q4,27846000000.0,9252000000.0,18594000000.0,0.6677440207,0,8782000000.0,2101000000.0,2101000000.0,128000000.0,14080000000.0,23332000000.0,0.0,1129000000.0,3197000000.0,8021000000.0,0.2880485528,4514000000.0,0.162105868,-1446000000.0,3068000000.0,0.1101774043,486000000.0,2511000000.0,0.0901745314,0.55,0.55,4525962522,4596000000,https://www.sec.gov/Archives/edgar/data/1166691/000116669119000005/0001166691-19-000005-index.htm,https://www.sec.gov/Archives/edgar/data/902739/000116669119000005/cmcsa-12312018x10k.htm,6.152503443111808,0.5547991146180331,1.279285891532621,0.4558146449450427,0.84269367708211,16.309900853394648,-21.629874203363983,15.8227116667229,24.938783618146804,154109023874.09998,262038023874.1,15.343391464964157,5.534332538752423,26.61641172264249,74.70141729234123,2.151969947832097,2.151969947832097,9.410257267618327,32.66899686748535,45.256998941986176,127.0179466185652,0.0162936597538335,0.0133866268706326,1.5603731166129056,0.4439813416824271,13.4558035157711,0.7915081694018766,3.99822852081488,2.242447714949652,0.0056129094731445,0.344484269215452,0.3153774330244918,0.0,0.6822602946552025,0.6436960276338515,0.1338432809021044,1.1657804191429466,0.0078646843352725,14.053988563036883,0.0166270861920597,0.031399274728023,-36.61629966983629,-5755000000.0,-97896000000.0,-156018000000.0,210396000000.0,10043500000.0,7765000000.0,0.0,35.888817065287654,82.62645914396887,0.0,2.5077449567723344,1.0892394631504592,0.0,0.0350634661304511,0.8234712465875783,2019-01-23,0.62,bmo,26975812500.0,2025-04-25,2018-12-31,0.032258064516129,36.50746031746032,23280306.14285714
2018-09-30,CMCSA,USD,1166691,2018-10-25,2018-10-25 15:29:12,2018,Q3,22135000000.0,6711000000.0,15424000000.0,0.6968149989,0,6444000000.0,1667000000.0,1667000000.0,3000000.0,10588000000.0,17299000000.0,0.0,830000000.0,2477000000.0,7343000000.0,0.331737068,4836000000.0,0.2184775243,-941000000.0,3895000000.0,0.1759656652,999000000.0,2886000000.0,0.1303817484,0.63,0.62,4564000000,4619000000,https://www.sec.gov/Archives/edgar/data/1166691/000116669118000024/0001166691-18-000024-index.htm,https://www.sec.gov/Archives/edgar/data/902739/000116669118000024/cmcsa-9302018x10q.htm,4.849912357581069,0.6323400525854513,1.30806310254163,0.6882120946538125,2.3260297984224363,16.139789658194566,-10.611744084136722,15.671121822962316,16.151183172655564,162113280000.0,224381280000.0,14.043076923076924,7.323843686469392,27.154653266331664,51.61199617956065,2.266589488695944,2.266589488695944,10.136945109555004,30.557167370284624,37.5848040201005,71.43625596943649,0.0178023663453111,0.0193753405026411,1.019028843868406,0.3632666284546564,8.479912842162603,1.182350843226168,5.8265060240963855,2.06146408839779,0.0053727862393506,0.3018018018018018,0.2911226564264739,0.0,0.6085378921922895,0.4738693467336683,0.1278066410661847,1.1421073879693178,0.0088999322340185,14.93195415697867,0.019522370969022,0.03674513948129,-24.018350131463627,3579000000.0,-48432000000.0,-103767000000.0,165528000000.0,8915000000.0,6988000000.0,0.0,36.52450869663429,94.35851586946804,0.0,2.464098853389736,0.95380898237635,0.0,0.0403506564321966,0.6198510078878177,2018-10-25,0.61,bmo,20772846153.0,2025-04-25,2018-09-30,0.0655737704918033,35.39349206349206,19493475.15873016
2018-06-30,CMCSA,USD,1166691,2018-07-26,2018-07-26 15:29:21,2018,Q2,21735000000.0,6300000000.0,15435000000.0,0.7101449275,0,6365000000.0,1653000000.0,1653000000.0,48000000.0,10421000000.0,16721000000.0,0.0,806000000.0,2403000000.0,7428000000.0,0.3417529331,5014000000.0,0.2306878307,-729000000.0,4285000000.0,0.197147458,1077000000.0,3216000000.0,0.1479641132,0.7,0.69,4598000000,4643000000,https://www.sec.gov/Archives/edgar/data/1166691/000116669118000019/0001166691-18-000019-index.htm,https://www.sec.gov/Archives/edgar/data/902739/000116669118000019/cmcsa-6302018x10q.htm,4.7270552414093086,0.6994345367551109,1.5361026533275337,0.9356241844280122,1.245324053936494,15.895171813832102,-10.74597651152675,15.374945628534146,14.22053066550674,150860380000.0,209714380000.0,11.727330534825873,6.940896250287555,21.35924961064704,35.06749883774988,2.133991286389227,2.133991286389227,9.64869473199908,28.232953688745287,29.691969418094292,48.74811250581125,0.0213177243753462,0.028516433539409,0.9135145839816676,0.3376767338743411,7.923263327948304,0.9583311411585206,6.220843672456576,2.201683291770573,0.0058199508711299,0.2730099502487562,0.2928456406717276,0.0,0.6405086589140802,0.3909103780263344,0.1270301357257879,1.1489804411152726,0.0097078444904531,15.555056393337118,0.0214654568232184,0.0467768210379334,-23.010167464114836,-792000000.0,-49410000000.0,-99947000000.0,161059000000.0,8803000000.0,7144500000.0,0.0,36.63354037267081,99.14285714285714,0.0,2.4567650050864698,0.9077809798270894,0.0,0.0454918380626361,0.6004784688995215,2018-07-26,0.6,bmo,20063076923.0,2025-04-25,2018-06-30,0.0833333333333334,32.58296875,28861494.15625
2018-03-31,CMCSA,USD,1166691,2018-04-25,2018-04-25 15:53:55,2018,Q1,22791000000.0,7429000000.0,15362000000.0,0.6740379975,0,6514000000.0,1604000000.0,1604000000.0,147000000.0,10717000000.0,18146000000.0,0.0,777000000.0,2599000000.0,7244000000.0,0.3178447633,4645000000.0,0.2038085209,-651000000.0,3994000000.0,0.1752446141,818000000.0,3118000000.0,0.1368083893,0.68,0.66,4617116267,4705000000,https://www.sec.gov/Archives/edgar/data/1166691/000116669118000010/0001166691-18-000010-index.htm,https://www.sec.gov/Archives/edgar/data/902739/000116669118000010/cmcsa-3312018x10q.htm,4.936197982037951,0.6753132950723677,1.1855885109769535,0.6675162204660158,1.306009996563944,15.608010678670658,-10.870204928283217,15.04878716107064,14.61821537447543,157766862843.39,218453862843.39,12.649684320348785,6.922331746890879,28.821129492763976,51.189767308043486,2.270614876419648,2.270614876419648,9.585093363318416,30.15652441239509,39.90753796919803,70.8805525124562,0.0197633390422115,0.0195351542424938,0.960205520854322,0.3495305853014522,8.377553837658752,0.9777882058501486,5.9781209781209785,1.723551637279597,0.0046777883942117,0.2366901860166773,0.2858145759290948,0.0,0.6404838743477441,0.4369747899159664,0.1049537097977271,0.9203539823008848,0.0087315168268176,15.121492519032984,0.0211385776586315,0.0454366611777392,-23.004131552661203,-426000000.0,-50189000000.0,-100059000000.0,160895000000.0,8796500000.0,7128500000.0,0.0,34.58865341582204,89.03082514470319,0.0,2.602009361799292,1.0108858348074568,0.0,0.0448749316369707,0.5180722905109376,2018-04-25,0.59,bmo,21688209677.0,2025-04-25,2018-03-31,0.0508474576271186,38.78885245901639,27744243.47540984
2017-12-31,CMCSA,USD,1166691,2018-01-31,2018-01-31 16:35:39,2017,Q4,21915000000.0,6892000000.0,15023000000.0,0.6855122063,0,6703000000.0,1569000000.0,1569000000.0,-21000000.0,10916000000.0,17808000000.0,0.0,807000000.0,2644000000.0,6873000000.0,0.3136208077,4107000000.0,0.1874058864,-685000000.0,3422000000.0,0.1561487566,-11613000000.0,14985000000.0,0.6837782341,3.23,3.17,4644508017,4729000000,https://www.sec.gov/Archives/edgar/data/1166691/000116669118000004/0001166691-18-000004-index.htm,https://www.sec.gov/Archives/edgar/data/902739/000116669118000004/cmcsa-12312017x10k.htm,4.718476083965386,3.2263912442720195,1.1717064498717604,0.4788451202710024,0.7380760217126782,15.247255412370192,-10.883391699396867,14.77357768548341,14.073180573864,186012546080.85,247140546080.85,3.103312413761261,8.487909928398356,34.180916222133405,83.63873474858362,2.710920865116736,2.710920865116736,11.27723231032854,35.958176353972064,45.41355128277287,111.124346259375,0.080559082253983,0.0119561827783021,0.940830127084062,0.3443684586742913,8.89393278044522,0.7431000772973219,5.089219330855019,0.3619554373129365,0.003956722358287,0.0491157824491157,0.3058635637691079,0.0,0.6474058742571828,0.5913267181183388,0.146840063883185,1.2170953101361572,0.0071640428929956,32.74859062689361,0.1057697471772118,0.2267088262882386,-22.950224137808824,-5650000000.0,-50548000000.0,-100303000000.0,154184000000.0,8374500000.0,6942000000.0,0.0,36.27926078028747,90.20893789901336,0.0,2.48075616934571,0.9976838448176027,0.0,0.2183892969569779,0.692861329600758,2018-01-24,0.47,bmo,21173979591.0,2025-04-25,2017-12-31,0.0425531914893617,37.59238095238096,25644350.92063492
2017-09-30,CMCSA,USD,1166691,2017-10-26,2017-10-26 15:54:55,2017,Q3,20983000000.0,6077000000.0,14906000000.0,0.7103845971,0,6423000000.0,1553000000.0,1553000000.0,66000000.0,10114000000.0,16191000000.0,0.0,766000000.0,2138000000.0,6883000000.0,0.3280274508,4792000000.0,0.2283753515,-683000000.0,4096000000.0,0.1952056427,1413000000.0,2650000000.0,0.1262927131,0.56,0.55,4698000000,4777000000,https://www.sec.gov/Archives/edgar/data/1166691/000116669117000031/0001166691-17-000031-index.htm,https://www.sec.gov/Archives/edgar/data/902739/000116669117000031/cmcsa-9302017x10q.htm,4.4663686675180925,0.5640698169433802,1.0955725840783312,0.4914857386121753,0.8756917837377608,12.263942103022565,-13.628991060025545,11.797999148573862,13.990421455938698,180779040000.0,241626040000.0,17.054626415094337,8.615500166801697,35.12318632212939,78.29321784322218,3.2615699929637176,3.2615699929637176,11.515323833579563,35.10475664681098,46.94502428599184,104.64531831961888,0.0146587790265951,0.0127724984046823,1.172010031212225,0.3505701534260473,8.840185965422055,0.7440906335959718,6.2558746736292425,1.9183749534103616,0.0041099897421736,0.280377358490566,0.3061049420959824,0.0,0.6564724421346889,0.5513891587332427,0.1352523471381594,1.3274087932647334,0.0096744984034694,12.236631172457958,0.0185631598624721,0.0416300113107955,-25.03932524478501,-5489000000.0,-64029000000.0,-111725000000.0,154012000000.0,7882000000.0,6853000000.0,0.0,33.94891102320926,103.31413526411058,0.0,2.6510423246999366,0.8711295871559633,0.0,0.0478106338066285,0.6040868454661558,2017-10-26,0.5,bmo,20270192307.0,2025-04-25,2017-09-30,0.04,39.39412698412698,20160028.095238097
2017-06-30,CMCSA,USD,1166691,2017-07-27,2017-07-27 15:56:05,2017,Q2,21165000000.0,6341000000.0,14824000000.0,0.7004016064,0,6060000000.0,1665000000.0,1665000000.0,54000000.0,10266000000.0,16607000000.0,0.0,758000000.0,2541000000.0,7198000000.0,0.3400897708,4558000000.0,0.2153555398,-659000000.0,3899000000.0,0.1842192299,1364000000.0,2513000000.0,0.1187337586,0.53,0.52,4728000000,4809000000,https://www.sec.gov/Archives/edgar/data/1166691/000116669117000022/0001166691-17-000022-index.htm,https://www.sec.gov/Archives/edgar/data/1166691/000116669117000022/cmcsa-6302017x10q.htm,4.476522842639594,0.5315143824027073,1.0909475465313028,0.5099407783417935,0.569585448392555,12.119077834179356,-13.60173434856176,11.633883248730964,13.60532994923858,184013760000.0,244888760000.0,18.30618384401114,8.69424805102764,35.67540907328422,76.3225881377022,3.34540059994546,3.34540059994546,11.570458776281598,34.02177827174215,47.47746413338504,101.57144753214432,0.0136565874204189,0.0131022810468086,1.1556767566584856,0.3473072867437756,8.4572103362045,0.6658286945591668,6.013192612137203,2.034714003944773,0.0040594790302638,0.2972542777556705,0.2863217576187101,0.0,0.6644120394905781,0.532570763861962,0.1297897472241908,1.0810704447068082,0.0103000236239073,11.795357818761792,0.017733269473368,0.0409130130407176,-24.77839467005076,-7444000000.0,-64309000000.0,-110900000000.0,151335000000.0,7687000000.0,6694000000.0,0.0,33.37632884479093,95.52121116543132,0.0,2.696521849917187,0.9421991084695394,0.0,0.0456867557494773,0.5810067681895094,2017-07-27,0.48,bmo,19648615384.0,2025-04-25,2017-06-30,0.0833333333333334,39.41031746031746,18674752.47619048
2017-03-31,CMCSA,USD,1166691,2017-04-27,2017-04-27 16:38:20,2017,Q1,20463000000.0,6074000000.0,14389000000.0,0.703171578,0,5827000000.0,1530000000.0,1530000000.0,66000000.0,9859000000.0,15933000000.0,0.0,755000000.0,2502000000.0,7162000000.0,0.3499975566,4530000000.0,0.2213751649,-625000000.0,3905000000.0,0.1908322338,1258000000.0,2566000000.0,0.1253970581,0.54,0.53,4747000000,4832000000,https://www.sec.gov/Archives/edgar/data/1166691/000116669117000009/0001166691-17-000009-index.htm,https://www.sec.gov/Archives/edgar/data/902739/000116669117000009/cmcsa-3312017x10q.htm,4.310722561617864,0.5405519275331788,1.1914893617021276,0.6661049083631767,0.8472719612386771,12.450811038550665,-13.236570465557191,11.598693911944386,13.17463661259743,178439730000.00003,236202730000.00003,17.385008768511305,8.7201158187949,31.548750000000005,56.4325521821632,3.240882144608511,3.240882144608511,11.542917949469777,32.97999581122592,41.761444483734095,74.70042061986086,0.0143802055741734,0.017720268910965,1.122159864872228,0.3385869058905408,8.065205249930187,0.7992555310894411,6.0,2.1367585946354364,0.0036819154568323,0.2560405300077942,0.2847578556418902,0.0,0.668230316913179,0.4409476661951909,0.1218785124370815,0.996802557953637,0.0084542833406636,11.877212126454586,0.0183966328155956,0.0423844997604928,-23.95391826416684,-3829000000.0,-62834000000.0,-108130000000.0,154735000000.0,7740000000.0,6786500000.0,0.0,33.09632018765577,98.65327625946657,0.0,2.719335548172757,0.9122859717632924,0.0,0.0466045514811384,0.5253844533389509,2017-04-27,0.44,bmo,17479528301.0,2025-04-25,2017-03-31,0.2045454545454546,37.11048387096774,16906959.48387097
2016-12-31,CMCSA,USD,1166691,2017-02-03,2017-02-03 14:34:03,2016,Q4,21025000000.0,6537000000.0,14488000000.0,0.6890844233,0,6129000000.0,1599000000.0,1599000000.0,223000000.0,10224000000.0,16761000000.0,0.0,756000000.0,2496000000.0,6771000000.0,0.3220451843,4264000000.0,0.2028061831,-528000000.0,3736000000.0,0.1776932224,1319000000.0,2296000000.0,0.1092033294,0.45,0.45,4880226156,5088771063,https://www.sec.gov/Archives/edgar/data/1166691/000119312517030512/0001193125-17-030512-index.htm,https://www.sec.gov/Archives/edgar/data/902739/000119312517030512/d290430d10k.htm,4.308201982432881,0.470470000079234,1.1767897258079447,0.5423928964328103,0.6764030793822089,11.806829880037224,-12.755556404587248,11.053381190885942,12.663757380181542,168514209166.68,226259209166.68,18.34867260090157,8.014944550139358,29.34254033896569,63.66233818159426,3.1239309857938937,3.1239309857938937,10.761436821245184,33.41592219268646,39.39738972082187,85.4776007429845,0.0136249638018891,0.0157078742088853,1.1316760284003484,0.3382049861495845,8.528282380741397,0.7597399582075691,5.64021164021164,2.376086057095573,0.0038987810182235,0.2861498257839721,0.2915101070154577,0.0,0.6640997229916897,0.5390910673863835,0.1472532699167657,1.2403846153846154,0.0068965517241379,10.816949459964118,0.0167751458852282,0.0378690417285172,-23.280222343859755,-5174000000.0,-62250000000.0,-106519000000.0,150949000000.0,7744000000.0,6754500000.0,0.0,34.052318668252084,95.20422212023864,0.0,2.6429918290383405,0.9453362255965292,0.0,0.0425634466010418,0.6343968293751344,2017-01-26,0.43,bmo,20090555555.0,2025-04-25,2016-12-31,0.0465116279069767,33.39555555555555,21021370.34920635
2016-09-30,CMCSA,USD,1166691,2016-10-26,2016-10-26 16:23:25,2016,Q3,21319000000.0,7003000000.0,14316000000.0,0.6715136732,0,5994000000.0,1487000000.0,1487000000.0,-11000000.0,9876000000.0,16879000000.0,0.0,751000000.0,2395000000.0,6885000000.0,0.3229513579,4440000000.0,0.208264928,-716000000.0,3724000000.0,0.174679863,1400000000.0,2237000000.0,0.1049298748,0.47,0.46,4776220413,4862000000,https://www.sec.gov/Archives/edgar/data/1166691/000119312516747958/0001193125-16-747958-index.htm,https://www.sec.gov/Archives/edgar/data/902739/000119312516747958/d254415d10q.htm,4.4635712250577,0.468361969625877,0.8613505333217962,0.2684130733394611,0.5877031956816436,11.965318820808784,-13.269069372825026,11.197347562611323,12.809082226080257,158427231099.21002,216048231099.21,17.70532310004582,7.431269341864535,38.5092929264001,123.5781833847192,2.962308690922197,2.962308690922197,10.13406966082884,31.379554262775603,52.51536973728975,168.5243612318331,0.0141200473206474,0.0080920432119222,1.1298965987920944,0.3396281558418201,8.369063180827887,0.8442177625013859,5.912117177097204,1.770223752151463,0.0041848866220783,0.2963790791238265,0.2811576527979736,0.0,0.6773959668172927,0.6883811375789985,0.1328392513720155,1.182463465553236,0.0076926685116562,10.862746640593642,0.0169761306445277,0.0389728044042579,-23.516136251645804,-2810000000.0,-63376000000.0,-105547000000.0,153371000000.0,7120500000.0,6476500000.0,0.0,31.801210188095126,84.74368127945166,0.0,2.830080977034382,1.062026084319078,0.0,0.0418279388941867,0.5929374599823352,2016-10-26,0.46,bmo,21319000000.0,2025-04-25,2016-09-30,0.0,33.28265625,16409980.25
2016-06-30,CMCSA,USD,1166691,2016-07-27,2016-07-27 15:31:48,2016,Q2,19269000000.0,5492000000.0,13777000000.0,0.7149826146,0,5761000000.0,1561000000.0,1561000000.0,-1000000.0,9711000000.0,15203000000.0,0.0,732000000.0,2389000000.0,6455000000.0,0.3349940319,4066000000.0,0.2110125071,-708000000.0,3358000000.0,0.1742695521,1278000000.0,2028000000.0,0.1052467694,0.42,0.41,4839000000,4891000000,https://www.sec.gov/Archives/edgar/data/1166691/000119312516659869/0001193125-16-659869-index.htm,https://www.sec.gov/Archives/edgar/data/902739/000119312516659869/d193217d10q.htm,3.982021078735276,0.4190948543087415,0.883033684645588,0.339532961355652,0.9640421574705518,11.680925811118,-12.326307088241371,10.97292829096921,11.633601983880968,157751400000.0,208649400000.0,19.44667159763313,8.186797446676009,36.91818394570559,96.01424223980524,2.9709480583072807,2.9709480583072807,10.828242254398257,32.32368706429125,48.82972150713784,126.99293974437003,0.0128556703775687,0.010415121513977,1.046423594109006,0.3230688722853737,7.885050348567003,0.8395545707630249,5.554644808743169,2.054326923076923,0.0042471889314452,0.3303747534516765,0.2989776324666562,0.0,0.6754716981132075,0.6154926281301194,0.1364886605428408,1.1008790288823775,0.009237635580466,10.17205486258751,0.0160092726453441,0.0363349697208585,-21.85678859268444,-2824000000.0,-59647000000.0,-100684000000.0,148243000000.0,6541500000.0,6346000000.0,0.0,31.33115366651097,104.20793882010196,0.0,2.8725402504472277,0.86365780783142,0.0,0.0381935289464763,0.5435007232899359,2016-07-27,0.4,bmo,18351428571.0,2025-04-25,2016-06-30,0.0499999999999999,31.05109375,19206304.84375
2016-03-31,CMCSA,USD,1166691,2016-04-27,2016-04-27 14:41:26,2016,Q1,18790000000.0,5431000000.0,13359000000.0,0.7109632783,0,5525000000.0,1467000000.0,1467000000.0,149000000.0,9270000000.0,14701000000.0,0.0,703000000.0,2278000000.0,6367000000.0,0.3388504524,4089000000.0,0.2176157531,-554000000.0,3535000000.0,0.1881319851,1311000000.0,2134000000.0,0.1135710484,0.44,0.43,4868000000,4925000000,https://www.sec.gov/Archives/edgar/data/1166691/000119312516558907/0001193125-16-558907-index.htm,https://www.sec.gov/Archives/edgar/data/902739/000119312516558907/d156977d10q.htm,3.859901396877568,0.4383730484798685,1.0497124075595727,0.5848397699260477,1.1561216105176664,11.451930977814298,-12.258422350041084,10.813886606409202,11.57292522596549,148668720000.0,198674720000.0,17.41667291471415,7.912119212346993,29.093682974559684,52.21943097997893,2.8241464989931995,2.8241464989931995,10.573428419372007,31.20381969530391,38.879592954990216,69.78388479100808,0.0143540618362759,0.0191499597225293,1.056836746324228,0.326109766176824,7.853934348986964,0.7954307273108363,5.816500711237554,2.297661870503597,0.0041098087075748,0.2863167760074976,0.2940393826503459,0.0,0.6765690302991225,0.4428571428571428,0.1204364023416711,0.9934152765583846,0.0081426290580095,10.327711258805722,0.0165294344968744,0.0386755350961451,-21.45475554642564,-3904000000.0,-59674000000.0,-99671000000.0,145640000000.0,6635500000.0,6274000000.0,0.0,30.53485896753592,104.94752347633953,0.0,2.9474509803921567,0.8575714511290068,0.0,0.0405379734812507,0.464872637633525,2016-04-27,0.4,bmo,17081818181.0,2025-04-25,2016-03-31,0.0999999999999999,28.70377049180328,25280428.0
2015-12-31,CMCSA,USD,1166691,2016-02-05,2016-02-05 17:00:05,2015,Q4,19245000000.0,5836000000.0,13409000000.0,0.6967524032,0,5586000000.0,1551000000.0,1551000000.0,-44000000.0,9407000000.0,15243000000.0,0.0,674000000.0,2270000000.0,6292000000.0,0.3269420629,4002000000.0,0.2079501169,-784000000.0,3218000000.0,0.1672122629,1162000000.0,1971000000.0,0.102416212,0.4,0.4,4875352351,4962000000,https://www.sec.gov/Archives/edgar/data/1166691/000119312516452423/0001193125-16-452423-index.htm,https://www.sec.gov/Archives/edgar/data/902739/000119312516452423/d49239d10k.htm,3.9474070004504576,0.404278472220725,1.018387932306393,0.384382474348878,0.4924772256732424,11.322053469361643,-12.288547716497137,10.721071265603792,10.931517593609104,137582443345.22,187908443345.22,17.45084263638001,7.1489967963221615,27.71046190236052,73.41645856201707,2.632199646926859,2.632199646926859,9.764013683825407,29.86466041723141,37.84661497386103,100.27131448517608,0.0143259557838669,0.0136209239670048,1.006734393234996,0.3159016413125698,7.998410680228862,0.6768071294971945,5.937685459940653,2.41488326848249,0.0044627787170442,0.3115169964485033,0.290257209664848,0.0,0.6910442205866462,0.6225579053373616,0.1606131462717589,1.3616740088105728,0.0071187321382177,9.875308198538711,0.0168191814650793,0.0382986165086273,-21.291179083437697,-5875000000.0,-59911000000.0,-99072000000.0,142900000000.0,6711500000.0,6105500000.0,0.0,32.24941543257989,95.84475668265937,0.0,2.7907482598607887,0.9390185036202736,0.0,0.0377087757561843,0.6340054579575145,2016-02-03,0.41,bmo,19726125000.0,2025-04-25,2015-12-31,-0.0243902439024389,30.1153125,20138945.71875
2015-09-30,CMCSA,USD,1166691,2015-10-27,2015-10-27 15:42:38,2015,Q3,18669000000.0,5582000000.0,13087000000.0,0.7010016605,0,5394000000.0,1509000000.0,1509000000.0,-89000000.0,9086000000.0,14668000000.0,0.0,659000000.0,2183000000.0,6184000000.0,0.3312443087,4001000000.0,0.2143124967,-737000000.0,3264000000.0,0.1748352884,1223000000.0,1996000000.0,0.106915207,0.41,0.4,4944000000,5004000000,https://www.sec.gov/Archives/edgar/data/1166691/000119312515354626/0001193125-15-354626-index.htm,https://www.sec.gov/Archives/edgar/data/902739/000119312515354626/d98958d10q.htm,3.7760922330097086,0.4037216828478964,1.00707928802589,0.5052588996763754,0.4105987055016181,10.754247572815531,-11.386529126213592,10.460355987055015,9.792880258899675,140607360000.0,186471360000.0,17.611142284569137,7.531595693395468,28.240080337417155,56.2879743795036,2.7188367236445203,2.7188367236445203,9.988288606781294,30.153842173350583,37.4515685880699,74.64826261008807,0.014195558468632,0.0177657840955124,0.9234472890401424,0.3004378515079455,7.416558861578267,0.6625381646408203,6.071320182094082,2.4394904458598727,0.0044307780190169,0.312124248496994,0.288928169693074,0.0,0.6886347337032424,0.4982928298855192,0.1328941025228989,1.1365093907466788,0.0072848036852536,9.747775733537532,0.0172838239222432,0.0403281205802723,-19.996713187702262,-5858000000.0,-56295000000.0,-94288000000.0,135776000000.0,6771500000.0,5938000000.0,0.0,31.46553109432749,96.67502687208884,0.0,2.860272713344569,0.9309539693128752,0.0,0.0385954056771598,0.5018203883495146,2015-10-27,0.4,bmo,18669000000.0,2025-04-25,2015-09-30,0.0,29.70515625,29687591.53125
2015-06-30,CMCSA,USD,1166691,2015-07-23,2015-07-23 13:10:08,2015,Q2,18743000000.0,5669000000.0,13074000000.0,0.6975404151,0,5280000000.0,1528000000.0,1528000000.0,315000000.0,8969000000.0,14638000000.0,0.0,713000000.0,2161000000.0,6266000000.0,0.3343114763,4105000000.0,0.219015099,-617000000.0,3488000000.0,0.1860961426,1313000000.0,2137000000.0,0.1140158993,0.43,0.42,5000000000,5062000000,https://www.sec.gov/Archives/edgar/data/1166691/000119312515260886/0001193125-15-260886-index.htm,https://www.sec.gov/Archives/edgar/data/902739/000119312515260886/d948790d10q.htm,3.7486,0.4274,0.7178,0.2582,0.726,10.7674,-11.1004,10.48,9.8472,150350000000.0,195387000000.0,17.58890968647637,8.021661420263564,41.891891891891895,116.46010844306738,2.8692748091603053,2.8692748091603053,10.424531825214746,31.18209383977019,54.44051267762608,151.3454686289698,0.0142135018290655,0.0085866311938809,0.9260114503816794,0.3038879216403422,7.1875199489307375,0.7582692855109593,5.757363253856942,1.6501149425287356,0.0041769205187894,0.2938699110903135,0.2817051699301072,0.0,0.684763956561494,0.6402897743103929,0.1226057728218534,1.063396575659417,0.0084831670490316,10.03897006669509,0.0175329497999316,0.042455547829542,-19.389,-4246000000.0,-55502000000.0,-92518000000.0,136665000000.0,6580000000.0,6018500000.0,0.0,33.68937736755056,93.34979714235315,0.0,2.6714652223489166,0.9641156462585034,0.0,0.0407824427480916,0.4596,2015-07-23,0.42,bmo,18743000000.0,2025-04-25,2015-06-30,0.0238095238095238,29.357142857142858,33028572.95238095
2015-03-31,CMCSA,USD,1166691,2015-05-04,2015-05-04 16:13:35,2015,Q1,17853000000.0,5463000000.0,12390000000.0,0.6940010082,0,5079000000.0,1355000000.0,1355000000.0,102000000.0,8500000000.0,13963000000.0,0.0,656000000.0,2066000000.0,5956000000.0,0.3336133983,3890000000.0,0.2178905506,-488000000.0,3402000000.0,0.190556209,1261000000.0,2059000000.0,0.1153307567,0.44,0.41,4636459471,5112000000,https://www.sec.gov/Archives/edgar/data/1166691/000119312515169012/0001193125-15-169012-index.htm,https://www.sec.gov/Archives/edgar/data/902739/000119312515169012/d915216d10q.htm,3.850567466763477,0.4440888598031702,1.1312511265991394,0.7001031757751776,0.8832170378309773,11.56270217292276,-11.98004648750223,11.252336039238076,10.307218320123216,130933615461.04,174129615461.03998,15.897719215764932,7.333983950094661,24.96351105072259,40.33691172552064,2.5097010879806785,2.5097010879806785,9.753521282755838,29.235999909509733,33.19916405358246,53.64436705515711,0.0157255261969961,0.0247911889438802,0.9034329416725768,0.2968876962905573,7.252518468770988,0.6983569343854719,5.929878048780488,2.44978981784213,0.0043686260246147,0.277804759592035,0.2844900016803898,0.0,0.6875602335645042,0.3811248808388942,0.111969977034672,0.9675701839303,0.0075617543270038,10.603458602749178,0.0169496023417241,0.0415104229668158,-20.80121709317968,-5581000000.0,-55545000000.0,-92226000000.0,134701000000.0,6232500000.0,5897500000.0,0.0,30.972945723407832,101.4332784184514,0.0,2.90576171875,0.8872827675816144,0.0,0.0394663702056698,0.4311479508239618,2015-05-04,0.37,bmo,16111243902.0,2025-04-25,2015-03-31,0.108108108108108,28.748688524590165,29540133.606557377
2014-12-31,CMCSA,USD,1166691,2015-02-27,2015-02-27 13:16:44,2014,Q4,17732000000.0,5358000000.0,12374000000.0,0.6978344236,0,5167000000.0,1330000000.0,1330000000.0,-65000000.0,8587000000.0,13945000000.0,0.0,664000000.0,2090000000.0,5976000000.0,0.3370178209,3787000000.0,0.2135686894,-677000000.0,3110000000.0,0.175389127,1114000000.0,1925000000.0,0.108560794,0.41,0.37,4672204936,5180000000,https://www.sec.gov/Archives/edgar/data/1166691/000119312515068526/0001193125-15-068526-index.htm,https://www.sec.gov/Archives/edgar/data/902739/000119312515068526/d817352d10k.htm,3.795210236471528,0.4120110368377899,0.9937492176820044,0.4349124295347476,0.96571106400629,11.586392451000998,-11.825893931635536,11.281825331302205,10.432975579562632,135540665193.36,179711665193.36,17.602683791345456,7.643845318822468,29.1924758116218,66.70308326444882,2.571392407530876,2.571392407530876,10.134878479210466,30.072233131419008,38.70593693589489,88.44078011484251,0.0142023797600065,0.0149918107388744,0.912162546717004,0.3020428932192529,7.391398929049531,0.7771970132107984,5.703313253012048,2.3261523046092183,0.0042644028578097,0.3002597402597403,0.2913940897811866,0.0,0.687164700413353,0.5623519276329959,0.1472479133769456,1.2492822966507178,0.0071621926460636,10.22669655479642,0.0166480518611835,0.0386553946866402,-20.50407704975722,-3879000000.0,-55253000000.0,-91521000000.0,136461000000.0,6246500000.0,5659000000.0,0.0,32.082675389127004,94.70324748040314,0.0,2.805252333491536,0.9503369989357928,0.0,0.036519891483751,0.5588367881472569,2015-02-24,0.39,bmo,18690486486.0,2025-04-25,2014-12-31,-0.0512820512820513,27.39453125,34026385.875
2014-09-30,CMCSA,USD,1166691,2014-10-23,2014-10-23 13:21:38,2014,Q3,16791000000.0,4772000000.0,12019000000.0,0.715800131,0,5019000000.0,1296000000.0,1296000000.0,-103000000.0,8274000000.0,13046000000.0,0.0,663000000.0,1959000000.0,5781000000.0,0.3442915848,3745000000.0,0.2230361503,-705000000.0,3040000000.0,0.1810493717,407000000.0,2592000000.0,0.1543684116,0.5,0.5,5160000000,5232000000,https://www.sec.gov/Archives/edgar/data/1166691/000119312514379913/0001193125-14-379913-index.htm,https://www.sec.gov/Archives/edgar/data/902739/000119312514379913/d792357d10q.htm,3.2540697674418606,0.5023255813953489,0.9215116279069768,0.4936046511627907,0.984108527131783,10.602906976744189,-10.58624031007752,10.32906976744186,9.498643410852711,138752400000.0,182555400000.0,13.382754629629629,8.263498302662141,29.18031545741325,54.47679623085983,2.603332207587527,2.603332207587527,10.872217259246025,31.57851582771147,38.39230283911672,71.67467608951708,0.018680757954457,0.0183564392399699,0.907163495815978,0.3036354616075409,7.577062791904515,0.8157340201357995,5.648567119155355,1.805924800607672,0.0042089362057881,0.2253086419753086,0.2989101304270145,0.0,0.6866243398205191,0.4643533123028391,0.1314990173307128,1.1271056661562022,0.0071466857244952,10.804744766285571,0.0222659428240897,0.0519428468367367,-18.37577519379845,-3148000000.0,-54625000000.0,-90590000000.0,136550000000.0,6202000000.0,5556000000.0,0.0,33.082008218688586,107.12489522212908,0.0,2.7205119896305896,0.8401408450704225,0.0,0.0486322188449848,0.427906976744186,2014-10-23,0.35,bmo,12042030303.0,2025-04-25,2014-09-30,0.0571428571428572,27.3934375,23272958.5625
2014-06-30,CMCSA,USD,1166691,2014-07-24,2014-07-24 16:09:57,2014,Q2,16844000000.0,4874000000.0,11970000000.0,0.7106388031,0,4924000000.0,1242000000.0,1242000000.0,-39000000.0,8166000000.0,13040000000.0,0.0,648000000.0,2000000000.0,5804000000.0,0.3445737355,3804000000.0,0.2258370933,-545000000.0,3259000000.0,0.1934813583,1234000000.0,1992000000.0,0.1182616956,0.42,0.38,4737679477,5256000000,https://www.sec.gov/Archives/edgar/data/1166691/000119312514278903/0001193125-14-278903-index.htm,https://www.sec.gov/Archives/edgar/data/902739/000119312514278903/d740350d10q.htm,3.55532705025161,0.4204590052304207,0.6460968950855009,0.2117070191998554,0.8134784167460047,11.268596843492205,-11.765464563528557,10.969716345798291,9.962050035070366,127159317162.68,172179317162.68,15.958749643910645,7.5492351675777725,41.541756668631166,126.77898022201396,2.446736009749283,2.446736009749283,10.221996981873664,29.66563011073053,56.24936856016988,171.66432419010965,0.0156653876762451,0.0078877428912017,0.895672586634854,0.2956261630011622,7.75671950379049,0.7350791366906475,5.87037037037037,1.511604938271605,0.0045926638568911,0.2931726907630522,0.2923296129185466,0.0,0.6930566052115154,0.672329304148971,0.1221800047494656,-2.3493150684931505,0.0087271431963904,10.18710510912302,0.0165253627053887,0.0412157828308952,-20.16683493761813,-4603000000.0,-55741000000.0,-91300000000.0,134495000000.0,6191500000.0,5483000000.0,0.0,33.298503918309194,100.30365203118588,0.0,2.702824133504493,0.8972754050073638,0.0,0.0383290681341517,0.4343898758856455,2014-07-22,0.36,bmo,15957473684.0,2025-04-25,2014-06-30,0.0555555555555556,25.700952380952383,28737188.984126985
2014-03-31,CMCSA,USD,1166691,2014-04-22,2014-04-22 14:05:05,2014,Q1,17408000000.0,5908000000.0,11500000000.0,0.6606158088,0,4752000000.0,1210000000.0,1210000000.0,-12000000.0,7932000000.0,13840000000.0,0.0,642000000.0,4846000000.0,5555000000.0,0.3191061581,3568000000.0,0.2049632353,-512000000.0,3056000000.0,0.1755514706,1118000000.0,1871000000.0,0.1074793199,0.36,0.36,5206000000,5290000000,https://www.sec.gov/Archives/edgar/data/1166691/000119312514152328/0001193125-14-152328-index.htm,https://www.sec.gov/Archives/edgar/data/902739/000119312514152328/d706957d10q.htm,3.343834037648867,0.3593930080676143,0.8616980407222435,0.5418747598924318,1.045524394928928,10.120053784095274,-10.753937764118325,9.847867844794468,9.228198232808298,130254120000.0,174600120000.0,17.40434526990914,7.482428768382353,29.03569326794472,46.173030840127616,2.54065147850511,2.54065147850511,10.029878216911763,31.431164716471645,38.921114578689256,61.89298830202056,0.0143642289395529,0.0216576642642858,0.9245533276117656,0.3004316327888802,7.983078307830783,0.7887996405100264,5.557632398753894,2.3147574819401444,0.0039000685736466,0.2715125601282736,0.2729779411764705,0.0,0.6887743783790636,0.3711547035220686,0.0956456801470588,0.3435823359471729,0.0068359375,8.923745518297958,0.0158463964274309,0.0381035781927784,-18.254273914713792,-3760000000.0,-55985000000.0,-91045000000.0,134498000000.0,6263500000.0,5531000000.0,0.0,31.800896139705884,84.3026404874746,0.0,2.830108925377987,1.067582219009758,0.0,0.036494499492861,0.3198232808298117,2014-04-22,0.32,bmo,16384000000.0,2025-04-25,2014-03-31,0.0625,26.0444262295082,32409729.573770493
2013-12-31,CMCSA,USD,1166691,2014-02-12,2014-02-12 12:49:52,2013,Q4,16926000000.0,5252000000.0,11674000000.0,0.6897081413,0,4797000000.0,1232000000.0,1232000000.0,-84000000.0,8027000000.0,13279000000.0,0.0,646000000.0,1998000000.0,5645000000.0,0.3335105754,3647000000.0,0.2154673284,-693000000.0,2954000000.0,0.1745244003,986000000.0,1913000000.0,0.1130213872,0.4,0.36,4744624821,5304000000,https://www.sec.gov/Archives/edgar/data/1166691/000119312514047522/0001193125-14-047522-index.htm,https://www.sec.gov/Archives/edgar/data/902739/000119312514047522/d666576d10k.htm,3.567405356285388,0.4031931021253661,0.5229075203204565,0.0343546657848586,1.1151566666729285,10.962932152143711,-11.96511887488606,10.68451182391182,10.220618453405844,123265352849.58,169394352849.58002,16.108906540718767,7.282603854991138,49.68373754517534,756.2291585863804,2.4315570452041664,2.4315570452041664,10.007937660970104,30.007857014983173,68.27664363143089,1039.2291585863804,0.0155193649778816,0.0013223504921038,0.9438395076340396,0.3012788625616291,8.171656333038086,0.7442364636209814,5.645510835913313,1.2606707317073171,0.0041374156501409,0.2665969681129116,0.2834101382488479,0.0,0.6849880047603156,0.9343006852075776,0.1369490724329434,0.5455401270887268,0.0063216353538934,9.845213710580822,0.0169693409306505,0.0382385863916206,-20.38622728859176,-4837000000.0,-56770000000.0,-92723000000.0,133788000000.0,5938500000.0,5780000000.0,0.0,33.90287132222616,94.72962680883474,0.0,2.654642409033877,0.9500723589001449,0.0,0.037736221249063,0.4885528545355979,2014-01-28,0.34,bmo,17438909090.0,2025-04-25,2013-12-31,-0.0294117647058823,24.081875,19616678.0625
2013-09-30,CMCSA,USD,1166691,2013-10-30,2013-10-30 12:35:30,2013,Q3,16151000000.0,4787000000.0,11364000000.0,0.7036096836,0,4751000000.0,1283000000.0,1283000000.0,-304000000.0,7950000000.0,12737000000.0,0.0,639000000.0,3834000000.0,5330000000.0,0.3300105257,3414000000.0,0.2113801003,-615000000.0,2799000000.0,0.1733019627,1021000000.0,1732000000.0,0.1072379419,0.33,0.33,5244000000,5316000000,https://www.sec.gov/Archives/edgar/data/1166691/000119312513417832/0001193125-13-417832-index.htm,https://www.sec.gov/Archives/edgar/data/1166691/000119312513417832/d614600d10q.htm,3.079900839054157,0.3302822273073989,0.761632341723875,0.3848207475209763,1.093630816170862,9.722921434019833,-10.941647597254004,9.48093058733791,8.99389778794813,118304640000.0,163226640000.0,17.076304849884526,7.324911151012321,29.62059088632949,58.62469772051536,2.3795132547568283,2.3795132547568283,10.106286917218748,30.624135084427767,40.86796194291437,80.88535183349852,0.0146401696501506,0.0170576572482702,0.9357777867170844,0.2971039943804081,8.428142589118199,0.7182577949212472,5.342723004694836,2.246344206974128,0.0043278099658643,0.2956120092378753,0.2941613522382515,0.0,0.6920080462339155,0.4947421131697546,0.1223453656120364,0.5153886280646844,0.006129651414773,8.39381406781138,0.0154610848177316,0.0359112585527679,-18.258438215102977,-5259000000.0,-57378000000.0,-92201000000.0,131912000000.0,5504000000.0,6054500000.0,0.0,30.65382948424246,113.4071443492793,0.0,2.9360116342483185,0.7936007957559682,0.0,0.0348364777344221,0.3768115942028985,2013-10-30,0.31,bmo,15172151515.0,2025-04-25,2013-09-30,0.0645161290322581,21.7725,20919561.5625
2013-06-30,CMCSA,USD,1166691,2013-07-31,2013-07-31 15:22:26,2013,Q2,16270000000.0,4968000000.0,11302000000.0,0.6946527351,0,4570000000.0,1307000000.0,1307000000.0,-63000000.0,7867000000.0,12835000000.0,0.0,636000000.0,4098000000.0,5418000000.0,0.3330055317,3435000000.0,0.2111247695,-643000000.0,2792000000.0,0.1716041795,1048000000.0,1734000000.0,0.1065765212,0.33,0.33,5262000000,5332000000,https://www.sec.gov/Archives/edgar/data/1166691/000119312513312420/0001193125-13-312420-index.htm,https://www.sec.gov/Archives/edgar/data/1166691/000119312513312420/d566565d10q.htm,3.0919802356518438,0.3295324971493729,0.6301786393006461,0.2941847206385404,0.9794754846066136,9.566514633219308,-10.999619916381604,9.329342455340177,8.986126947928545,106976459999.99998,152236460000.0,15.423365051903112,6.575074370006146,32.260693606755126,69.10624031007751,2.179146075655415,2.179146075655415,9.356881376767056,28.09827611664821,45.90966827503016,98.34396640826871,0.0162091734948043,0.0144704732237353,0.9502556476747264,0.2974703320388473,8.353636028054632,0.684603806042361,5.400943396226415,1.901376146788991,0.0047954475218192,0.2958477508650519,0.2808850645359557,0.0,0.6900885734509211,0.5331724969843185,0.1086662569145666,0.4314299658369936,0.0068223724646588,8.316984676646516,0.0152441506986785,0.035679012345679,-18.4712561763588,-5867000000.0,-57880000000.0,-93745000000.0,130607000000.0,5285000000.0,5913500000.0,0.0,30.462814996926856,110.09057971014492,0.0,2.954421645178863,0.8175086391311502,0.0,0.0353221568108207,0.3359939186621056,2013-07-31,0.32,bmo,15776969696.0,2025-04-25,2013-06-30,0.03125,20.6503125,25026861.84375
2013-03-31,CMCSA,USD,1166691,2013-05-01,2013-05-01 14:46:29,2013,Q1,15310000000.0,4663000000.0,10647000000.0,0.695427825,0,4466000000.0,1147000000.0,1147000000.0,86000000.0,7580000000.0,12243000000.0,0.0,653000000.0,3939000000.0,7162000000.0,0.4677988243,3067000000.0,0.2003265839,-497000000.0,2570000000.0,0.1678641411,925000000.0,1437000000.0,0.0938602221,0.28,0.27,5268000000,5350000000,https://www.sec.gov/Archives/edgar/data/1166691/000119312513191930/0001193125-13-191930-index.htm,https://www.sec.gov/Archives/edgar/data/1166691/000119312513191930/d525898d10q.htm,2.906226271829917,0.2727790432801822,0.8293470007593015,0.5364464692482915,0.8883826879271071,9.397304479878512,-11.217160212604403,9.147684130599847,9.088648443432042,108994920000.0,154381920000.0,18.962233820459293,7.119197909862835,24.947338063630124,38.56861995753715,2.261774642041918,2.261774642041918,10.083730894839974,21.55569952527227,35.33575646601053,54.62912951167728,0.0131841006901973,0.025927813883436,0.9799958497613612,0.3020260417999028,6.337196313878805,0.6539571539571539,4.696784073506891,2.6559270516717324,0.0039359632540672,0.2985386221294363,0.2917047681254082,0.0,0.6945140825253895,0.3531700617990387,0.1007838014369693,0.3917237877633917,0.006662312214239,7.492941466535187,0.01397008800725,0.0300835304708271,-18.67535117691724,-6235000000.0,-59092000000.0,-95076000000.0,130581000000.0,5292000000.0,5978000000.0,0.0,29.76290006531679,110.98005575809565,0.0,3.023898874185265,0.8109565217391305,0.0,0.0298194646192156,0.2929005315110098,2013-05-01,0.25,bmo,14721153846.0,2025-04-25,2013-03-31,0.04,19.91483333333333,27548122.466666665
2012-12-31,CMCSA,USD,1166691,2013-02-21,2013-02-20 18:48:53,2012,Q4,15937000000.0,4916000000.0,11021000000.0,0.6915354207,0,4650000000.0,1094000000.0,1094000000.0,-151000000.0,7727000000.0,12643000000.0,0.0,623000000.0,1983000000.0,7350000000.0,0.4611909393,3294000000.0,0.2066888373,-709000000.0,2585000000.0,0.1622011671,778000000.0,1518000000.0,0.0952500471,0.32,0.28,4761771108,5374000000,https://www.sec.gov/Archives/edgar/data/1166691/000119312513067658/0001193125-13-067658-index.htm,https://www.sec.gov/Archives/edgar/data/1166691/000119312513067658/d458593d10k.htm,3.3468639375011304,0.3187889475514034,0.7591713079040338,0.3414695841360882,2.6072231777672417,14.027133704050357,-8.91454020725265,10.365050919200966,8.627252143846642,88949884297.44,118456884297.44,14.649190431067192,5.581344311817783,24.60577712239004,54.704725890184505,1.802210152715779,1.802210152715779,7.432822005235615,16.116582897610886,32.7681560988769,72.8517123600492,0.0170657894834798,0.0182799563242017,0.8197179674203744,0.2452431033333131,4.014557823129252,1.196063180567189,5.287319422150883,2.000553403431101,0.0048566673628875,0.2845849802371542,0.291773859572065,0.0,0.6621951736971953,0.5502074688796681,0.1248039154169542,0.4802028005794302,0.0058354771914413,8.62240875055211,0.0152862540966868,0.0272394487510766,-17.140943600349132,3277000000.0,-42449000000.0,-78186000000.0,139752000000.0,5322000000.0,6228000000.0,0.0,31.178389910271697,113.61676159479252,0.0,2.8866147437058505,0.7921366419593941,0.0,0.0307561390712375,0.4177017237679455,2013-02-12,0.27,bmo,16549961538.0,2025-04-25,2012-12-31,-0.037037037037037,18.35290322580645,23755813.096774194
2012-09-30,CMCSA,USD,1166691,2012-10-26,2012-10-26 13:29:22,2012,Q3,16544000000.0,6801000000.0,9743000000.0,0.5889144101,0,0.0,1223000000.0,1223000000.0,995000000.0,6695000000.0,13496000000.0,0.0,633000000.0,9255000000.0,10115000000.0,0.6113999033,3048000000.0,0.1842359768,1335000000.0,4383000000.0,0.2649298839,1405000000.0,2113000000.0,0.1277200193,0.4,0.39,5336000000,5406000000,https://www.sec.gov/Archives/edgar/data/1166691/000119312512437120/0001193125-12-437120-index.htm,https://www.sec.gov/Archives/edgar/data/1166691/000119312512437120/d422555d10q.htm,3.100449775112444,0.3959895052473763,0.6416791604197901,0.309407796101949,1.9302848575712144,12.413230884557722,-8.064467766116941,9.162668665667166,7.350637181409296,94393840000.0,124084840000.0,11.168225272124944,5.705623791102514,27.568294392523367,57.17373712901272,1.9306602307125915,1.9306602307125915,7.500292553191489,12.267408798813642,36.239731308411216,75.15738340399757,0.0223849352881501,0.0174905481120378,0.7892906815020863,0.2375441663486279,2.93534354918438,1.0421690222094029,4.815165876777251,1.149764942914708,0.0046083515619239,0.2058684335068623,0.0,0.0,0.6726150171740923,0.5178154205607477,0.1071687620889748,0.1915721231766612,0.0053795938104448,9.03533143899113,0.0140006164874874,0.0397292469681301,-15.38132496251874,731000000.0,-43032000000.0,-78151000000.0,136984000000.0,4755000000.0,3125000000.0,0.0,27.869318181818183,82.70842523158359,0.0,3.229357798165138,1.08816,0.0,0.0432177043279064,0.3322713643178411,2012-10-26,0.23,bmo,16544000000.0,2025-04-25,2012-09-30,0.0,16.82873015873016,25165307.04761905
2012-06-30,CMCSA,USD,1166691,2012-08-01,2012-08-01 16:21:28,2012,Q2,15211000000.0,10207000000.0,5004000000.0,0.3289724541,0,3306000000.0,1287000000.0,4593000000.0,-47000000.0,1925000000.0,12132000000.0,8000000.0,625000000.0,1925000000.0,5033000000.0,0.3308789692,3079000000.0,0.2024193018,-635000000.0,2444000000.0,0.160673197,811000000.0,1348000000.0,0.0886200776,0.28,0.25,4790685236,5434000000,https://www.sec.gov/Archives/edgar/data/1166691/000119312512328850/0001193125-12-328850-index.htm,https://www.sec.gov/Archives/edgar/data/1166691/000119312512328850/d366945d10q.htm,3.175119894268086,0.2813793713413569,0.7143028254674505,0.3976466635054042,0.9042547749634704,13.454860176499391,-8.287332196583495,9.9632928586753,7.880709781618389,76603056923.64,111631056923.64,14.20679839088279,5.036030301994609,22.385463741566337,40.2115784376063,1.6048910964287362,1.6048910964287362,7.338837481009795,22.17982454274588,32.621582970087665,58.59898001240945,0.0175972089644375,0.0248684592561228,0.7778802036412394,0.2354586271624981,6.959666203059805,0.72125524075721,4.9264,2.095529699938763,0.0057047331731893,0.3241839762611276,0.217342712510683,0.0,0.6605448734209325,0.4433080070134424,0.0997304582210242,0.788051948051948,0.0065741897311156,7.942163705435531,0.0141979710596731,0.0251830817516066,-17.86962527963505,-4388000000.0,-39702000000.0,-81876000000.0,126663000000.0,4383000000.0,0.0,0.0,25.95687331536388,0.0,0.0,3.467289719626168,0.0,0.0,0.0282416039890218,0.3166561619620463,2012-08-01,0.24,bmo,14602560000.0,2025-04-25,2012-06-30,0.0416666666666667,14.873174603174602,27314044.92063492
2012-03-31,CMCSA,USD,1166691,2012-05-02,2012-05-02 13:55:44,2012,Q1,14878000000.0,5819000000.0,9059000000.0,0.6088856029,0,3168000000.0,1203000000.0,4371000000.0,-16000000.0,6301000000.0,12120000000.0,92000000.0,640000000.0,1930000000.0,4767000000.0,0.3204059685,2758000000.0,0.1853743783,-561000000.0,2197000000.0,0.1476676973,750000000.0,1224000000.0,0.0822691222,0.23,0.23,5416000000,5488000000,https://www.sec.gov/Archives/edgar/data/1166691/000119312512203863/0001193125-12-203863-index.htm,https://www.sec.gov/Archives/edgar/data/1166691/000119312512203863/d316803d10q.htm,2.747045790251108,0.2259970457902511,0.8111152141802068,0.5603766617429837,0.4074963072378139,11.812961595273263,-7.420420974889217,8.765878877400295,7.094719350073856,81240000000.0,116818000000.0,16.59313725490196,5.460411345610969,18.49305713635329,26.767710049423396,1.711180385879181,1.711180385879181,7.85172738271273,24.50555905181456,26.59185067152288,38.490280065897856,0.01506646971935,0.0373584441161989,0.7958758109360519,0.2392227871021658,7.463394168239983,0.5984518935516888,4.309375,3.035936420179682,0.0037419990152634,0.2483660130718954,0.2129318456781825,0.0,0.65950401711945,0.3091281584338721,0.0912757091006855,0.7036269430051814,0.0059819868261863,6.6763696292275245,0.0125256088623083,0.0227589669214034,-16.336549113737075,-6277000000.0,-40189000000.0,-84615000000.0,124853000000.0,4515500000.0,2852500000.0,0.0,26.489447506385268,0.0,0.0,3.3975793560173555,0.0,0.0,0.0257814474681944,0.250738552437223,2012-05-02,0.21,bmo,13584260869.0,2025-04-25,2012-03-31,0.0952380952380953,13.946774193548388,28760315.41935484
2011-12-31,CMCSA,USD,1166691,2012-02-23,2012-02-23 07:06:40,2011,Q4,15042000000.0,5698000000.0,9344000000.0,0.6211939902,0,3382000000.0,1046000000.0,4428000000.0,1998000000.0,6426000000.0,12124000000.0,0.0,642000000.0,1998000000.0,5026000000.0,0.3341310996,2918000000.0,0.1939901609,-532000000.0,2386000000.0,0.1586225236,801000000.0,1287000000.0,0.0855604308,0.22,0.22,5728000000,5728000000,https://www.sec.gov/Archives/edgar/data/1166691/000119312512073905/0001193125-12-073905-index.htm,https://www.sec.gov/Archives/edgar/data/1166691/000119312512073905/d262998d10k.htm,2.6260474860335195,0.2246857541899441,0.7225907821229051,0.3784916201117318,0.2922486033519553,11.115398044692736,-8.026012569832401,8.253142458100559,6.974685754189944,67934080000.0,105623080000.0,13.196208236208236,4.5162930461374815,16.413162599661753,31.33490774907749,1.4370283876972545,1.4370283876972545,7.021877409918893,21.01533625149224,25.518985262140617,48.71913284132842,0.0189448359350711,0.0319132900600111,0.8315141515420739,0.2490780519332395,7.498806207719856,0.647458651159278,4.545171339563863,2.6113564668769715,0.0045043665859609,0.2377622377622377,0.2248371227230421,0.0,0.694736975503428,0.4762019811548683,0.1310331072995612,0.9864864864864864,0.005584363781412,6.459348233126613,0.0132818285455193,0.0267145466622384,-15.535265363128492,-4668000000.0,-45973000000.0,-85576000000.0,132533000000.0,4374000000.0,2852500000.0,0.0,27.834064619066613,90.1105651105651,0.0,3.2334479793637145,0.9987730061349692,0.0,0.0272242670389643,0.3440991620111732,2012-02-15,0.21,bmo,13161750000.0,2025-04-25,2011-12-31,0.1428571428571428,11.44015873015873,36054780.0952381
2011-09-30,CMCSA,USD,1166691,2011-11-02,2011-11-02 16:31:53,2011,Q3,14339000000.0,5397000000.0,8942000000.0,0.6236139201,0,3266000000.0,1102000000.0,4368000000.0,1933000000.0,6301000000.0,11698000000.0,0.0,637000000.0,1933000000.0,9144000000.0,0.6377013739,2641000000.0,0.1841829974,-836000000.0,1805000000.0,0.1258804659,639000000.0,908000000.0,0.0633238022,0.17,0.17,5478000000,5522000000,https://www.sec.gov/Archives/edgar/data/1166691/000119312511292853/0001193125-11-292853-index.htm,https://www.sec.gov/Archives/edgar/data/1166691/000119312511292853/d233978d10q.htm,2.617561153705732,0.1657539247900693,0.5932822197882439,0.2981014968966776,0.3296823658269441,11.471157356699525,-7.451624680540343,8.521905805038335,7.595290251916758,57299880000.00001,96463880000.0,15.7763986784141,3.996086198479672,17.63073230769231,35.088720146968775,1.2274249726881308,1.2274249726881308,6.72737847827603,10.549418197725284,29.68119384615385,59.0715737905695,0.0158464555248632,0.0284991870838123,0.8776214039371935,0.2612432808126151,4.283027121609798,0.6066732645270748,4.145996860282574,2.7873070325900517,0.0053926814506417,0.3403083700440528,0.2277704163470256,0.0,0.6609767450757842,0.4975384615384615,0.1127693702489713,0.8365235385411278,0.0059976288444103,5.637564634859501,0.0117553494150938,0.0170779416190189,-16.26688572471705,-5564000000.0,-40820000000.0,-85406000000.0,125536000000.0,4126000000.0,0.0,0.0,25.70890578143525,0.0,0.0,3.500732421875,0.0,0.0,0.0194503352398089,0.2951807228915662,2011-11-02,0.2,bmo,16869411764.0,2025-04-25,2011-09-30,-0.15,11.22734375,42968898.8125
2011-06-30,CMCSA,USD,1166691,2011-08-03,2011-08-03 15:25:19,2011,Q2,14333000000.0,5340000000.0,8993000000.0,0.6274331961,0,3085000000.0,1107000000.0,4192000000.0,-34000000.0,6055000000.0,11395000000.0,61000000.0,621000000.0,1863000000.0,4865000000.0,0.3394264983,2938000000.0,0.2049815112,-557000000.0,2381000000.0,0.1661201423,1014000000.0,1022000000.0,0.0713039838,0.19,0.19,5518000000,5578000000,https://www.sec.gov/Archives/edgar/data/1166691/000119312511208040/0001193125-11-208040-index.htm,https://www.sec.gov/Archives/edgar/data/1166691/000119312511208040/d10q.htm,2.597499093874592,0.185212033345415,0.632113084450888,0.37042406669083,0.3619064878579195,11.310982239942009,-7.491482421167089,8.452881478796666,7.2816237767307,69913060000.0,107475060000.0,17.102020547945205,4.877768785320589,20.043881880733945,34.20404109589041,1.4988971549857426,1.4988971549857426,7.498434382194935,22.09148201438849,30.812803899082567,52.58075342465754,0.0146181557494408,0.0292363114988816,0.8481229766524452,0.2555788140739879,7.720863309352518,0.6576356619673939,4.731078904991948,2.5515727871250915,0.0044483820333425,0.3043052837573385,0.2152375636642712,0.0,0.6703105012210722,0.4139908256880734,0.1007465289890462,0.7750939345142244,0.0062792157957161,5.935102841746207,0.0117599580591091,0.0200274348422496,-15.812613265675967,-4347000000.0,-41338000000.0,-84018000000.0,124024000000.0,3932000000.0,0.0,0.0,26.09642084699644,0.0,0.0,3.4487487969201154,0.0,0.0,0.0219111120639753,0.261689017760058,2011-08-03,0.21,bmo,14333000000.0,2025-04-25,2011-06-30,0.0,12.387142857142855,33996740.0952381
2011-03-31,CMCSA,USD,1166691,2011-05-05,2011-05-04 19:37:11,2011,Q1,12128000000.0,8062000000.0,4066000000.0,0.3352572559,0,2755000000.0,984000000.0,3739000000.0,-36000000.0,1842000000.0,9904000000.0,89000000.0,605000000.0,1842000000.0,4082000000.0,0.3365765172,2224000000.0,0.1833773087,-589000000.0,1635000000.0,0.1348120053,596000000.0,943000000.0,0.0777539578,0.19,0.17,4850562679,5610000000,https://www.sec.gov/Archives/edgar/data/1166691/000119312511126626/0001193125-11-126626-index.htm,https://www.sec.gov/Archives/edgar/data/1166691/000119312511126626/d10q.htm,2.500328477870598,0.1944104349135862,0.7149685983884593,0.4615959318892042,0.3908824863161819,12.750273337927524,-8.725173304785574,9.55105687028274,8.459018616054461,59952954712.44,98556954712.44,15.894208566394486,4.943350487503298,17.287472523771626,26.7766657938544,1.2940976237359696,1.2940976237359696,8.126397980906992,24.144280919265068,28.418960413044985,44.01829151962483,0.0157289995884778,0.0373459491819744,0.8726040407528924,0.2620657465690819,9.457128858402744,0.5489925074561722,3.67603305785124,3.3378248315688164,0.0043534134598013,0.2767762460233298,0.227160290237467,0.0,0.6752798864247791,0.3543829296424452,0.1013357519788918,0.6672095548317046,0.0069261213720316,6.463634055298259,0.0098964637107336,0.0188257371583717,-18.087798427972857,-6200000000.0,-42322000000.0,-84866000000.0,122879000000.0,2781500000.0,0.0,0.0,27.516490765171504,0.0,0.0,3.27076591154261,0.0,0.0,0.0203548609911932,0.253372666499255,2011-05-03,0.17,amc,12128000000.0,2025-04-25,2011-03-31,0.0,11.997903225806452,31344957.83870968
2010-12-31,CMCSA,USD,1166691,2011-02-25,2011-02-25 15:02:27,2010,Q4,9721000000.0,3899000000.0,5822000000.0,0.5989095772,0,0.0,0.0,2106000000.0,1703000000.0,3809000000.0,7708000000.0,0.0,544000000.0,1703000000.0,3953000000.0,0.4066454069,2013000000.0,0.2070774612,-307000000.0,1706000000.0,0.1754963481,673000000.0,1018000000.0,0.1047217364,0.18,0.18,5568000000,5600000000,https://www.sec.gov/Archives/edgar/data/1166691/000119312511047243/0001193125-11-047243-index.htm,https://www.sec.gov/Archives/edgar/data/1166691/000119312511047243/d10k.htm,1.745869252873563,0.1828304597701149,0.619073275862069,0.3144755747126437,1.0892600574712643,8.00592672413793,-6.00305316091954,7.965876436781609,5.739762931034483,61192320000.0,86623320000.0,15.027583497053046,6.294858553646744,17.752341166231506,34.94707024557396,1.3796347567299456,1.3796347567299456,8.910947433391627,21.91331140905641,25.13006092254134,49.470770988006855,0.0166360745923671,0.0286147019756727,0.70827884745457,0.2650294430290043,6.433341765747533,1.0791838717512752,3.700367647058824,3.3368828654404648,0.0043142668883938,0.2593320235756385,0.0,0.0,0.6580559164459142,0.4920220481578184,0.1744676473613825,0.9958896065766296,0.0076123855570414,5.724430902430031,0.0108732520892311,0.0251159577617684,-11.943381824712644,652000000.0,-33425000000.0,-65071000000.0,102169000000.0,1861500000.0,0.0,0.0,17.1741590371361,0.0,0.0,5.240431266846361,0.0,0.0,0.0229517067231816,0.3045977011494253,2011-02-16,0.16,bmo,9149176470.0,2025-04-25,2010-12-31,0.0625,10.164375,38946865.15625
2010-09-30,CMCSA,USD,1166691,2010-10-27,2010-10-27 15:25:46,2010,Q3,9489000000.0,3792000000.0,5697000000.0,0.6003793867,0,0.0,0.0,2119000000.0,-24000000.0,3743000000.0,7535000000.0,109000000.0,545000000.0,1624000000.0,3623000000.0,0.3818105174,1954000000.0,0.2059226473,-500000000.0,1454000000.0,0.1532300559,584000000.0,867000000.0,0.0913689535,0.18,0.16,4859703732,5620000000,https://www.sec.gov/Archives/edgar/data/1166691/000119312510237886/0001193125-10-237886-index.htm,https://www.sec.gov/Archives/edgar/data/1166691/000119312510237886/d10q.htm,1.9525881665413425,0.1784059374424432,0.4938572662766595,0.1849907009927987,0.949440594416878,9.05651916807014,-7.041375747800422,9.009602727773858,6.4989558503398905,43931721737.28,70427721737.28,12.667739831972316,4.6297525279038885,18.3048840572,48.86732117606229,1.0033738748693586,1.0033738748693586,7.42203833251976,19.43906203071488,29.3448840572,78.34006867328142,0.0197351700710667,0.0204635731186724,0.708889091905719,0.2663634413216048,7.313276290367099,0.8097549960483233,3.5853211009174317,2.7586206896551726,0.0060320877379846,0.3056516724336793,0.0,0.0,0.6713666595151255,0.6254166666666666,0.1581831594477816,0.9242610837438424,0.0076931183475603,6.013796551616209,0.0106319537548099,0.0226406225518358,-13.683550205360543,-1685000000.0,-34219000000.0,-65341000000.0,99874000000.0,1856500000.0,0.0,0.0,17.71735693961429,0.0,0.0,5.079764453961456,0.0,0.0,0.019801754065412,0.3088665652838608,2010-10-27,0.15,bmo,8895937500.0,2025-04-25,2010-09-30,0.0666666666666667,9.12671875,46168011.375
2010-06-30,CMCSA,USD,1166691,2010-07-28,2010-07-28 13:10:57,2010,Q2,9525000000.0,3827000000.0,5698000000.0,0.5982152231,0,0.0,0.0,1961000000.0,1659000000.0,3620000000.0,7447000000.0,0.0,543000000.0,1659000000.0,3676000000.0,0.3859317585,2078000000.0,0.2181627297,-604000000.0,1474000000.0,0.1547506562,588000000.0,884000000.0,0.092808399,0.18,0.16,5674000000,5674000000,https://www.sec.gov/Archives/edgar/data/1166691/000119312510168718/0001193125-10-168718-index.htm,https://www.sec.gov/Archives/edgar/data/1166691/000119312510168718/d10q.htm,1.6787099048290448,0.1557983785689108,0.4280930560451181,0.2063799788508988,0.7192456820585125,7.670778991892845,-6.13835037010927,7.655445893549524,5.557807543179415,49307060000.0,76271060000.0,13.944304298642534,5.176594225721785,20.29932482503088,42.1067976088813,1.1351396275065035,1.1351396275065035,8.007460367454069,20.748384113166484,31.400189378345,65.1332707087959,0.017928467039,0.0237491345052818,0.7134931049566038,0.268034282650246,7.335146898803047,0.7584579976985041,3.826887661141805,2.7415349887133185,0.0054150460400599,0.3020361990950226,0.0,0.0,0.6776358462988749,0.5179086043639358,0.1320734908136483,0.758288125376733,0.0074540682414698,5.180336503774003,0.0114335267603664,0.0237162633471052,-11.744492421572083,-2099000000.0,-34829000000.0,-65512000000.0,99471000000.0,1713000000.0,0.0,0.0,17.433070866141733,0.0,0.0,5.162601626016261,0.0,0.0,0.0203513133964131,0.2217130771942192,2010-07-28,0.16,bmo,8964705882.0,2025-04-25,2010-06-30,0.0625,9.156507936507936,52479703.65079365
2010-03-31,CMCSA,USD,1166691,2010-04-28,2010-04-28 15:07:49,2010,Q1,9202000000.0,3732000000.0,5470000000.0,0.5944359922,0,0.0,0.0,1905000000.0,1630000000.0,3535000000.0,7267000000.0,101000000.0,524000000.0,1630000000.0,3624000000.0,0.3938274288,1935000000.0,0.2102803738,-465000000.0,1470000000.0,0.1597478809,591000000.0,866000000.0,0.0941099761,0.16,0.16,5674000000,5674000000,https://www.sec.gov/Archives/edgar/data/1166691/000119312510096460/0001193125-10-096460-index.htm,https://www.sec.gov/Archives/edgar/data/1166691/000119312510096460/d10q.htm,1.6217835741980966,0.1526260133944307,0.5116320056397603,0.3279873105393021,0.6210786041593233,7.609975326048643,-6.217483256961579,7.592879802608389,5.541593232287628,53392340000.0,80828340000.0,15.413493071593534,5.802253857856988,18.392125387530143,28.690134336378293,1.239318973121025,1.239318973121025,8.783779613127582,22.30362582781457,27.84303823630727,43.43274583557227,0.0162195550897375,0.0348551870923806,0.717677916531266,0.2678825160284179,7.570640176600442,0.6927452118398143,3.6927480916030535,3.302616609783845,0.0050194466097571,0.3094688221709007,0.0,0.0,0.6797522093224745,0.3589390285911126,0.1132362529884807,0.6392638036809816,0.0089111062812432,5.106329104674144,0.0106013360613527,0.023428834239645,-11.901876982728234,-2647000000.0,-35278000000.0,-66273000000.0,99251000000.0,1646000000.0,0.0,0.0,15.462942838513364,0.0,0.0,5.820366856419987,0.0,0.0,0.0201012023582934,0.1836446951004582,2010-04-28,0.15,bmo,8626875000.0,2025-04-25,2010-03-31,0.0666666666666667,8.356885245901639,39134922.295081966
2009-12-31,CMCSA,USD,1166691,2010-02-23,2010-02-23 15:47:53,2009,Q4,9181000000.0,3796000000.0,5385000000.0,0.5865374142,0,0.0,0.0,1976000000.0,1592000000.0,3568000000.0,7364000000.0,0.0,520000000.0,1592000000.0,3389000000.0,0.3691319028,1817000000.0,0.1979087245,-467000000.0,1350000000.0,0.1470428058,390000000.0,955000000.0,0.10401917,0.17,0.17,5708000000,5724000000,https://www.sec.gov/Archives/edgar/data/1166691/000119312510037551/0001193125-10-037551-index.htm,https://www.sec.gov/Archives/edgar/data/1166691/000119312510037551/d10k.htm,1.6084442887175894,0.1673090399439383,0.4477925718290119,0.1415557112824106,0.1263139453398738,7.529257182901191,-6.221618780658725,7.484407848633497,5.188507358093903,48118440000.0,76543440000.0,12.596450261780104,5.241089205968849,18.82568075117371,59.55252475247525,1.1263416118536551,1.1263416118536551,8.337157172421305,22.585848332841547,29.94657276995305,94.7319801980198,0.0198468612033141,0.0167918993217568,0.6810701996676107,0.2580965644487417,8.387429920330481,0.4446130500758725,3.4942307692307693,2.6625,0.0040109363478949,0.2020942408376963,0.0,0.0,0.6962468842308818,0.6838810641627543,0.1903932033547543,1.0979899497487438,0.0070798387975166,5.307984981453349,0.0121163624239393,0.0278889116023712,-11.869612824106516,-4026000000.0,-35513000000.0,-66533000000.0,98319000000.0,1675000000.0,0.0,0.0,16.772682714301276,0.0,0.0,5.365867913500876,0.0,0.0,0.0223543456379766,0.3062368605466012,2010-02-03,0.14,bmo,7466941176.0,2025-04-25,2009-12-31,0.2142857142857142,7.87375,52676337.03125
2009-09-30,CMCSA,USD,1166691,2009-11-04,2009-11-04 11:37:13,2009,Q3,8802000000.0,3490000000.0,5312000000.0,0.6034992047,0,0.0,0.0,1986000000.0,1615000000.0,3601000000.0,7091000000.0,148000000.0,707000000.0,1615000000.0,3459000000.0,0.3929788684,1711000000.0,0.1943876392,-574000000.0,1137000000.0,0.1291751875,203000000.0,944000000.0,0.1072483526,0.17,0.17,5744000000,5754000000,https://www.sec.gov/Archives/edgar/data/1166691/000119312509223314/0001193125-09-223314-index.htm,https://www.sec.gov/Archives/edgar/data/1166691/000119312509223314/d10q.htm,1.532381615598886,0.1643454038997214,0.4547353760445682,0.2163997214484679,0.1598189415041782,7.378307799442897,-6.302924791086351,7.366121169916434,5.249651810584958,48479360000.0,77064360000.0,12.838813559322034,5.507766416723472,18.5602450229709,39.00189863234111,1.1457862021696483,1.1457862021696483,8.755323790047717,22.27937554206418,29.5039663093415,61.99868061142397,0.0194722042535215,0.0256397774228042,0.6959655881449268,0.2618372264655931,8.263949118242266,0.4802594472645234,2.4200848656294203,2.7965738758029977,0.0039810756577644,0.2044491525423729,0.0,0.0,0.6987631487689284,0.5241194486983155,0.1555328334469438,0.8476780185758513,0.0080663485571461,5.219026113557453,0.0132190738763532,0.0278646909498789,-11.827080431754874,-3686000000.0,-36204000000.0,-66676000000.0,98504000000.0,1658000000.0,0.0,0.0,16.75869120654397,0.0,0.0,5.370347773032337,0.0,0.0,0.022310982959514,0.2383356545961003,2009-11-04,0.13,bmo,6763823529.0,2025-04-25,2009-09-30,0.3076923076923077,7.65328125,42536665.03125
2009-06-30,CMCSA,USD,1166691,2009-08-06,2009-08-06 12:17:45,2009,Q2,8938000000.0,5403000000.0,3535000000.0,0.3955023495,0,0.0,0.0,1858000000.0,1660000000.0,1660000000.0,7063000000.0,27000000.0,551000000.0,1660000000.0,3591000000.0,0.4017677333,1875000000.0,0.2097784739,-495000000.0,1380000000.0,0.1543969568,424000000.0,956000000.0,0.1069590512,0.17,0.17,5770000000,5782000000,https://www.sec.gov/Archives/edgar/data/1166691/000119312509166759/0001193125-09-166759-index.htm,https://www.sec.gov/Archives/edgar/data/1166691/000119312509166759/d10q.htm,1.549046793760832,0.165684575389948,0.4507798960138648,0.2377816291161178,0.7020797227036395,7.246793760831889,-6.387694974003466,7.232755632582323,5.821143847487002,41717100000.0,70765100000.0,10.909283472803349,4.667386439919445,16.038869665513264,30.406049562682217,0.999619006541586,0.999619006541586,7.917330498993064,19.706237816764133,27.206881968473663,51.578061224489794,0.022916262156286,0.0328881921322431,0.7916277286559796,0.2866874354590973,8.089111668059036,0.6192100028417163,3.4029038112522687,2.7207112970711296,0.0046743421762298,0.2039748953974895,0.0,0.0,0.6826887197688243,0.4725105728565936,0.1375027970463191,0.7403614457831326,0.0074960841351532,5.192591937788129,0.0119333839561794,0.0261445058250834,-11.804896013864818,-4020000000.0,-36857000000.0,-66886000000.0,98366000000.0,1580000000.0,0.0,0.0,16.886328037592303,0.0,0.0,5.329755515802027,0.0,0.0,0.0229075312103131,0.2129982668977469,2009-08-06,0.13,bmo,6865529411.0,2025-04-25,2009-06-30,0.3076923076923077,7.250793650793651,45120628.6984127
2009-03-31,CMCSA,USD,1166691,2009-04-30,2009-04-30 11:54:17,2009,Q1,8835000000.0,3565000000.0,5270000000.0,0.5964912281,0,0.0,0.0,1826000000.0,1633000000.0,3459000000.0,7024000000.0,27000000.0,570000000.0,1633000000.0,3442000000.0,0.3895868704,1811000000.0,0.2049801924,-572000000.0,1239000000.0,0.140237691,461000000.0,772000000.0,0.0873797397,0.14,0.14,5780000000,5780000000,https://www.sec.gov/Archives/edgar/data/1166691/000119312509093618/0001193125-09-093618-index.htm,https://www.sec.gov/Archives/edgar/data/1166691/000119312509093618/d10q.htm,1.528546712802768,0.1335640138408304,0.4346020761245674,0.2108996539792387,0.3352941176470588,7.126124567474048,-6.504498269896194,7.109861591695502,5.645674740484429,39419600000.0,69602600000.0,12.765414507772022,4.4617543859649125,15.69251592356688,32.337653814602135,0.9592310500060834,0.9592310500060834,7.878053197509904,20.221557234166184,27.708041401273885,57.09811320754717,0.0195841662523211,0.0309237029295071,0.7801922374984791,0.2835563495502826,8.769029633933759,0.4782266231574209,3.17719298245614,3.22879177377892,0.0045662563800748,0.233160621761658,0.0,0.0,0.6967745929548691,0.5147292993630573,0.1463497453310696,0.7917942437232088,0.0061120543293718,4.622389768387252,0.0106446024752921,0.0225164790293414,-11.908607266435986,-4637000000.0,-37596000000.0,-67632000000.0,98186000000.0,1554500000.0,0.0,0.0,15.106960950764003,0.0,0.0,5.957518543492919,0.0,0.0,0.0187857403577077,0.2237024221453287,2009-04-30,0.12,bmo,7599428571.0,2025-04-25,2009-03-31,0.1666666666666668,7.0393442622950815,49525778.75409836
2008-12-31,CMCSA,USD,1166691,2009-02-20,2009-02-20 13:52:07,2008,Q4,8765000000.0,4179000000.0,4586000000.0,0.5232173417,0,0.0,0.0,1216000000.0,1613000000.0,2829000000.0,7008000000.0,0.0,0.0,1613000000.0,3670000000.0,0.4187107815,1757000000.0,0.2004563605,-1176000000.0,581000000.0,0.0662863662,169000000.0,412000000.0,0.0470051341,0.0713,0.0713,5764000000,5776000000,https://www.sec.gov/Archives/edgar/data/1166691/000119312509033975/0001193125-09-033975-index.htm,https://www.sec.gov/Archives/edgar/data/1166691/000119312509033975/d10k.htm,1.520645385149202,0.0714781401804302,0.4958362248438584,0.1724496877168632,0.2175572519083969,7.039555863983345,-6.648160999306038,7.017696044413602,5.630811936155448,48648160000.0,79909160000.0,29.519514563106792,5.5502749572162005,17.021749475157453,48.94181086519114,1.2026739184177997,1.2026739184177997,9.11684654877353,21.773613079019075,27.959818054583625,80.39150905432595,0.0084689739550272,0.0204324274546046,0.8023733003708282,0.2871780351628516,8.517983651226158,0.4157064548607226,0.0,6.936893203883495,0.0037000371648177,0.4368932038834951,0.0,0.0,0.6980896679260642,0.6522043386983905,0.2126640045636052,1.1556106633601984,0.0,3.359503964298977,0.0117146913276484,0.0120746754198294,-12.138705759888966,-5223000000.0,-38320000000.0,-68725000000.0,98117000000.0,1642000000.0,1593500000.0,0.0,16.69594980034227,0.0,0.0,5.390528905289053,0.0,0.0,0.0101854140914709,0.3233865371269951,2009-02-18,0.11,bmo,6922928571.0,2025-04-25,2008-12-31,0.2727272727272728,7.98,59242976.875
2008-09-30,CMCSA,USD,1166691,2008-10-29,2008-10-29 16:36:26,2008,Q3,8549000000.0,3095000000.0,5454000000.0,0.6379693531,0,0.0,0.0,2217000000.0,1567000000.0,3784000000.0,6879000000.0,0.0,0.0,1567000000.0,3237000000.0,0.3786407767,1670000000.0,0.1953444847,-513000000.0,1157000000.0,0.1353374664,401000000.0,771000000.0,0.0901859867,0.13,0.13,5818000000,5840000000,https://www.sec.gov/Archives/edgar/data/1166691/000119312508219067/0001193125-08-219067-index.htm,https://www.sec.gov/Archives/edgar/data/1166691/000119312508219067/d10q.htm,1.469405293915435,0.1325197662426951,0.4202475077346167,0.1732554142316947,0.5013750429700928,8.100550017188038,-5.4661395668614645,6.910278446201444,5.790305947060846,57132760000.0,88106760000.0,18.525538261997404,6.6829757866417125,23.36718200408998,56.6793253968254,1.4210715351706298,1.4210715351706298,10.306089601122938,27.2186468952734,36.035484662576685,87.4075,0.0134948845460992,0.0176431175388691,0.837926574470202,0.2942286193404136,9.568736484399135,0.5954206717788098,0.0,3.1712062256809337,0.0031855628889624,0.2360570687418936,0.0,0.0,0.6893777948574623,0.5877300613496933,0.168089835068429,0.9170389278876836,0.0,4.539200469042688,0.0100734960201504,0.0216786166174609,-10.863956686146444,-3746000000.0,-31802000000.0,-61854000000.0,99095000000.0,1661500000.0,3107000000.0,0.0,17.454673061176745,92.67528271405492,0.0,5.156212303980699,0.9711327267022278,0.0,0.0191771962988757,0.2469920935029219,2008-10-29,0.11,bmo,7336153846.0,2025-04-25,2008-09-30,0.1818181818181818,10.16765625,45018606.8125
2008-06-30,CMCSA,USD,1166691,2008-07-30,2008-07-30 16:19:24,2008,Q2,8553000000.0,3091000000.0,5462000000.0,0.638606337,0,0.0,0.0,2111000000.0,1601000000.0,3712000000.0,6803000000.0,0.0,618000000.0,1601000000.0,3293000000.0,0.3850111072,1750000000.0,0.2046065708,-676000000.0,1074000000.0,0.1255699754,455000000.0,632000000.0,0.0738922016,0.11,0.11,5914000000,5940000000,https://www.sec.gov/Archives/edgar/data/1166691/000119312508161385/0001193125-08-161385-index.htm,https://www.sec.gov/Archives/edgar/data/1166691/000119312508161385/d10q.htm,1.4462292864389583,0.1068650659452147,0.4513019952654717,0.2113628677713899,0.3486641866756848,6.879438620223199,-6.501859993236388,6.820595197835644,5.602130537707136,56123860000.0,86869860000.0,22.20089398734177,6.56189173389454,21.02804795803672,44.899088,1.39137417259588,1.39137417259588,10.156653805682216,26.38015791071971,32.54771824653428,69.495888,0.0112608077919088,0.0222721673099462,0.8060341621836031,0.2854596697015725,9.336774977224415,0.5744838669798492,2.831715210355987,4.223101265822785,0.0033192834562697,0.2947642405063291,0.0,0.0,0.6948119792444051,0.5316597976770326,0.165906699403718,0.8863210493441599,0.0,4.049675974822211,0.0093652809543652,0.0181818181818181,-11.819622928643897,-3442000000.0,-38452000000.0,-68565000000.0,99528000000.0,1581000000.0,3004500000.0,0.0,17.520168361978254,88.13652539631187,0.0,5.136936936936937,1.0211430459200528,0.0,0.0156679971242283,0.2399391274940818,2008-07-30,0.11,bmo,8553000000.0,2025-04-25,2008-06-30,0.0,10.47890625,38562391.4375
2008-03-31,CMCSA,USD,1166691,2008-05-01,2008-05-01 14:08:35,2008,Q1,8389000000.0,3107000000.0,5282000000.0,0.6296340446,0,0.0,0.0,2108000000.0,1619000000.0,3727000000.0,6834000000.0,0.0,621000000.0,1619000000.0,3486000000.0,0.415544165,1555000000.0,0.1853617833,-309000000.0,1246000000.0,0.1485278341,508000000.0,732000000.0,0.0872571224,0.12,0.12,6018000000,6034000000,https://www.sec.gov/Archives/edgar/data/1166691/000119312508098880/0001193125-08-098880-index.htm,https://www.sec.gov/Archives/edgar/data/1166691/000119312508098880/d10q.htm,1.3939847125290794,0.1216350947158524,0.3753738783649052,0.1166500498504486,0.119807244931871,6.843801927550682,-6.284147557328016,6.7793286806247925,5.314057826520439,58194060000.0,88918060000.0,19.87502049180328,6.936948384789606,25.76098273572377,82.89752136752136,1.4263949213196725,1.4263949213196725,10.599363452139707,25.50718875502008,39.36169101372288,126.66390313390312,0.0125786033832318,0.0120630868511322,0.7686406196382176,0.2779461816634758,8.813539873780838,0.4192894772389571,2.50402576489533,3.086065573770492,0.0,0.0,0.0,0.0,0.7002410834574204,0.6892430278884463,0.1856001907259506,0.961704756022236,0.0,4.30738858695127,0.0086261181560277,0.0216439976345357,-11.59758225324028,-4299000000.0,-37818000000.0,-68534000000.0,98654000000.0,1571000000.0,3159000000.0,0.0,16.060317081892958,86.37914386868361,0.0,5.603874415497662,1.0419181757209923,0.0,0.0179420559831364,0.2587238285144566,2008-05-01,0.09,bmo,7550099999.0,2025-04-25,2008-03-31,0.1111111111111112,9.300655737704918,50157866.75409836
2007-12-31,CMCSA,USD,1166691,2008-02-20,2008-02-20 11:54:03,2007,Q4,8014000000.0,2903000000.0,5111000000.0,0.6377589219,0,0.0,0.0,2029000000.0,1624000000.0,3653000000.0,6556000000.0,0.0,0.0,1624000000.0,3082000000.0,0.3845769903,1458000000.0,0.1819316197,-462000000.0,996000000.0,0.1242825056,400000000.0,602000000.0,0.0751185426,0.0978,0.0978,6136000000,6156000000,https://www.sec.gov/Archives/edgar/data/1166691/000119312508034239/0001193125-08-034239-index.htm,https://www.sec.gov/Archives/edgar/data/1166691/000119312508034239/d10k.htm,1.3060625814863105,0.098109517601043,0.4374185136897001,0.1657431551499348,0.1729139504563233,6.778031290743155,-5.855769230769231,6.737288135593221,5.104791395045632,56021680000.00001,86381680000.0,23.26481727574751,6.99047666583479,20.87245901639344,55.08523107177975,1.3551446540880503,1.3551446540880503,10.778847017718991,28.02780012978585,32.183934426229506,84.93773844641102,0.0107458398248678,0.018153686215765,0.7576923076923077,0.276175529241648,9.850746268656716,0.4611418511066398,0.0,4.458471760797342,0.0,0.0,0.0,0.0,0.6835042365782907,0.6210879284649776,0.2080109807836286,1.0264778325123152,0.0,3.8564649616911257,0.0081568608014706,0.016770670826833,-11.33185299869622,-4285000000.0,-35931000000.0,-68160000000.0,96860000000.0,1621500000.0,3175000000.0,0.0,18.47392063888196,103.42404409231828,0.0,4.871732522796353,0.8702038369304557,0.0,0.014562167392356,0.2716753585397653,2008-02-14,0.09,bmo,7212599999.0,2025-04-25,2007-12-31,0.1111111111111112,10.32375,62385966.0
2007-09-30,CMCSA,USD,1166691,2007-10-26,2007-10-26 13:42:42,2007,Q3,7781000000.0,2759000000.0,5022000000.0,0.6454183267,0,0.0,0.0,2093000000.0,1538000000.0,3631000000.0,6390000000.0,0.0,0.0,1538000000.0,1391000000.0,0.1787687958,1391000000.0,0.1787687958,-426000000.0,965000000.0,0.1240200488,421000000.0,560000000.0,0.0719701838,0.09,0.09,6174000000,6236000000,https://www.sec.gov/Archives/edgar/data/1166691/000119312507226766/0001193125-07-226766-index.htm,https://www.sec.gov/Archives/edgar/data/1166691/000119312507226766/d10q.htm,1.2602850664075154,0.0907029478458049,0.2782636864269517,0.0174927113702623,0.4881762228701004,6.827502429543246,-5.760932944606414,6.784580498866213,5.037900874635569,75199320000.0,103354320000.0,33.571125,9.664480143940368,43.7714318975553,696.29,1.7952473262032085,1.7952473262032085,13.282909651715718,74.3021710999281,60.159674039580906,956.9844444444444,0.0074468758494092,0.0014361831995289,0.7425515660809778,0.2748407277482747,20.24083393242272,0.8050417661097852,0.0,3.067857142857143,0.0,0.0,0.0,0.0,0.6867572081186877,0.9371362048894064,0.2069142783703894,1.046814044213264,0.0,3.721032471068665,0.0073127101565585,0.0157968970380818,-10.820456754130223,-1307000000.0,-35568000000.0,-65621000000.0,99627000000.0,1519500000.0,2996000000.0,0.0,18.483485413185967,98.31823124320404,0.0,4.869211514392991,0.9153948241539482,0.0,0.0133689839572192,0.2607709750566893,2007-10-25,0.09,bmo,7781000000.0,2025-04-25,2007-09-30,0.0,13.058253968253968,47168867.365079366
2007-06-30,CMCSA,USD,1166691,2007-07-27,2007-07-27 14:47:03,2007,Q2,7712000000.0,2754000000.0,4958000000.0,0.6428941909,0,0.0,0.0,1946000000.0,1544000000.0,3490000000.0,6244000000.0,0.0,0.0,1544000000.0,1468000000.0,0.1903526971,1468000000.0,0.1903526971,-439000000.0,1029000000.0,0.1334284232,453000000.0,588000000.0,0.0762448133,0.095,0.095,6226000000,6294000000,https://www.sec.gov/Archives/edgar/data/1166691/000119312507164027/0001193125-07-164027-index.htm,https://www.sec.gov/Archives/edgar/data/1166691/000119312507164027/d10q.htm,1.238676517828461,0.0944426598136845,0.3894956633472534,0.1140379055573401,0.1964343077417282,6.762447799550273,-5.684548666880822,6.71779633793768,4.537744940571796,87537560000.0,114961560000.0,37.218350340136055,11.35082468879668,36.09796288659794,123.292338028169,2.092948236700538,2.092948236700538,14.906841286307056,78.311689373297,47.40682886597938,161.91769014084508,0.0067171166297072,0.0081108040936941,0.6754811715481172,0.2550832460543898,18.681198910081743,0.5179119754350051,0.0,4.124149659863946,0.0,0.0,0.0,0.0,0.6996912131171223,0.7072164948453609,0.2223807053941908,1.1107512953367875,0.0,3.7782333795615295,0.0078729351792042,0.017678362045639,-10.656802120141345,-3297000000.0,-35392000000.0,-65111000000.0,97098000000.0,1361500000.0,2979000000.0,0.0,16.81664937759336,97.3202614379085,0.0,5.351839000693962,0.9247817327065144,0.0,0.0140585774058577,0.2754577577899132,2007-07-26,0.09,bmo,6940799999.0,2025-04-25,2007-06-30,0.1111111111111112,13.6,35376266.222222224
2007-03-31,CMCSA,USD,1166691,2007-04-27,2007-04-27 12:01:27,2007,Q1,7388000000.0,2759000000.0,4629000000.0,0.6265565782,0,0.0,0.0,1866000000.0,1502000000.0,3368000000.0,6127000000.0,0.0,0.0,1502000000.0,1261000000.0,0.1706821873,1261000000.0,0.1706821873,98000000.0,1359000000.0,0.183946941,526000000.0,837000000.0,0.1132918246,0.14,0.13,6250000000,6322000000,https://www.sec.gov/Archives/edgar/data/1166691/000119312507093032/0001193125-07-093032-index.htm,https://www.sec.gov/Archives/edgar/data/1166691/000119312507093032/d10q.htm,1.18208,0.13392,0.3144,0.06288,0.3656,6.73248,-5.57728,6.69408,4.52336,81125000000.0,108359000000.0,24.230884109916367,10.98064428803465,41.284987277353686,206.42493638676845,1.9390267221186483,1.9390267221186483,14.666892257715212,85.93100713719271,55.14452926208652,275.7226463104326,0.0103174114021571,0.00484437596302,0.6757254170849467,0.2562241133980442,21.59714512291832,0.5770273935448874,0.0,2.347670250896057,0.0,0.0,0.0,0.0,0.6972819634392815,0.8,0.212777476989713,1.046604527296937,0.0040606388738494,4.491169319453454,0.0074311697832341,0.0250591299661686,-10.402,-3119000000.0,-34858000000.0,-64004000000.0,96330000000.0,1366000000.0,2921000000.0,0.0,15.61721710882512,97.2091337441102,0.0,5.762870514820593,0.9258389261744966,0.0,0.0200057364118743,0.25152,2007-04-26,0.08,bmo,6567111111.0,2025-04-25,2007-03-31,0.1249999999999999,13.74,35139432.163934425
2006-12-31,CMCSA,USD,1166691,2007-02-26,2007-02-26 12:08:01,2006,Q4,7031000000.0,2451000000.0,4580000000.0,0.6514009387,0,0.0,0.0,1986000000.0,1376000000.0,3362000000.0,5813000000.0,0.0,0.0,1515000000.0,2733000000.0,0.388707154,1218000000.0,0.1732328261,-566000000.0,652000000.0,0.092732186,221000000.0,390000000.0,0.0554686389,0.0616,0.0616,6254000000,6328000000,https://www.sec.gov/Archives/edgar/data/1166691/000119312507039301/0001193125-07-039301-index.htm,https://www.sec.gov/Archives/edgar/data/1166691/000119312507039301/d10k.htm,1.124240486088903,0.0623600895426926,0.2376079309242085,0.0100735529261272,0.4755356571794051,6.621042532779021,-5.303485769107771,6.582507195394947,4.633034857691078,88243940000.0,115979940000.0,56.56662820512821,12.550695491395247,59.38353970390309,1400.6974603174604,2.143560133116331,2.143560133116331,16.495511307068696,42.43686059275522,78.04841184387618,1840.9514285714288,0.0044195669413673,0.0007139300443747,0.70384045473316,0.262442824147457,10.148554701792902,0.723404255319149,0.0,3.81025641025641,0.0,0.0,0.0,0.0,0.6754766541370409,0.9576043068640646,0.2023894182904281,0.9392739273927392,0.0,3.0390671443233326,0.0077271927862459,0.0108850372603198,-10.383034857691078,-1989000000.0,-33168000000.0,-63795000000.0,93835000000.0,1339000000.0,2606500000.0,0.0,18.56065993457545,105.09179926560589,0.0,4.848965517241379,0.8563941299790356,0.0,0.0094736075011538,0.2275343779980812,2007-02-01,0.08,bmo,8035428571.0,2025-04-25,2006-12-31,-0.1249999999999999,13.42031746031746,29136671.17460317
2006-09-30,CMCSA,USD,1166691,2006-10-31,2006-10-30 21:10:38,2006,Q3,6432000000.0,2300000000.0,4132000000.0,0.6424129353,0,0.0,0.0,1695000000.0,1213000000.0,2908000000.0,5208000000.0,0.0,0.0,1093000000.0,2437000000.0,0.3788868159,1224000000.0,0.1902985075,358000000.0,1582000000.0,0.2459577114,610000000.0,1217000000.0,0.189210199,0.19,0.19,6288000000,6326000000,https://www.sec.gov/Archives/edgar/data/1166691/000119312506218354/0001193125-06-218354-index.htm,https://www.sec.gov/Archives/edgar/data/1166691/000119312506218354/d10q.htm,1.0229007633587786,0.1935432569974554,0.300413486005089,0.0963740458015267,0.5454834605597965,6.583651399491094,-5.191793893129771,6.476145038167939,4.328721374045801,77342400000.0,101787400000.0,15.887921117502056,12.024626865671642,40.94356802541027,127.62772277227722,1.899278031530868,1.899278031530868,15.825155472636816,41.76750102585146,53.88427739544733,167.96600660066008,0.0157352241461345,0.0078352882765468,0.6684101959628702,0.2520931352572889,10.030775543701273,0.8874676165803109,0.0,1.552177485620378,0.0,0.0,0.0,0.0,0.6857703849146075,0.6791953414505029,0.1994713930348258,1.1738334858188473,0.0,5.310538539374892,0.0073320443323041,0.0358700778118368,-9.895515267175572,-695000000.0,-32646000000.0,-61093000000.0,94020000000.0,1176500000.0,2209500000.0,0.0,17.18283582089552,91.99565217391304,0.0,5.237785016286645,0.9783071033602724,0.0,0.0298855655419674,0.2040394402035623,2006-10-26,0.06,bmo,4288000000.0,2025-04-25,2006-09-30,0.5,11.393015873015871,27998324.31746032
2006-06-30,CMCSA,USD,1166691,2006-07-28,2006-07-28 10:59:54,2006,Q2,6228000000.0,2310000000.0,3918000000.0,0.6290944123,0,0.0,0.0,1486000000.0,1203000000.0,2689000000.0,4999000000.0,0.0,0.0,1203000000.0,2376000000.0,0.3815028902,1229000000.0,0.1973346179,-409000000.0,818000000.0,0.131342325,362000000.0,460000000.0,0.0738599872,0.075,0.075,6336000000,6368000000,https://www.sec.gov/Archives/edgar/data/1166691/000119312506155589/0001193125-06-155589-index.htm,https://www.sec.gov/Archives/edgar/data/1166691/000119312506155589/d10q.htm,0.9829545454545454,0.0726010101010101,0.2400568181818181,0.0637626262626262,0.2818813131313131,6.404513888888889,-4.367266414141414,6.298453282828283,3.8072916666666665,69125760000.0,92275760000.0,37.56834782608696,11.099190751445086,45.447573964497046,171.10336633663366,1.7321712982684745,1.7321712982684745,14.816274887604369,38.83659932659933,60.66782380013149,228.40534653465343,0.0066545380477552,0.0058444203723763,0.604480416969454,0.2340039577836411,9.743265993265991,0.6141568355308813,0.0,3.3065217391304347,0.0,0.0,0.0,0.0,0.6620557193853794,0.7343852728468113,0.1793513166345536,0.9285120532003324,0.0,3.2075951403139262,0.0069847677513373,0.0132039726735174,-9.450639204545457,-2224000000.0,-27671000000.0,-58969000000.0,84971000000.0,1017500000.0,2004000000.0,0.0,16.25722543352601,80.57142857142857,0.0,5.536,1.1170212765957446,0.0,0.0115267998095572,0.1762941919191919,2006-07-27,0.07,bmo,5908000000.0,2025-04-25,2006-06-30,0.0,10.272222222222222,38981083.74603175
2006-03-31,CMCSA,USD,1166691,2006-04-28,2006-04-28 11:43:23,2006,Q1,5901000000.0,2196000000.0,3705000000.0,0.6278596848,0,0.0,0.0,1504000000.0,1151000000.0,2655000000.0,4851000000.0,0.0,0.0,1151000000.0,2155000000.0,0.3651923403,1050000000.0,0.1779359431,-408000000.0,476000000.0,0.0806642942,164000000.0,466000000.0,0.0789696662,0.075,0.075,6404000000,6426000000,https://www.sec.gov/Archives/edgar/data/1166691/000119312506092286/0001193125-06-092286-index.htm,https://www.sec.gov/Archives/edgar/data/1166691/000119312506092286/d10q.htm,0.9214553404122424,0.0727670206121174,0.268894440974391,0.1317926296064959,0.3922548407245471,6.353529044347283,-4.218769519050594,6.250156152404747,3.7679575265459087,55842880000.00001,78279880000.0,29.95862660944206,9.463290967632606,32.42908246225319,66.16454976303318,1.3951651426572729,1.3951651426572729,13.26552787663108,36.32477030162413,45.45869918699187,92.748672985782,0.0083448418133162,0.0151138336704697,0.6028581422075651,0.2343127925268493,10.411600928074249,0.7014035087719298,0.0,3.6952789699570814,0.0,0.0,0.0,0.0,0.6574449903866695,0.5098722415795587,0.1487883409591594,0.7628149435273676,0.0077952889340789,3.1989244966624715,0.0070111477248825,0.0132097400572611,-9.228529044347283,-1702000000.0,-27017000000.0,-58296000000.0,84712000000.0,959000000.0,2089500000.0,0.0,13.879003558718862,79.50819672131148,0.0,6.484615384615385,1.131958762886598,0.0,0.0116424324189276,0.137101811367895,2006-04-27,0.05,bmo,3996428571.0,2025-04-25,2006-03-31,0.4000000000000001,8.993870967741936,30533668.35483871
2005-12-31,CMCSA,USD,1166691,2006-02-22,2006-02-22 16:05:46,2005,Q4,5716000000.0,2061000000.0,3655000000.0,0.63943317,0,0.0,0.0,1500000000.0,1262000000.0,2762000000.0,4823000000.0,0.0,0.0,1262000000.0,2155000000.0,0.3770118964,893000000.0,0.1562281316,-429000000.0,464000000.0,0.0811756473,319000000.0,133000000.0,0.0232680196,0.0204,0.0204,6537000000,6537000000,https://www.sec.gov/Archives/edgar/data/1166691/000119312506036698/0001193125-06-036698-index.htm,https://www.sec.gov/Archives/edgar/data/1166691/000119312506036698/d10k.htm,0.8744072204375095,0.0203457243383815,0.1502218142878996,0.0174391922900413,0.1675080312069757,6.2530212635765645,-3.7546275049717,6.152516444852378,3.5751873948294324,56479680000.0,78903680000.0,106.1648120300752,9.880979706088173,57.514949083503055,495.4357894736842,1.404303438673264,1.404303438673264,13.804002799160251,36.61423665893271,80.34997963340122,692.1375438596491,0.0023548292058311,0.0020184250335695,0.5810935130162361,0.2260251450676982,10.405568445475636,0.4365419987737584,0.0,7.383458646616542,0.0,0.0,0.0,0.0,0.632688588007737,0.8839103869653768,0.1518544436668999,0.687797147385103,0.0,1.6782406205375693,0.0028312534875462,0.0035018430753027,-9.281474682576103,-3676000000.0,-24544000000.0,-59676000000.0,79448000000.0,999000000.0,2109500000.0,0.0,15.871238628411476,97.77292576419214,0.0,5.670634920634921,0.9205002233139794,0.0,0.0033068947512369,0.1327826219978583,2006-02-02,0.05,bmo,13540000000.0,2025-04-25,2005-12-31,-0.6,9.045238095238096,34395632.634920634
2005-09-30,CMCSA,USD,1166691,2005-11-03,2005-11-03 13:59:57,2005,Q3,5578000000.0,2007000000.0,3571000000.0,0.6401936178,0,0.0,0.0,1472000000.0,1216000000.0,2688000000.0,4695000000.0,0.0,0.0,1216000000.0,2057000000.0,0.3687701685,883000000.0,0.1583004661,-525000000.0,355000000.0,0.0636428828,143000000.0,222000000.0,0.0397992112,0.0333,0.0333,9877061469,9935532234,https://www.sec.gov/Archives/edgar/data/1166691/000119312505215451/0001193125-05-215451-index.htm,https://www.sec.gov/Archives/edgar/data/1166691/000119312505215451/d10q.htm,0.5647428658318093,0.0224763205834818,0.1440711900463722,0.0518372799042463,0.0795783242280032,4.212791439093149,-2.7325941105773635,4.151538403268795,2.2886361567099405,96696431781.51,118722431781.51,108.89237813233106,17.335323015688417,67.95251706360506,188.8602183232617,2.358161974917937,2.358161974917937,21.284050158033345,57.71630130360233,83.43108347260014,231.8797495732617,0.0022958447991299,0.0052949213385338,0.5512742348494086,0.2186233643142451,10.707826932425863,0.3299357721306897,0.0,6.40990990990991,0.0,0.0,0.0,0.0,0.6634621894252251,0.640196767392832,0.1633201864467551,0.7491776315789473,0.0,1.4489666771518173,0.0053407946285065,0.0063798603327873,-6.100852990449279,-4799000000.0,-26990000000.0,-59424000000.0,82582000000.0,1010500000.0,2011000000.0,0.0,15.973467192542133,88.78923766816143,0.0,5.634343434343434,1.0136363636363637,0.0,0.0054139739056212,0.0922339101421259,2005-11-03,0.05,bmo,8806666666.0,2025-04-25,2005-09-30,-0.4000000000000001,10.18390625,24574629.21875
2005-06-30,CMCSA,USD,1166691,2005-08-02,2005-08-02 17:19:28,2005,Q2,5598000000.0,1944000000.0,3654000000.0,0.652733119,0,0.0,0.0,1445000000.0,1161000000.0,2606000000.0,4550000000.0,0.0,0.0,1161000000.0,1048000000.0,0.1872097178,1048000000.0,0.1872097178,-277000000.0,771000000.0,0.1377277599,331000000.0,430000000.0,0.0768131476,0.0633,0.0633,9926536731,9989505246,https://www.sec.gov/Archives/edgar/data/1166691/000104746905020515/0001047469-05-020515-index.htm,https://www.sec.gov/Archives/edgar/data/1166691/000104746905020515/a2161512z10-q.htm,0.563942908962173,0.0433182298774087,0.11937698233658,0.0236739163283513,0.2199155716799613,4.240854704998321,-2.6951998189306856,4.172452197819808,2.430857876609009,101449205390.82,124244205390.82,58.98209615745349,18.122401820439443,85.61114378972152,431.6987463439149,2.4493989422671305,2.4493989422671305,22.19439181686674,118.5536310981107,104.84743070955275,528.6987463439149,0.0042385743519969,0.0023164301691146,0.582596938529142,0.2290525596362497,21.750954198473284,0.4113490596804,0.0,2.755813953488372,0.0,0.0,0.0,0.0,0.6535639363247173,0.8016877637130801,0.1697034655234012,0.818260120585702,0.0,2.016611756833056,0.005949154647728,0.0117821131082858,-6.073996564351201,-5415000000.0,-26754000000.0,-59466000000.0,82233000000.0,957000000.0,2020000000.0,0.0,16.575562700964632,94.53703703703704,0.0,5.429679922405431,0.952007835455436,0.0,0.0103819595345019,0.0957030660082287,2005-08-02,0.05,bmo,4176666666.0,2025-04-25,2005-06-30,0.1999999999999999,10.6890625,26782928.28125
2005-03-31,CMCSA,USD,1166691,2005-05-05,2005-05-05 15:15:05,2005,Q1,5363000000.0,1957000000.0,3406000000.0,0.6350922991,0,0.0,0.0,1376000000.0,1164000000.0,2540000000.0,4497000000.0,0.0,0.0,1164000000.0,866000000.0,0.1614767854,866000000.0,0.1614767854,-576000000.0,290000000.0,0.0540742122,140000000.0,143000000.0,0.0266641805,0.02,0.02,9958020990,9994002999,https://www.sec.gov/Archives/edgar/data/1166691/000104746905013486/0001047469-05-013486-index.htm,https://www.sec.gov/Archives/edgar/data/1166691/000104746905013486/a2157164z10-q.htm,0.5385608250259372,0.0143602830465614,0.1337615176085303,0.0441854862971121,0.159268593789136,4.2134878046687065,-2.708168623773909,4.153034025689476,2.326968382901551,112127316347.4,134663316347.4,196.02677683111887,20.90757343788924,84.17966692747748,254.83480988045457,2.711270827628397,2.711270827628397,25.10969911381689,155.50036529722863,101.0985858463964,306.05299169863633,0.0012753359721635,0.0039241106835801,0.560305638843215,0.222298969665573,26.023094688221708,0.3331059572532969,0.0,9.314685314685317,0.0,0.0,0.0,0.0,0.661236785049598,0.6696696696696697,0.1663248181987693,0.7663230240549829,0.0,1.1583918777750826,0.0045110228353601,0.0040496148618033,-6.028481970492412,-5866000000.0,-26968000000.0,-59350000000.0,81798000000.0,921000000.0,2019500000.0,0.0,14.818198769345516,91.88553909044457,0.0,6.07361268403171,0.9794794794794794,0.0,0.0034577812167521,0.0895760313114182,2005-04-28,0.0375,bmo,4290399999.0,2025-04-25,2005-03-31,0.3333333333333335,10.96344262295082,25529406.49180328
2004-12-31,CMCSA,USD,1166691,2005-02-23,2005-02-23 09:28:10,2004,Q4,5235000000.0,1962000000.0,3273000000.0,0.6252148997,0,0.0,0.0,1287000000.0,1275000000.0,2562000000.0,4524000000.0,0.0,0.0,1275000000.0,1986000000.0,0.3793696275,711000000.0,0.1358166189,74000000.0,785000000.0,0.1499522445,360000000.0,423000000.0,0.0808022923,0.0633,0.0633,6687000000,6687000000,https://www.sec.gov/Archives/edgar/data/1166691/000104746905004437/0001047469-05-004437-index.htm,https://www.sec.gov/Archives/edgar/data/1166691/000104746905004437/a2141960z10-k.htm,0.7828622700762674,0.063257065948856,0.2235681172424106,0.066547031553761,0.3001345895020188,6.264393599521459,-4.045461342904142,6.194407058471661,3.528039479587259,74158830000.0,97298830000.0,43.82909574468085,14.165965616045844,49.60456856187291,166.64905617977527,1.790324706677611,1.790324706677611,18.586213944603628,48.992361530715,65.08282943143813,218.64905617977527,0.0057039734850185,0.006000634044523,0.5695524117618657,0.2253424265000859,11.6515609264854,0.4093804284887087,0.0,3.534278959810875,0.0,0.0,0.0,0.0,0.6585095611973943,0.7023411371237458,0.2005730659025787,0.8235294117647058,0.0,2.969242387506537,0.0038664527786062,0.0118315059297381,-8.984260505458352,-5100000000.0,-27052000000.0,-59269000000.0,82553000000.0,949500000.0,1532000000.0,0.0,16.487106017191977,93.62385321100918,0.0,5.45881126173097,0.9612934835864771,0.0,0.0102119646564627,0.1570210856886496,2005-02-03,0.03734,bmo,3490000000.0,2025-04-25,2004-12-31,0.6068559185859668,10.005625,21733329.625
2004-09-30,CMCSA,USD,1166691,2004-10-29,2004-10-29 17:16:44,2004,Q3,5098000000.0,1837000000.0,3261000000.0,0.6396626128,0,0.0,0.0,1401000000.0,1174000000.0,2575000000.0,4412000000.0,0.0,0.0,1174000000.0,686000000.0,0.1345625736,686000000.0,0.1345625736,-312000000.0,374000000.0,0.0733621028,156000000.0,220000000.0,0.0431541781,0.0333,0.0333,10047976011,10088455773,https://www.sec.gov/Archives/edgar/data/1166691/000095015904000944/0000950159-04-000944-index.htm,https://www.sec.gov/Archives/edgar/data/1166691/000095015904000944/comcast10qsep2004.htm,0.5073658609872252,0.0218949567315005,0.1793396001371086,0.1370425246330736,0.2958804834670499,4.145710534579022,-2.781157117553552,4.1001292155652616,2.511052969511314,94551454263.51,119065454263.51,107.44483439035228,18.54677408071989,52.470285384855714,68.66481791104574,2.2950496204551194,2.2950496204551194,23.355326454199684,173.56480213339648,66.07405896976137,86.46728704684821,0.0023267754231137,0.0145634988983075,0.6124326423612797,0.2370354364736387,35.734693877551024,0.4914208814623752,0.0,8.190909090909091,0.0,0.0,0.0,0.0,0.6538743376799068,0.2358490566037736,0.0833660258925068,0.3620102214650766,0.0,1.4212225071353732,0.003972589166627,0.0059712835545422,-6.081821844827252,-4535000000.0,-27945000000.0,-60406000000.0,83722000000.0,932500000.0,1005500000.0,0.0,16.594743036484896,50.11976047904192,0.0,5.423404255319149,1.7956989247311828,0.0,0.0053400650517015,0.042297075504035,2004-10-25,0.03265,bmo,6797333333.0,2025-04-25,2004-09-30,-0.0811638591117917,9.286875,19794704.75
2004-06-30,CMCSA,USD,1166691,2004-07-30,2004-07-30 14:59:18,2004,Q2,5066000000.0,1794000000.0,3272000000.0,0.6458744572,0,0.0,0.0,1320000000.0,1100000000.0,2420000000.0,4214000000.0,0.0,0.0,1100000000.0,852000000.0,0.1681800237,852000000.0,0.1681800237,-341000000.0,511000000.0,0.1008685353,234000000.0,262000000.0,0.0517173312,0.04,0.04,10151424288,10196401800,https://www.sec.gov/Archives/edgar/data/1166691/000095015904000712/0000950159-04-000712-index.htm,https://www.sec.gov/Archives/edgar/data/1166691/000095015904000712/comcast10qjun2004.htm,0.4990432727739022,0.0258091862350498,0.1831270122555634,0.0494511888931107,0.3029131590564053,4.127401122375391,-2.788672721862692,4.089573918122493,2.53924959382015,95118845578.56,120301845578.56,90.76225723145038,18.775926880884327,51.166673253663255,189.47977206884465,2.291192233615801,2.291192233615801,23.746909904966444,141.19934927061033,64.7132036463475,239.64511071426296,0.0027544489044877,0.0052776082063085,0.6209081055040346,0.2384970531360738,29.5575117370892,0.5118757965473294,0.0,7.095419847328245,0.0002733422576972,0.099236641221374,0.0,0.0,0.6495868839111407,0.7299623453469607,0.2678641926569285,1.2336363636363636,0.0,1.5410525411820262,0.0045171980020082,0.006917857048557,-6.148225926659248,-4213000000.0,-28309000000.0,-61764000000.0,84610000000.0,850500000.0,1006000000.0,0.0,16.43308330043427,49.56521739130435,0.0,5.476756756756757,1.8157894736842104,0.0,0.0063109719378537,0.1336758233624526,2004-07-28,0.03179,bmo,3799500000.0,2025-04-25,2004-06-30,0.2582573136206355,9.709677419354838,24557899.54838709
2004-03-31,CMCSA,USD,1166691,2004-05-05,2004-05-05 15:40:12,2004,Q1,4908000000.0,1869000000.0,3039000000.0,0.619193154,0,0.0,0.0,1306000000.0,1074000000.0,2380000000.0,4249000000.0,0.0,0.0,1074000000.0,659000000.0,0.1342705786,659000000.0,0.1342705786,-519000000.0,140000000.0,0.0285248574,76000000.0,65000000.0,0.0132436838,0.01,0.01,10155922038,10200899550,https://www.sec.gov/Archives/edgar/data/1166691/000095015904000476/0000950159-04-000476-index.htm,https://www.sec.gov/Archives/edgar/data/1166691/000095015904000476/comcast10qmar2004.htm,0.4832648361848324,0.0064002066731895,0.0762116917699796,-0.0053170947746497,0.3600854739054467,4.139259817346778,-2.7385992030987665,4.109720401932058,2.621721582774521,97395292344.42,123146292344.42,374.5972782477692,19.844191594217605,125.83371103930232,-1803.6165248966663,2.333492077828837,2.333492077828837,25.09093161051752,186.8684254088316,159.1037368790956,-2280.486895267037,0.0006673833861511,-0.0005544415823409,0.6379318606545594,0.2452494772813101,39.07587253414264,0.5660783469651313,0.0,11.907692307692308,0.0,0.0,0.0,0.0,0.6433907172529406,1.069767441860465,0.1687041564792176,0.770949720670391,0.0,0.7692976333521663,0.0029344847883533,0.0016788924475668,-6.133367287276531,-4032000000.0,-27813000000.0,-61269000000.0,84314000000.0,841500000.0,1689500000.0,0.0,14.229828850855744,49.30979133226324,0.0,6.324742268041237,1.8251953125,0.0,0.0015573338444582,0.0815287865446294,2004-04-28,0.01394,bmo,9816000000.0,2025-04-25,2004-03-31,-0.5430416068866571,10.59467741935484,30087618.612903222
2003-12-31,CMCSA,USD,1166691,2004-03-12,2004-03-12 17:06:15,2003,Q4,4742000000.0,1774000000.0,2968000000.0,0.6258962463,0,0.0,0.0,1248000000.0,978000000.0,2226000000.0,4000000000.0,0.0,0.0,978000000.0,1720000000.0,0.3627161535,742000000.0,0.1564740616,-47000000.0,695000000.0,0.1465626318,215000000.0,383000000.0,0.0807676086,0.0563,0.0563,6754223898,6807000000,https://www.sec.gov/Archives/edgar/data/1166691/000095015904000281/0000950159-04-000281-index.htm,https://www.sec.gov/Archives/edgar/data/1166691/000095015904000281/comcast10k2003.htm,0.7020791835763927,0.056705256708089,0.04959859268201,-0.1085246818982487,0.5985883886966165,6.211520469794174,-4.115350693101942,6.168288263635527,3.9969062926672914,73823667205.14,99269667205.14,48.18777232711488,15.56804453925348,220.3691558362388,-100.71441637809004,1.7719664731683546,1.7719664731683546,20.93413479652889,57.71492279368604,296.3273647914627,-135.4292867737244,0.0051880381251682,-0.0099290651325021,0.6479765733762182,0.2473089713170696,14.794186046511628,0.5596643878185208,0.0,0.0872168706066128,0.0,0.0,0.0,0.0,0.6389761723724109,3.188059701492538,0.2252214255588359,1.0920245398773003,0.0,2.805338359695007,0.0049915301234554,0.0097185921997513,-9.250766771072175,-4251000000.0,-27796000000.0,-61802000000.0,83972000000.0,878500000.0,1771500000.0,0.0,17.214255588359343,119.47576099210822,0.0,5.228224917309813,0.7532908704883228,0.0,0.0091930296193173,0.1581232745802588,2004-02-11,0.00891,bmo,17071199999.0,2025-04-25,2003-12-31,5.7340067340067336,10.7028125,19200655.15625
2003-09-30,CMCSA,USD,1166691,2003-10-31,2003-10-31 15:34:10,2003,Q3,4546000000.0,1703000000.0,2843000000.0,0.6253849538,0,0.0,0.0,1211000000.0,1139000000.0,2350000000.0,4053000000.0,0.0,0.0,1075000000.0,1632000000.0,0.3589969204,493000000.0,0.1084469864,-749000000.0,-256000000.0,-0.0563132424,-103000000.0,3176000000.0,0.6986361637,0.47,0.47,10151424288,10151424288,https://www.sec.gov/Archives/edgar/data/1166691/000095015903000869/0000950159-03-000869-index.htm,https://www.sec.gov/Archives/edgar/data/1166691/000095015903000869/comcast10q.txt,0.4478189336814369,0.3128625018416726,0.0517168808145082,-0.0519138975033253,0.6134114606322718,4.089770934811311,-2.589291832779712,4.062287106721315,2.9927820114772845,104255127437.76,131391127437.76,8.206480434332494,22.933376031183457,198.58119511954283,-197.82756629555976,2.528132485517241,2.528132485517241,28.90257972673999,80.50926926333332,250.2688141671619,-249.31902739612903,0.0304637294879914,-0.005054907254462,0.7367234104466754,0.2766536752385809,16.627450980392158,0.752743450321305,0.0,-1.8617021276595744,0.0,0.0,0.0,0.0,0.6174145843957165,2.003809523809524,0.2314122305323361,0.9786046511627908,0.0,5.347531151538998,0.0028671402141758,0.0755938496691579,-6.051810884569344,-2501000000.0,-26285000000.0,-60685000000.0,83495000000.0,1113000000.0,1347500000.0,253000000.0,16.82798064232292,62.78332354668232,0.0,5.348235294117647,1.4335016835016836,0.0,0.0770163441486008,0.1036307783178336,2003-10-30,,bmo,,2025-04-25,2003-09-30,,10.14109375,22767893.0
2003-06-30,CMCSA,USD,1166691,2003-08-01,2003-08-01 16:09:48,2003,Q2,5685000000.0,2575000000.0,3110000000.0,0.54705365,0,0.0,0.0,1279000000.0,1220000000.0,2499000000.0,5074000000.0,0.0,0.0,1220000000.0,1862000000.0,0.327528584,611000000.0,0.1074758135,-556000000.0,55000000.0,0.0096745822,77000000.0,-22000000.0,-0.0038698329,-0.0022,-0.0022,10142428785,10142428785,https://www.sec.gov/Archives/edgar/data/1166691/000095015903000639/0000950159-03-000639-index.htm,https://www.sec.gov/Archives/edgar/data/1166691/000095015903000639/comcast10q.txt,0.5605166297453081,-0.0021691056911867,0.1177232816035,0.0122258684412345,0.3436060606266312,4.032071692776495,-2.9068974133299768,3.75462335573106,3.1884867703313136,102032833577.1,133047833577.1,-1159.464017921591,17.94772798189974,85.45463448668342,822.8454320733872,2.679363293429794,2.679363293429794,23.403312854371155,71.45426078254566,111.43034637948074,1072.9663998153226,-0.0002156168679112,0.0012152950736813,0.8492161445340196,0.2952740088749292,16.656820622986036,0.6177148846960168,0.0,-54.27272727272727,0.0,0.0,0.0,0.0,0.6425923558737058,0.8961474036850922,0.1882145998240985,0.8770491803278688,0.0,,-0.002386765366511,-0.0005620273860617,-6.2960264600960665,-3647000000.0,-29483000000.0,-62734000000.0,85810000000.0,1349500000.0,1569000000.0,494000000.0,21.78364116094987,52.671844660194175,17.68543689320388,4.131540697674419,1.7086927670869276,5.08893280632411,-0.0005777159213255,0.1054974131622655,2003-07-31,-0.00144,bmo,6904781999.0,2025-04-25,2003-06-30,0.5069444444444444,10.28015873015873,27550818.19047619
2003-03-31,CMCSA,USD,1166691,2003-05-09,2003-05-09 17:16:29,2003,Q1,5518000000.0,2603000000.0,2915000000.0,0.5282711127,0,0.0,0.0,1277000000.0,1165000000.0,2442000000.0,5045000000.0,0.0,0.0,1165000000.0,1428000000.0,0.2587894165,473000000.0,0.0857194636,-751000000.0,-284000000.0,-0.0514679232,-68000000.0,-297000000.0,-0.0538238492,-0.0293,-0.0293,10142428785,10142428785,https://www.sec.gov/Archives/edgar/data/1166691/000095015903000388/0000950159-03-000388-index.htm,https://www.sec.gov/Archives/edgar/data/1166691/000095015903000388/corp3-31q.txt,0.5440511456349358,-0.0292829268310213,0.0788765705886097,-0.0168598669633153,0.4118342941857787,4.02102897289409,-2.940025572977193,3.7519612714736943,3.244784922588934,96657346321.05,128543346321.05,-81.36140262714646,17.516735469563244,120.8216829013125,-565.2476393043859,2.5400048962277286,2.5400048962277286,23.29527841990757,90.01634896432071,160.6791829013125,-751.7154755616958,-0.003072710055721,-0.0017691360926878,0.8648236716245336,0.2991491837254117,22.329131652661065,0.6332227210618778,0.0,-2.6936026936026938,0.0,0.0,0.0,0.0,0.641766352761517,1.21375,0.1759695541862994,0.8334763948497854,0.0,,0.0035125317705211,-0.0075361583354478,-6.292255174064799,-3758000000.0,-29819000000.0,-62741000000.0,85805000000.0,1092500000.0,1463500000.0,480500000.0,21.578470460311703,56.39262389550518,16.665386092969648,4.170823885109599,1.5959534028203557,5.4004149377593365,-0.0078046985862195,0.0957364375519251,2003-05-08,-0.0277,bmo,3349500000.0,2025-04-25,2003-03-31,0.4440433212996391,9.055245901639344,28342693.83606557
2002-12-31,CMCSA,USD,1166691,2003-03-20,2003-03-20 17:24:06,2002,Q4,4373900000.0,2209500000.0,2164400000.0,0.494844418,0,0.0,0.0,974000000.0,861400000.0,1835400000.0,4044900000.0,0.0,0.0,861400000.0,1190400000.0,0.2721598573,329000000.0,0.0752189122,-214400000.0,114600000.0,0.0262008734,81700000.0,-51100000.0,-0.0116829374,-0.0179,-0.0179,2857271364,2857271364,https://www.sec.gov/Archives/edgar/data/1166691/000095015903000238/0000950159-03-000238-index.htm,https://www.sec.gov/Archives/edgar/data/1166691/000095015903000238/comcast200210k.txt,1.5307961487692985,-0.0178841956153801,0.3481643404731928,0.0579573932271418,1.3169907651795585,13.824728199669872,-10.748716550676214,13.41454664856957,12.217950468354603,22458152921.04,56863152921.04,-109.87354658043054,5.1345830771256775,22.57554575898673,135.6168654652174,0.5859310944986824,0.5859310944986824,13.000560808669608,47.7681056124328,57.16038693309208,343.3765273009662,-0.0022753429536107,0.0073737141510358,0.9107986120170106,0.3085885015204017,28.9020497311828,0.460794495651045,0.0,-19.46771037181996,0.0,0.0,0.0,0.0,0.6206509440633619,0.8335343787696019,0.189579094172249,0.9626189923380544,0.0,,0.0009023275316976,-0.0011907258534312,-24.141214190952848,-8307000000.0,-30712000000.0,-66528000000.0,80287000000.0,897400000.0,1051050000.0,480850000.0,17.737031024943416,52.79022403258656,19.511201629327903,5.074129930394432,1.7048611111111112,4.612734864300626,-0.0013331941871689,0.2902069472460509,2003-02-27,-0.01028,bmo,6888892500.0,2025-04-25,2002-12-31,0.7392996108949418,7.77828125,21529770.515625
2002-09-30,CMCSA,USD,1166691,2002-09-30,2002-09-29 20:00:00,2002,Q3,2704700000.0,1365100000.0,1339600000.0,0.4952859837,0,0.0,0.0,513800000.0,395300000.0,909100000.0,2274200000.0,0.0,0.0,395300000.0,642000000.0,0.2373645876,430500000.0,0.1591673753,-220000000.0,194700000.0,0.0719858025,82500000.0,75600000.0,0.027951344,0.0267,0.0267,4285907046,4314242880,,,0.6310682828560813,0.0176392066343475,0.2215867002730138,0.1383137790058361,0.3443145136283947,3.4926095781686257,-2.215027040509455,3.252893693299199,2.342981285460198,30472799097.06,39944799097.06,100.76983828392858,11.266609641387216,32.08676329057597,51.404856776417006,2.1857461910440694,2.1857461910440694,14.768661624971346,62.21931323529595,42.06043918822786,67.38326433377192,0.0024809010737478,0.0194534147687533,0.720276008492569,0.2806751767181984,14.753894080996885,1.143122876050796,0.0,12.562169312169312,0.0,0.0,0.0,0.0,0.6837408077188608,0.3758028851216173,0.1319554848966613,0.9028585884138628,0.0,1.1362286039141003,0.0074959812230202,0.0066814554260311,-4.291191993341239,400100000.0,-9493400000.0,-17612700000.0,31898100000.0,944900000.0,743100000.0,448350000.0,31.039301955854626,53.1455571020438,31.82404219471101,2.89954974271012,1.6934623495844188,2.8280505489952352,0.0054226200723016,0.0832729212671776,2002-10-28,0.05,bmo,2008239750.0,2025-04-25,2002-09-30,0.7999999999999998,7.499375,682519.5625
2002-06-30,CMCSA,USD,1166691,2002-06-30,2002-06-29 20:00:00,2002,Q2,2708900000.0,1352200000.0,1356700000.0,0.5008305954,0,0.0,0.0,490100000.0,388200000.0,878300000.0,2230500000.0,0.0,0.0,388200000.0,866700000.0,0.3199453653,478400000.0,0.1766030492,-720900000.0,-242500000.0,-0.0895197313,-32900000.0,-209600000.0,-0.0773745801,-0.0734,-0.0734,2855472264,2855472264,,,0.9486696943801938,-0.0734029192447445,0.1860287724370626,0.0495189541088114,0.5657207812402691,5.259550299032426,-3.326560064951834,4.914003255049653,3.764841331339228,22672449776.16,32865049776.16,-27.04252120248092,8.369614890235889,42.68156960873494,160.3426433957567,1.61579054548668,1.61579054548668,12.132249169832772,37.91975282815277,61.86944611475904,232.4260945980198,-0.0092447001567688,0.0062366440943087,0.7661454695762482,0.2976400101885998,11.760239990769586,1.453476160470489,0.0,-2.534351145038168,0.0,0.0,0.0,0.0,0.6787988526750612,0.7338102409638554,0.1438960463656834,1.004121586810922,0.0,,0.0121812634092717,-0.0180667850431844,-6.4998530134558505,1079500000.0,-9498900000.0,-17640300000.0,32620000000.0,968450000.0,737400000.0,420050000.0,31.795193621026986,45.26623280579796,27.555095400088742,2.8306165099268545,1.988237023967064,3.266183574879227,-0.0149374991091663,0.1365098183282511,2002-08-01,0.06,bmo,2234842499.0,2025-04-25,2002-06-30,0.6666666666666669,9.7634375,898879.625
2002-03-31,CMCSA,USD,1166691,2002-03-31,2002-03-30 19:00:00,2002,Q1,2672500000.0,1377200000.0,1295300000.0,0.4846772685,0,0.0,0.0,487100000.0,387100000.0,874200000.0,2251400000.0,0.0,0.0,387100000.0,808000000.0,0.3023386342,421100000.0,0.1575678204,-464000000.0,-42600000.0,-0.015940131,2700000.0,-88900000.0,-0.0332647334,-0.03,-0.03,2966666667,2966666667,,,0.9008426965279952,-0.0299662921314644,0.1750449438005567,0.0405168539280318,0.8866853931587994,5.115370785942093,-3.131764044591937,4.803033707325501,3.91803370742494,33286000003.74,44366400003.740005,-93.60517436372328,12.455004678667915,64.09782400103987,276.9217970361065,2.3360235808646226,2.3360235808646226,16.60108512768569,54.90891089571783,85.43500867271328,369.1048253222962,-0.0026707925250859,0.0036111278010723,0.8157414555407397,0.3129189617018527,13.713366336633664,1.5165465562367788,0.0,-5.841394825646794,0.0,0.0,0.0,0.0,0.6586683680886463,0.7685345657616022,0.1493358278765201,1.0309997416688197,0.0,,0.0129329951253102,-0.007011649275568,-6.199323033011312,1440700000.0,-9290900000.0,-17740000000.0,32941200000.0,973450000.0,746350000.0,440550000.0,32.99943872778297,51.93363345919256,27.845628812082488,2.727319114195326,1.7329809991191645,3.2321051396385827,-0.0062390343181977,0.1345280898725249,2002-05-01,0.03063,bmo,2672499999.0,2025-04-25,2002-03-31,1.611818478615736,11.543833333333334,654679.9666666667
2001-12-31,CMCSA,USD,1166691,2001-12-31,2001-12-30 19:00:00,2001,Q4,2824100000.0,1742600000.0,1081500000.0,0.3829538614,0,0.0,0.0,426800000.0,988900000.0,1415700000.0,3158300000.0,0.0,0.0,988900000.0,654700000.0,0.2318260685,-334200000.0,-0.1183385857,-119500000.0,-453700000.0,-0.1606529514,-132700000.0,-321000000.0,-0.1136645303,-0.11,-0.11,2816727303,2853073464,,,1.0026174692140584,-0.1139620437016085,-0.0089465529634907,-0.1852859520494377,1.055480236526113,5.450651890812449,-3.250580910068311,5.138232580976264,4.331977748433108,33800727636.0,45652727636.0,-26.32455423364486,11.96867236854219,-1341.298715714286,-64.76475883502587,2.33543340261176,2.33543340261176,16.165407611628485,69.73075857033756,-1811.616176031746,-87.47409012454493,-0.009496836975134,-0.0154404960041198,0.8430871277551303,0.318914821881289,18.102947915075607,1.4358502148557395,0.0,0.0785046728971962,0.0,0.0,0.0,0.0,0.640573952588798,-19.71031746031746,0.1758790411104422,0.5022752553342097,0.0,,-0.0066675645157822,-0.0233420593368237,-6.739115277429467,1420000000.0,-9156000000.0,-18230000000.0,32940000000.0,898350000.0,1996000000.0,479650000.0,30.81689741864665,36.04958108573396,23.499368759325144,2.9204756980351605,2.496561604584527,3.8298901098901097,-0.0221792302908864,0.1763393990859469,2002-02-06,-0.1,bmo,2096894250.0,2025-04-25,2001-12-31,0.7999999999999998,12.4309375,292574.96875
2001-09-30,CMCSA,USD,1166691,2001-09-30,2001-09-29 20:00:00,2001,Q3,2355500000.0,1252900000.0,1102600000.0,0.4680959457,0,0.0,0.0,396800000.0,884000000.0,1280800000.0,2533700000.0,0.0,0.0,884000000.0,720000000.0,0.3056675865,-178200000.0,-0.0756527277,84900000.0,-93300000.0,-0.0396094248,13500000.0,-106800000.0,-0.045340692,-0.0374,-0.0374,2853073464,2853073464,,,0.825600893114612,-0.0374333158075315,0.191092170208485,0.0045214398306849,0.6765686283078479,5.817936414693036,5.817936414693036,5.200987702292127,4.22323510138679,33438020998.08,44828820998.08,-78.27252106292136,14.195721077512207,61.3316599377843,2592.094651013954,2.253418133412405,2.253418133412405,19.031552111263004,62.26225138622223,82.22454328334557,3475.102402951938,-0.0031939689255572,0.0003857883814577,0.8120063617004071,0.3106953333298952,15.820555555555556,0.8099657574684143,0.0,-5.104868913857678,0.0,0.0,0.0,0.0,0.0,0.9763389581804842,0.2259817448524729,0.6021493212669683,0.0,,-0.0058113108607487,-0.0027538974869396,-6.791859811710758,-804700000.0,16599000000.0,-18752600000.0,5977400000.0,829250000.0,3205000000.0,488050000.0,31.701549564848225,236.61904381834145,36.22555670843643,2.838977943835121,0.3803582270795385,2.484433868728931,-0.0071973474944065,0.1865707303778,2001-10-31,-0.11,bmo,1927227272.0,2025-04-25,2001-09-30,0.1818181818181818,12.284915254237289,359842.3728813559
2001-06-30,CMCSA,USD,1166691,2001-06-30,2001-06-29 20:00:00,2001,Q2,2298500000.0,1227400000.0,1071100000.0,0.4659995649,0,0.0,0.0,370700000.0,833700000.0,1204400000.0,2431800000.0,0.0,0.0,833700000.0,692900000.0,0.3014574723,-133300000.0,-0.0579943441,271500000.0,140500000.0,0.0611268218,103800000.0,35200000.0,0.0153143354,0.0133,0.0133,2851874062,2895352324,,,0.8059612556622074,0.0123427610177549,0.1583169488498963,-0.0650449479770891,0.937839449377481,5.866563402265692,-2.956512039696092,5.280913417838014,4.207303597265229,40838836567.84,52091636567.84,290.0485551693181,17.76760346653905,90.45146526653376,-220.155453195903,2.711652107688324,2.711652107688324,22.66331806301501,75.17915509862895,115.37461033851606,-280.8174478050674,0.0008619246520778,-0.0045422449704671,0.7966999767603997,0.3105197369612869,16.24015009380863,1.031836552527832,0.0,12.826704545454543,0.0,0.0,0.0,0.0,0.6511864433097744,1.4108527131782946,0.2771372634326735,0.764063811922754,0.0,1.2110217488204638,-0.0009904336224165,0.0026115859449192,-6.444148514437451,128400000.0,-8431600000.0,-17748500000.0,31763000000.0,810650000.0,2909150000.0,460050000.0,32.452469001522736,228.4829721362229,34.595079028841454,2.7732866795366795,0.3939024390243902,2.6015260703688003,0.0023372397994754,0.2233618968269854,2001-08-01,-0.1,bmo,2068650000.0,2025-04-25,2001-06-30,0.0999999999999999,13.860158730158732,283166.6349206349
2001-03-31,CMCSA,USD,1166691,2001-03-31,2001-03-30 19:00:00,2001,Q1,2196100000.0,1196900000.0,999200000.0,0.4549883885,0,0.0,0.0,358300000.0,741400000.0,1099700000.0,2296600000.0,0.0,0.0,741400000.0,640900000.0,0.2918355266,-100500000.0,-0.0457629434,1202800000.0,1102300000.0,0.5019352489,485600000.0,1001200000.0,0.4558990938,0.35,0.35,2834482758,2893553224,,,0.7747798055224578,0.3532214112695618,0.0910218978301507,-0.0931034063464216,0.2357749392243789,5.848650852862235,5.848650852862235,5.290912409917718,3.805279806186071,38917448267.34,49035148267.34,9.717700825843988,17.721164003160148,150.8428227416279,-147.47043678416068,2.595015554266854,2.595015554266854,22.328285718929013,76.50982722318615,190.05871421449612,-185.8095803991664,0.0257262499103832,-0.0067810201271974,0.7192105087684203,0.2898200246129374,15.786706194414103,1.228076180231279,0.0,0.2576907710747103,0.0,0.0,0.0,0.0,0.0,2.022868217054264,0.2376485588087974,0.7039384947396817,0.0,6.484553171771547,-0.0016709726105423,0.0269022629929976,-6.756603103669329,932900000.0,16577900000.0,-15615100000.0,6597600000.0,842200000.0,1757750000.0,443400000.0,32.47802923364146,203.19742668560448,33.70958308964826,2.7711041009463724,0.4429189949302446,2.669863930403748,0.0667600186704007,0.1841253041765724,2001-05-08,-0.12,bmo,2562116666.0,2025-04-25,2001-03-31,-0.1666666666666666,14.11758064516129,357338.5806451613
2000-12-31,CMCSA,USD,1166691,2000-12-31,2000-12-30 19:00:00,2000,Q4,2407600000.0,1358600000.0,1049000000.0,0.4357036053,0,0.0,0.0,374100000.0,789100000.0,1163200000.0,2521800000.0,0.0,0.0,789100000.0,674900000.0,0.2803206513,-114200000.0,-0.0474331284,1433500000.0,1319300000.0,0.5479730852,535700000.0,778500000.0,0.323351055,0.29,0.29,2725037482,2725037482,,,0.8835107832105775,0.2856841438484111,0.1484750219666887,-0.0646596610739756,1.3618895242777436,5.432475735759439,-2.665578014240319,5.169249998595065,3.967394970312559,37523766127.14,47683566127.14,12.050021235433524,15.585548316638976,92.7428722865546,-212.9612152505108,2.6638293763587573,2.6638293763587573,19.80543534106164,70.65278726795081,117.85359893015324,-270.6218281903519,0.0207468514051133,-0.0046956907098021,0.7674991481144934,0.3024605184014324,15.05378574603645,1.4810421764790558,0.0,0.5163348647269015,0.0,0.0,0.0,0.0,0.6173677069199457,1.435491843796342,0.2412360857285263,0.7360283867697377,0.0,5.764320177107463,-0.0020828942444245,0.0569203772757183,-5.996770726253079,1670900000.0,-7263800000.0,-15796400000.0,29258300000.0,806950000.0,1762300000.0,426000000.0,33.34067120784184,53.870160459296336,29.04828499926395,2.6994057629779125,1.6706837186424004,3.0982896237172177,0.0552660722398909,0.2131346830406643,2001-02-26,-0.05,bmo,2648360000.0,2025-04-25,2000-12-31,1.0,12.893174603174604,443095.2380952381
2000-09-30,CMCSA,USD,1166691,2000-09-30,2000-09-29 20:00:00,2000,Q3,1960000000.0,1045700000.0,914300000.0,0.4664795918,0,0.0,0.0,308600000.0,662100000.0,970700000.0,2016400000.0,0.0,0.0,662100000.0,605700000.0,0.3090306122,-56400000.0,-0.0287755102,2057800000.0,2001400000.0,1.021122449,752300000.0,1246800000.0,0.636122449,0.46,0.43,2725037482,2895352324,,,0.7192561617763465,0.4575349910728311,0.2352261222952235,0.0708247138892014,1.6322711263169334,5.809975130463178,5.809975130463178,5.365907844052179,3.641748073394023,36951508255.92,46299508255.92,7.409269380798845,18.85281033465306,57.64665874558503,191.45859199958548,2.527065390254611,2.527065390254611,23.622198089755106,76.4396702260525,72.23012208411856,239.89382516020729,0.0337415185156955,0.0052230614962537,0.6786825601991479,0.2832842348051473,15.433382862803368,1.0238576772322947,0.0,0.5131694820270595,0.0,0.0,0.0,0.0,0.0,0.6989079563182528,0.2285714285714285,0.6766349494034134,0.0,7.432330619956037,-0.0011444617129867,0.0355907238036515,-5.138626566605149,133300000.0,15832400000.0,-13478600000.0,5254900000.0,714250000.0,2601750000.0,393400000.0,33.1530612244898,233.3613847183705,35.58860093717128,2.714681440443213,0.3856679206314081,2.5288996372430472,0.0852670236556492,0.164401408406022,2000-12-06,-0.05,bmo,,2025-04-25,2000-09-30,-9.6,11.922698412698413,483995.2380952381
2000-06-30,CMCSA,USD,1166691,2000-06-30,2000-06-29 20:00:00,2000,Q2,1912100000.0,1017200000.0,894900000.0,0.468019455,0,0.0,0.0,292100000.0,634400000.0,926500000.0,1943700000.0,0.0,0.0,634400000.0,602800000.0,0.3152554783,-31600000.0,-0.0165263323,415500000.0,383900000.0,0.2007740181,185100000.0,187700000.0,0.0981643219,0.0667,0.0634,2728035982,2922638680,,,0.7009071774039379,0.0688040778195278,0.1162741261819617,-0.0006231589360319,1.329637887452175,5.863925588060663,5.863925588060663,5.41704731810975,3.799619971434819,35355346326.72,45068546326.72,47.09023218795951,18.49032285273783,111.46073873493066,-20797.26254512941,2.3924472575074947,2.3924472575074947,23.57018269270436,74.76533896270736,142.08242852055486,-26510.909603952943,0.0053089566218771,-4.8083251237033294e-05,0.7014190108202113,0.2933767693034866,16.113470471134704,1.1782881409708832,0.0,1.595573440643863,0.0,0.0,0.0,0.0,0.0,1.005359394703657,0.1667799801265624,0.5026796973518285,0.0,2.8958740075517744,-0.0005214520989008,0.0053125097292233,-5.495116303051754,730500000.0,15997000000.0,-14506900000.0,5396300000.0,680550000.0,2504300000.0,374050000.0,33.254013911406304,220.49646087298467,33.028902870625245,2.7064401981599437,0.4081698166205208,2.7248861505491564,0.0127013987102362,0.1168972851179937,2000-08-09,0.021,bmo,2581335000.0,2025-04-25,2000-06-30,2.333333333333333,11.884444444444444,639004.7619047619
2000-03-31,CMCSA,USD,1166691,2000-03-31,2000-03-30 19:00:00,2000,Q1,1859200000.0,996300000.0,862900000.0,0.4641243546,0,0.0,0.0,276000000.0,545700000.0,821700000.0,1818000000.0,0.0,0.0,545700000.0,586900000.0,0.3156734079,41200000.0,0.0221600688,-259400000.0,-218200000.0,-0.1173623064,-31800000.0,-191500000.0,-0.1030012909,-0.0763,-0.0763,2508545728,2508545728,,,0.7411465452863373,-0.0763390508941123,-0.0572044585028987,-0.1724505139258119,2.2293793322471176,7.0220764977021775,7.0220764977021775,6.672471549221047,4.358860146718442,34492503760.0,44676303760.0,-45.0293782767624,18.552336359724613,-240.3658798606272,-79.73301840036986,2.060705676835024,2.060705676835024,24.02985357142857,76.1225144999148,-311.3331272473868,-103.2739337956542,-0.0055519309741172,-0.0125418555582408,0.6532602071907374,0.2829462178611353,17.351848696541147,1.608022030651341,0.0,0.7698497854077253,0.0,0.0,0.0,0.0,0.0,-2.014634146341463,0.1554969879518072,0.5297782664467656,0.0,,0.0010172844465117,-0.0049553885645675,-5.883388863621305,2539100000.0,17615200000.0,-14314500000.0,7303700000.0,663950000.0,2651500000.0,415900000.0,31.68782271944923,227.32610659439928,33.8572719060524,2.8402077604644056,0.3959070137095172,2.658217716115262,-0.0114408956757596,0.1152460554229131,2000-05-02,-0.00889,bmo,16732800000.0,2025-04-25,2000-03-31,7.998875140607424,14.24063492063492,908128.5714285716
1999-12-31,CMCSA,USD,1166691,1999-12-31,1999-12-30 19:00:00,1999,Q4,1831600000.0,0.0,1831600000.0,1.0,0,0.0,0.0,0.0,-5545200000.0,-5545200000.0,-5545200000.0,0.0,0.0,357100000.0,-3356500000.0,-1.8325507753,-3713600000.0,-2.0275169251,3713600000.0,0.0,0.0,-3499400000.0,-214200000.0,-0.1169469316,-0.0938,-0.0933,2284553375,2295382921,,,0.8017321985309273,-0.093760120618762,-0.4983030873594713,-0.6508493153503143,3.732983476474915,4.9466123766970425,0.5780998660186698,4.526617812113932,4.03785707129736,36461471865.0,44763971865.0,-42.55540600490196,19.906896628630705,-32.02869981113844,-24.521805007061676,3.525811248585768,3.525811248585768,24.43981866400961,-13.336502864591091,-39.32183052090654,-30.10556988701325,-0.0058746942743585,-0.0407800322901199,0.89202518058658,0.3215794684440974,-2.473558766572322,1.7655913589404932,0.0,6.79236276849642,0.0,0.0,0.0,0.0,0.3479132386981621,-0.3061314125087843,0.1902708014850404,0.9759171100532064,0.0,,,-0.0114511774611745,-3.5556731083159745,4231500000.0,1320700000.0,-7626200000.0,17609700000.0,607450000.0,2491900000.0,462700000.0,33.084188687486346,0.0,0.0,2.720332689737116,0.0,0.0,-0.0207130631545356,0.152546227990843,2000-02-28,-0.00675,bmo,16484400000.0,2025-04-25,1999-12-31,10.851851851851851,13.61609375,850743.6875
1999-09-30,CMCSA,USD,1166691,1999-09-30,1999-09-29 20:00:00,1999,Q3,1525100000.0,0.0,1525100000.0,1.0,0,0.0,0.0,0.0,0.0,0.0,0.0,0.0,0.0,312800000.0,1837900000.0,1.2051013048,1525100000.0,1.0,-26400000.0,0.0,0.0,1150000000.0,375100000.0,0.2459510852,0.15,0.14,2264467766,2470464768,,,0.6734915916661364,0.1656459878263509,0.1839284295645831,0.0664173728847858,2.75384798743035,3.758631554749188,3.758631554749188,3.372050649008885,3.0719801378705074,27218902547.32,33293402547.32,18.141097405571845,17.847290372644416,65.3515067162545,180.97674566037236,3.5645965174137952,3.5645965174137952,21.830307879693137,18.11491514626476,79.93614056979592,221.36570842632972,0.0137808642118428,0.0055255717874197,0.9110124543275842,0.3124379628922654,3.3051308558681103,1.7941054277963782,0.0,1.1068296571884135,0.0,0.0,0.0,0.0,0.0,0.6388955582232894,0.1744803619434791,0.8507033248081841,0.0,3.545102236466559,,0.0168471450579162,-3.037005031936498,3249400000.0,8511300000.0,-6412300000.0,6459200000.0,544950000.0,2024450000.0,426150000.0,31.961182873254213,0.0,0.0,2.8159158050221564,0.0,0.0,0.0491232205764873,0.1175110566797973,1999-11-09,0.00514,bmo,1677610000.0,2025-04-25,1999-09-30,2.891050583657588,11.2025,876928.125
1999-06-30,CMCSA,USD,1166691,1999-06-30,1999-06-29 20:00:00,1999,Q2,1478600000.0,0.0,1478600000.0,1.0,0,0.0,0.0,0.0,0.0,0.0,0.0,0.0,0.0,307600000.0,1786200000.0,1.2080346274,1478600000.0,1.0,-16000000.0,0.0,0.0,654600000.0,824000000.0,0.5572839172,0.37,0.34,2225432738,2423738626,,,0.6644101053931741,0.3702650661733906,0.750865200941427,0.3410572636233052,0.98574086852496,3.426973940741947,3.426973940741947,3.0295680857374,3.5240337153699226,26571666891.72,32220466891.72,8.061792139478156,17.970828413174623,15.901655829874327,35.008783783557305,3.9411558552557806,3.9411558552557806,21.79119903403219,18.038554972410704,19.28214655399162,42.45120802598155,0.0310104745538853,0.0285642599349501,1.1632132421649042,0.3583504683573223,3.1624678087560185,1.9149290363888591,0.0,2.0222679414256324,1.5053628424216171e-05,0.0004854368932038,0.0,0.0,0.0,0.5457809694793537,0.6167996753685919,2.964889466840052,0.0,5.02386530713184,,0.0376513593785697,-5.150290460048045,4286900000.0,7626500000.0,-5286100000.0,7436200000.0,518050000.0,1625650000.0,352650000.0,33.37413769782226,0.0,0.0,2.696698887470363,0.0,0.0,0.1222171133623055,0.4098079373181217,1999-08-09,-0.07,bmo,1689828571.0,2025-04-25,1999-06-30,-0.1428571428571429,11.424920634920635,1771157.142857143
1999-03-31,CMCSA,USD,1166691,1999-03-31,1999-03-30 19:00:00,1999,Q1,1374000000.0,0.0,1374000000.0,1.0,0,0.0,0.0,0.0,0.0,0.0,0.0,0.0,0.0,238500000.0,1612500000.0,1.173580786,1374000000.0,1.0,-1184800000.0,0.0,0.0,1293000000.0,81000000.0,0.0589519651,0.0334,0.0334,2428785608,2428785608,,,0.5657148146276401,0.0333499999889656,0.1236420369961283,0.0732464814572468,0.6376437652211253,2.4164339498177725,2.4164339498177725,2.070458579561873,2.590059813957857,24895052482.0,29637052482.0,76.8365817345679,18.1186699286754,82.90060766566766,139.9384625182687,4.950594086344383,4.950594086344383,21.569907192139738,18.379567430697676,98.69148345654344,166.59388691399664,0.0032536585355088,0.0071459981909509,1.2509594925129754,0.3641104596310681,2.9407751937984496,2.197411757847795,0.0,3.6756425948592417,0.0003615176150565,0.1111111111111111,0.0,0.0,0.0,0.4075924075924076,0.0890829694323144,0.5132075471698113,0.0,1.2464430817830003,,0.0046883410797075,-3.842517004901488,4108200000.0,5869000000.0,-3868800000.0,6591500000.0,518550000.0,1500000000.0,332600000.0,31.951965065502183,0.0,0.0,2.816728167281673,0.0,0.0,0.016107542704874,0.0503955555388814,1999-05-10,0.00988,bmo,4946400000.0,2025-04-25,1999-03-31,3.048582995951417,10.824918032786886,2682580.3278688523
1998-12-31,CMCSA,USD,1166691,1998-12-31,1998-12-30 19:00:00,1998,Q4,1108900000.0,0.0,1108900000.0,1.0,0,0.0,0.0,0.0,0.0,0.0,0.0,0.0,0.0,142200000.0,1251100000.0,1.128235188,1108900000.0,1.0,0.0,0.0,0.0,687100000.0,421800000.0,0.3803769501,0.19,0.19,2232008996,2253610037,,,0.4968169940117929,0.1889777329553379,0.116979815255189,-0.0599011922620405,0.3900969940355921,2.0830113177554592,2.0830113177554592,1.7093569097783332,2.4989594620791573,21360326091.72,26067326091.72,12.660221723399715,19.262626108503923,81.80898541447722,-159.76309717068062,5.598596726789506,5.598596726789506,23.507373155126704,20.835525610838463,99.83656105599388,-194.96878153866868,0.0197468895460123,-0.0062592677389801,1.4619295992451449,0.3791645423337072,3.762289185516745,1.84794185618113,0.0,0.61725768321513,0.0004166603057361,0.0211000474158368,0.0,0.0,0.0,1.5120643431635388,0.3560284967084498,2.776371308016877,0.0,2.6959569463332795,,0.0286733965534822,-3.855999243472583,2531700000.0,4649300000.0,-4543800000.0,5056100000.0,526000000.0,1509400000.0,356000000.0,44.58201821625033,0.0,0.0,2.0187511378117606,0.0,0.0,0.1105548711765785,0.1768810075172295,1999-02-22,-0.01777,bmo,1219790000.0,2025-04-25,1998-12-31,1.2509848058525603,8.23,1963593.40625
1998-09-30,CMCSA,USD,1166691,1998-09-30,1998-09-29 20:00:00,1998,Q3,1354900000.0,0.0,1354900000.0,1.0,0,0.0,0.0,0.0,0.0,0.0,0.0,0.0,0.0,271000000.0,1625900000.0,1.2000147612,1354900000.0,1.0,-318100000.0,0.0,0.0,640900000.0,714000000.0,0.5269761606,0.32,0.29,2193278361,2392667303,,,0.6177510452354297,0.3255400740261988,0.1734845912702642,0.0297727826805473,0.198333238377306,1.7275964908860924,1.7275964908860924,1.2595756421635529,3.056520375709848,17041772864.97,23310572864.97,5.967007305661764,12.577882400893056,44.78783932975033,260.97661355237364,6.168744249971042,6.168744249971042,17.204644523558937,14.337027409416324,61.26300358730618,356.9766135523737,0.0418970494242212,0.0038317609627474,2.426627090422066,0.4666564570919418,3.855587674518728,1.9073025335320417,0.0,0.5306834030683403,0.0005398499365585,0.0128851540616246,0.0,0.0,0.0,0.8283837056504599,0.23263709498856,1.16309963099631,0.0,3.037425361273788,,0.049702066046667,-4.3680616060206505,1522000000.0,3789100000.0,-7377000000.0,4830700000.0,493850000.0,1340700000.0,341100000.0,33.39213226068345,0.0,0.0,2.6952456733638352,0.0,0.0,0.2584521827264171,0.1437118085897169,1998-11-10,0.1525,bmo,21755798662.0,2025-04-25,1998-09-30,0.9567213114754098,7.315,2129025.0
1998-06-30,CMCSA,USD,1166691,1998-06-30,1998-06-29 20:00:00,1998,Q2,1321700000.0,0.0,1321700000.0,1.0,0,0.0,0.0,0.0,0.0,0.0,0.0,0.0,0.0,259100000.0,353300000.0,0.2673072558,1321700000.0,1.0,-201000000.0,0.0,0.0,1406500000.0,-84800000.0,-0.0641597942,-0.04,-0.04,2122015915,2122015915,,,0.6228511250350354,-0.0399620000022478,0.0636187500035785,-0.0791700000044533,0.2434477500136939,1.434579250080695,1.434579250080695,0.9534330000536306,3.186969500179267,14068965516.45,20315165516.45,-41.47690305557194,10.644598257130967,104.2145593811111,-83.74384235982143,6.953818464042112,6.953818464042112,15.370481589203296,57.50117610090574,150.48270752925924,-120.92360426458332,-0.0060274509807312,-0.0119411764712599,3.34262554369316,0.508875294400927,17.679592414378714,1.0545417124039518,0.0,-1.5919811320754718,0.0006397058823889,-0.1061320754716981,0.0,0.0,0.0,2.2444444444444445,0.2292502080653703,1.1694326514859128,0.0,,,-0.0063808814344943,-4.339340687744088,79500000.0,3044200000.0,-8708400000.0,3257300000.0,485050000.0,1255850000.0,305550000.0,33.02564878565484,0.0,0.0,2.725154639175258,0.0,0.0,-0.0419137999209173,0.1427887500080318,1998-08-13,-0.01912,bmo,1321700000.0,2025-04-25,1998-06-30,0.0460251046025103,5.897460317460318,1861876.0952380951
1998-03-31,CMCSA,USD,1166691,1998-03-31,1998-03-30 19:00:00,1998,Q1,1359800000.0,0.0,1359800000.0,1.0,0,0.0,0.0,0.0,0.0,0.0,0.0,0.0,0.0,267300000.0,1627100000.0,1.1965730254,1359800000.0,1.0,-172000000.0,0.0,0.0,1438700000.0,-78900000.0,-0.0580232387,-0.0367,-0.0367,2148925537,2148925537,,,0.6327813489053437,-0.0367160232597673,0.1410472325733267,-0.0153099767458345,0.312295604684789,1.4179179071294177,-1.990343511842216,0.9288362791697794,3.1566938375491973,12420789603.86,18533189603.86,-39.35611408067174,9.134276808251212,40.97918048122732,-377.53159890151977,6.222840482895792,6.222840482895792,13.629349613075451,11.390319958121813,61.145462236423626,-563.3188329440729,-0.0063522531591292,-0.0026487849041236,3.398547094188377,0.5079332988895627,3.756622211296171,1.083984884023977,0.0,-3.841571609632446,0.0007165405971641,-0.1128010139416983,0.0,0.0,0.5484122170556567,1.1085450346420322,0.247095161053096,1.2570145903479235,0.0,,,-0.0130824075609351,-4.24613363417813,128900000.0,-4277100000.0,-8644400000.0,10623100000.0,462350000.0,1172100000.0,303500000.0,32.10692748933667,0.0,0.0,2.803133374561946,0.0,0.0,-0.0395290581162324,0.1563572093191612,1998-05-12,-0.01981,bmo,1359800000.0,2025-04-25,1998-03-31,0.0095911155981826,5.592622950819671,1701393.4426229508
1997-12-31,CMCSA,USD,1166691,1997-12-31,1997-12-30 19:00:00,1997,Q4,1393100000.0,0.0,1393100000.0,1.0,0,0.0,0.0,0.0,0.0,0.0,0.0,0.0,0.0,232700000.0,1625800000.0,1.1670375422,1393100000.0,1.0,-1393100000.0,0.0,0.0,1474500000.0,-81400000.0,-0.0584308377,-0.0492,-0.0492,1655172414,1655172414,,,0.8416645832281252,-0.0491791666605192,0.1050645833202002,-0.0420499999947437,0.2471645833024377,1.618139583131066,-2.661474999667316,0.9947604165423216,3.30261666625384,8788965518.34,13846265518.34,-26.993137341339065,6.308926508032446,50.540342256124205,-126.27824020603448,5.337968732669298,5.337968732669298,9.939175592807407,8.516585999717062,79.62199838033352,-198.9405965278736,-0.0092616133070657,-0.007919020714641,3.320012146978439,0.482607620863792,3.1106532168778447,1.0313219393093829,0.0,-2.2555123216601816,0.0010012554926557,-0.1081081081081081,0.0,0.0,0.6253752163011619,1.4002300172512938,0.1747900366090015,1.0464116888697894,0.0,,,-0.0191831829001013,-4.6851614577476886,44900000.0,-4405200000.0,-7170100000.0,9612000000.0,422600000.0,1105500000.0,324550000.0,28.39997128705764,0.0,0.0,3.16901728844404,0.0,0.0,-0.049438202247191,0.147114583314944,1998-02-23,-0.01583,bmo,1393100000.0,2025-04-25,1997-12-31,0.2634238787113076,4.7296875,1576275.0
1997-09-30,CMCSA,USD,1166691,1997-09-30,1997-09-29 20:00:00,1997,Q3,1204200000.0,0.0,1204200000.0,1.0,0,0.0,0.0,0.0,0.0,0.0,0.0,0.0,0.0,241300000.0,1445500000.0,1.2003819963,1204200000.0,1.0,-1204200000.0,0.0,0.0,1259400000.0,-55200000.0,-0.0458395615,-0.0333,-0.0333,1655172414,1655172414,,,0.7275374999090578,-0.0333499999958312,0.1846937499769133,0.0427749999946531,0.3465499999566812,1.5079999998115,-2.7751187496531102,0.8925958332217588,4.145731249481783,7067586207.78,13355886207.78,-32.008995506249995,5.869113276681614,23.119352985868492,99.82466395169492,4.783800059415189,4.783800059415189,11.091086370852016,9.23963072139744,43.68951981609421,188.6424605618644,-0.0078103044486724,0.0100175644015581,4.644578313253012,0.5365092768512655,4.35025942580422,1.163646424125052,0.0,-5.867562380038388,0.0012309718968016,-0.1576086956521739,0.0,0.0,0.5542889311097038,0.7684003925417076,0.195067264573991,0.973476999585578,0.0,,,-0.009683191243027,-5.58642708263503,236600000.0,-4593300000.0,-8611500000.0,10097300000.0,411200000.0,1092450000.0,322250000.0,30.31390134529148,0.0,0.0,2.968934911242604,0.0,0.0,-0.0373629348856098,0.1419187499822601,1997-11-11,-0.02996,bmo,1625670000.0,2025-04-25,1997-09-30,0.1131508678237649,3.83734375,1469100.0
1997-06-30,CMCSA,USD,1166691,1997-06-30,1997-06-29 20:00:00,1997,Q2,1184500000.0,0.0,1184500000.0,1.0,0,0.0,0.0,0.0,0.0,0.0,0.0,0.0,0.0,250000000.0,1434500000.0,1.2110595188,1184500000.0,1.0,-1184500000.0,0.0,0.0,1221900000.0,-37400000.0,-0.031574504,-0.0233,-0.0233,1602056115,1602056115,,,0.7393623662177401,-0.0233449999970818,0.1491832887514055,-0.0175399598908556,0.789360614874592,1.559246256489586,-2.920559371292684,0.9032767244860208,4.627178742737111,5591175841.35,11739575841.35,-37.374170062500006,4.720283530054876,23.39404117719665,-198.97422922953737,3.863710760382834,3.863710760382834,9.910996911228366,8.18374056559777,49.11956418974896,-417.7784996921709,-0.0066891117470148,-0.0050257764730245,5.122659111326101,0.5617185724028189,4.2860927152317885,1.2679165742178833,0.0,-16.36986301369863,0.0015381379953028,-0.2299465240641711,0.0,0.0,0.5438281427597181,1.1175732217573222,0.2254959898691431,1.0684,0.0,,,-0.0062125213866879,-5.598524243952591,483000000.0,-4678900000.0,-8413200000.0,10328000000.0,420200000.0,1067550000.0,296950000.0,31.66905867454622,0.0,0.0,2.841890595009597,0.0,0.0,-0.0258447930343445,0.1667232486422612,1997-08-11,-0.01387,bmo,980632743.0,2025-04-25,1997-06-30,0.6827685652487382,2.89640625,2777484.375
1997-03-31,CMCSA,USD,1166691,1997-03-31,1997-03-30 19:00:00,1997,Q1,1130800000.0,0.0,1130800000.0,1.0,0,0.0,0.0,0.0,0.0,0.0,0.0,0.0,0.0,212400000.0,1343200000.0,1.1878316236,1130800000.0,1.0,-1130800000.0,0.0,0.0,1195500000.0,-64700000.0,-0.0572161302,-0.0334,-0.0334,1940029985,1940029985,,,0.5828775888739678,-0.0333500000001288,0.1017510046371783,0.0089689335394473,0.2344809119019879,0.8213275115951365,-2.8942851622986643,0.2744287480690666,3.847466306042687,5296281859.05,12305581859.05,-20.464767616112827,4.683659231561727,26.830201920212765,304.3840148879311,9.947937376126973,9.947937376126973,10.882191244296074,9.161392092800774,62.33830729002026,707.2173482212643,-0.0122161172161644,0.0032853236408231,14.019909842223893,0.6051972270644991,5.218359142346635,1.1232284410281048,0.0,-3.051004636785162,0.0014916124576151,-0.1221020092735703,0.0,0.0,0.584456966797746,0.9118541033434652,0.1591793420587195,0.847457627118644,0.0,,,-0.012624143919143,-5.0634268933735065,153900000.0,-5615000000.0,-9337300000.0,9976600000.0,431450000.0,1055050000.0,273500000.0,33.71418464803679,0.0,0.0,2.6694995278564684,0.0,0.0,-0.1215251690458302,0.092782071097731,1997-05-12,-0.01583,bmo,1243880000.0,2025-04-25,1997-03-31,0.2634238787113076,2.9254098360655734,1339937.7049180327
1996-12-31,CMCSA,USD,1166691,1996-12-31,1996-12-30 19:00:00,1996,Q4,1167500000.0,0.0,1167500000.0,1.0,0,0.0,0.0,0.0,-3529500000.0,-3529500000.0,-3529500000.0,0.0,0.0,207300000.0,-2154700000.0,-1.8455674518,-2362000000.0,-2.0231263383,2362000000.0,0.0,0.0,-2336200000.0,-25800000.0,-0.0220985011,-0.0172,-0.0172,1499250375,1499250375,,,0.7787224999026597,-0.0172085999978489,0.1816240999772969,-0.0055360999993079,0.2209770999723778,0.9410702998823662,-3.7054517995368186,0.3679171999540103,4.890577399388678,4407796102.5,11408696102.5,-42.71120254360465,3.775414220556746,16.18727911311054,-531.0597713855421,7.990928394670051,7.990928394670051,9.771902443254818,-5.294795610757878,41.897525165258905,-1374.5416990963856,-0.0058532653053907,-0.0018830272106489,13.292603335750544,0.6065383915424449,-3.2491298092541885,1.029965565242875,0.0,-10.554263565891471,0.0017922789113405,-0.3062015503875969,0.0,0.0,0.5762702049865163,1.030481087036357,0.2403426124197002,1.3535938253738544,0.0,,,-0.0050367998750561,-6.595112574175611,40900000.0,-5555400000.0,-9271900000.0,9546000000.0,395000000.0,967700000.0,257350000.0,33.864668094218416,0.0,0.0,2.657637150011382,0.0,0.0,-0.0467730239303843,0.1871601999766049,1997-02-21,,bmo,,2025-04-25,1996-12-31,,2.66859375,1243256.25
1996-09-30,CMCSA,USD,1166691,1996-09-30,1996-09-29 20:00:00,1996,Q3,974600000.0,0.0,974600000.0,1.0,0,0.0,0.0,0.0,0.0,0.0,0.0,0.0,0.0,166700000.0,1141300000.0,1.1710445311,974600000.0,1.0,-129700000.0,0.0,0.0,984600000.0,-10000000.0,-0.0102606197,-0.0065,-0.0065,1529235382,1529235382,,,0.6373119609130258,-0.0065392156875951,0.1556987255216411,0.0436819607931357,0.2787013726053063,-0.0763780392311116,-0.0763780392311116,-0.613836176594559,4.828753040190905,3914842577.92,10872942577.92,-97.871064448,4.016871103960599,16.44200998706426,58.605427813173655,-4.170493850985406,-4.170493850985406,11.156312926246663,9.52680502753001,45.66544551835363,162.76860146586827,-0.0025543811279668,0.0170632659348186,-7.866517524235645,0.7512539041437335,6.096644177692106,1.1019281332164768,0.0,-23.81,0.0019924172798141,-0.78,0.0,0.0,0.0,0.7194456110877783,0.1757644161707367,1.0275944811037792,0.0,,,-0.0010173664452199,-5.969470172774226,116300000.0,-116800000.0,-8688800000.0,2167900000.0,345350000.0,854050000.0,249700000.0,32.38559408988303,0.0,0.0,2.7790134017678927,0.0,0.0,0.0106530307872589,0.1120167647285053,1996-11-04,,bmo,,2025-04-25,1996-09-30,,2.6178125,1544634.375
1996-06-30,CMCSA,USD,1166691,1996-06-30,1996-06-29 20:00:00,1996,Q2,945600000.0,0.0,945600000.0,1.0,0,0.0,0.0,0.0,0.0,0.0,0.0,0.0,0.0,167400000.0,1113000000.0,1.1770304569,945600000.0,1.0,-945600000.0,0.0,0.0,928700000.0,16900000.0,0.0178722504,0.0133,0.0133,1266866567,1266866567,,,0.746408520543111,0.0133399999970162,0.1271641419833916,-0.0050518343183966,0.3218176330641141,-0.0405725443696234,-0.0405725443696234,-0.699126508719367,5.733595146646569,3851274363.68,10707274363.68,56.9715142556213,4.072836679018613,23.906110264928618,-601.761619325,-4.348283124850401,-4.348283124850401,11.323259690862944,9.620192599892183,66.4635280178771,-1673.011619325,0.0043881578937553,-0.0016617876047357,-8.201083888449814,0.7547799160397356,6.159928122192273,1.1963237416995476,0.0,9.0,0.0014280987228197,0.3254437869822485,0.0,0.0,0.0,1.0397268777157045,0.1771362098138748,1.0005973715651135,0.0,,,0.0017560995885115,-7.0179056197320895,204000000.0,-51400000.0,-8431900000.0,2161600000.0,353900000.0,835500000.0,241950000.0,32.360406091370564,0.0,0.0,2.781176470588236,0.0,0.0,-0.0190809529185954,0.1322159763017883,1996-08-12,,bmo,,2025-04-25,1996-06-30,,2.916190476190476,1727133.3333333333
1996-03-31,CMCSA,USD,1166691,1996-03-31,1996-03-30 19:00:00,1996,Q1,950700000.0,0.0,950700000.0,1.0,0,0.0,0.0,0.0,0.0,0.0,0.0,0.0,0.0,156900000.0,1107600000.0,1.1650362891,950700000.0,1.0,-950700000.0,0.0,0.0,985300000.0,-34600000.0,-0.0363942358,-0.0233,-0.0233,1482116085,1482116085,,,0.6414477311336919,-0.0233449999970818,0.0864304768678089,0.0112676734089961,0.3442375433095714,0.0189593786103468,0.0189593786103468,-0.5545449565780807,4.835788554308821,4224030842.25,10881030842.25,-30.520454062500004,4.443074410697381,32.97447964285715,252.9359785778443,-5.139348877296508,-5.139348877296508,11.445283309403598,9.82397150799025,84.94169275761124,651.5587330688622,-0.0081912280691515,0.0039535696171916,-8.720282272782576,0.7421074974891022,6.010292524377031,1.4127377179080824,0.0,-3.702312138728323,0.0013257478955852,-0.1618497109826589,0.0,0.0,0.0,0.8696330991412958,0.11717681708215,0.710006373486297,0.0,,,-0.0035825593555534,-5.885740049842317,416700000.0,28100000.0,-8203500000.0,2273500000.0,379250000.0,909000000.0,242100000.0,34.81855474913222,0.0,0.0,2.584828711256117,0.0,0.0,0.0420975787808735,0.0751628034588127,1996-05-13,,bmo,,2025-04-25,1996-03-31,,3.1744444444444446,2445695.238095238
1995-12-31,CMCSA,USD,1166691,1995-12-31,1995-12-30 19:00:00,1995,Q4,1005500000.0,0.0,1005500000.0,1.0,0,0.0,0.0,0.0,2147500000.0,2147500000.0,2147500000.0,0.0,0.0,154400000.0,3307400000.0,3.2893088016,3153000000.0,3.1357533565,-3153000000.0,0.0,0.0,3159600000.0,-6600000.0,-0.0065638986,-0.0059,-0.0059,1109445277,1109445277,,,0.9063087840789464,-0.0059489189208563,0.13430135139509,0.0023435135142767,0.4859185136717653,-0.0031547297307571,-4.849450542119889,-0.6989979732006196,6.335778920982328,3306146925.46,9796246925.46,-125.23283808560603,3.2880625812630533,22.18890554,1271.594971330769,-4.263245551850419,-4.263245551850419,9.742662282904028,2.961917798107274,65.74662366080537,3767.7872790230767,-0.0019962815170658,0.0007864139309653,-9.064087685364282,0.7337139755540014,1.962296668077644,1.473754567329115,0.0,-25.25423728813559,0.0016938146205407,-0.8484848484848485,0.0,0.0,0.561224596307005,0.9825503355704698,0.1455992043759323,0.9481865284974094,0.0,,,-0.0015700827861832,-7.778639630911692,531600000.0,-5380200000.0,-7930100000.0,7551900000.0,363650000.0,882650000.0,233650000.0,34.97066136250621,0.0,0.0,2.5735858715126696,0.0,0.0,0.0085106382978723,0.1319578378808133,1996-03-01,,bmo,,2025-04-25,1995-12-31,,3.104285714285714,1761494.9523809524
1995-09-30,CMCSA,USD,1166691,1995-09-30,1995-09-29 20:00:00,1995,Q3,870200000.0,443600000.0,426600000.0,0.4902321305,0,0.0,0.0,162600000.0,147600000.0,310200000.0,753800000.0,0.0,0.0,147700000.0,264100000.0,0.3034934498,116400000.0,0.1337623535,-100000000.0,16400000.0,0.0188462422,18400000.0,-7400000.0,-0.0085037922,-0.0067,-0.0067,1109445277,1109445277,,,0.7843559462013916,-0.0066700000021722,0.1486328378862439,0.0246068918999057,0.5556831082890806,-0.0436254054196131,-0.0436254054196131,-0.6780866218424579,6.191021893908157,3672263866.87,9924363866.87,-124.06296847533784,4.220022830234429,22.26964140006065,134.51515995860805,-4.881382250259205,-4.881382250259205,11.404693020995172,37.578053263422944,60.18413503256519,363.52981197326005,-0.0020151057408375,0.0074341063141709,-9.130134254951482,0.7435642063784181,23.673229837182884,1.3013698630136987,0.0,-82.45,0.0015249448849581,-0.7567567567567568,0.0,0.0,0.0,0.834445118253487,0.1581245690645828,0.9316181448882872,0.0,,-0.001701971362431,-0.000801091216143,-7.485632840275726,345400000.0,-48400000.0,-7794300000.0,1899500000.0,319100000.0,754300000.0,210350000.0,34.81268673868077,162.57213706041478,45.42605951307484,2.5852644087938206,0.5536003993510545,1.9812416257257703,0.0098365013957197,0.1240259459863381,1995-11-10,,bmo,,2025-04-25,1995-09-30,,3.4052380952380954,1493371.4285714286
1995-06-30,CMCSA,USD,1166691,1995-06-30,1995-06-29 20:00:00,1995,Q2,823600000.0,0.0,823600000.0,1.0,0,0.0,0.0,0.0,0.0,0.0,0.0,0.0,0.0,143500000.0,967100000.0,1.1742350656,823600000.0,1.0,-823600000.0,0.0,0.0,852900000.0,-29300000.0,-0.0355755221,-0.02,-0.02,1464267866,1464267866,,,0.5624653925171913,-0.0200100000009151,0.09151331058439,-0.0651520136548567,0.3058866553040917,-0.0296393856668845,-0.0296393856668845,-0.5150013993409591,4.5971779865583695,4436731633.98,10720331633.98,-37.85607196228669,5.386998098567265,33.109937567014924,-46.506620901257854,-5.883479159236175,-5.883479159236175,13.01642986155901,11.085029091076414,80.00247488044776,-112.37244899350104,-0.0066039603963416,-0.0215023147375764,-8.926534942315342,0.7473631619851226,6.497363250956468,1.131404885792398,0.0,-4.573378839590443,0.0012621903829185,-0.1911262798634812,0.0,0.0,0.0,1.7119402985074628,0.2785332685769791,1.5986062717770035,0.0,,,-0.0032530254246697,-5.653268908108375,149000000.0,-43400000.0,-7767500000.0,1623800000.0,293450000.0,654850000.0,195250000.0,32.95774647887324,0.0,0.0,2.730769230769231,0.0,0.0,0.038854263360297,0.1566653242392468,1995-08-16,,bmo,,2025-04-25,1995-06-30,,2.691904761904762,1349218.825396825
1995-03-31,CMCSA,USD,1166691,1995-03-31,1995-03-30 19:00:00,1995,Q1,663600000.0,0.0,663600000.0,1.0,0,0.0,0.0,0.0,0.0,0.0,0.0,0.0,0.0,243500000.0,907100000.0,1.3669379144,663600000.0,1.0,-663600000.0,0.0,0.0,664200000.0,-600000.0,-0.0009041591,-0.0004,-0.0004,1464267866,1464267866,,,0.4531957679388151,-0.0004097610921689,0.0497176791831611,-0.0251320136530265,0.2840327303884165,0.0528591808897894,0.0528591808897894,-0.4959475085551048,4.294296245930183,3792453772.94,9664553772.94,-1580.189072058333,5.714969519198312,52.09414523269231,-103.0558090472826,-5.22232686992564,-5.22232686992564,14.563824250964434,10.654342159563445,132.75485951840656,-262.6237438298913,-0.0001582089158953,-0.0097034801749137,-8.658771688240154,0.7432536258436662,6.473486936390696,1.0461104140526976,0.0,-121.33333333333331,0.0014766165483564,-9.333333333333334,0.0,0.0,0.0,1.5054945054945057,0.1651597347799879,0.4501026694045174,0.0,,,-7.092114750416662e-05,-5.228534462696459,44100000.0,77400000.0,-7382200000.0,1342200000.0,196750000.0,502650000.0,96850000.0,38.69349005424955,0.0,0.0,2.3259726603575186,0.0,0.0,0.0008262186725419,0.0748496928361876,1995-05-11,,bmo,,2025-04-25,1995-03-31,,2.5731746031746034,1300466.6666666667
1994-12-31,CMCSA,USD,1166691,1994-12-31,1994-12-30 19:00:00,1994,Q4,360200000.0,0.0,360200000.0,1.0,0,0.0,0.0,0.0,822200000.0,822200000.0,822200000.0,0.0,0.0,93200000.0,1275600000.0,3.5413659078,1182400000.0,3.2826207662,-1182400000.0,0.0,0.0,1211900000.0,-29500000.0,-0.081898945,-0.0227,-0.0227,1296851574,1296851574,,,0.2777495954213184,-0.0227473988476648,0.0878280924999671,0.0117206936435425,0.2585492485973572,-0.0764158381628335,-3.237687399375436,-0.5604342197451812,3.8504020815569446,3319940029.44,7978040029.440001,-28.135084995254235,9.216935117823432,29.147849248814747,218.4171072,-4.567886666813428,-4.567886666813428,22.148917349916715,6.254343077328317,70.0442496,524.8710545684211,-0.008885702674869,0.0045783959545088,-6.870390753990094,0.7383409729410025,3.651693320790217,0.9211323039660916,0.0,-3.861016949152543,0.0016867774569243,-0.1898305084745762,0.0,0.0,0.6061954753807481,0.8665496049165935,0.2740144364242087,1.0590128755364807,0.0,,,-0.0110764840611271,-4.9702295383881765,-52100000.0,-4198800000.0,-6253600000.0,5305300000.0,100500000.0,341000000.0,0.0,27.03498056635203,0.0,0.0,3.3290203327171906,0.0,0.0,0.0405888827738029,0.0761073988564245,1995-02-23,,bmo,,2025-04-25,1994-12-31,,2.687936507936508,1880419.047619048
1994-09-30,CMCSA,USD,1166691,1994-09-30,1994-09-29 20:00:00,1994,Q3,345800000.0,103200000.0,242600000.0,0.7015615963,0,0.0,0.0,96400000.0,82800000.0,179200000.0,282400000.0,0.0,0.0,82800000.0,146200000.0,0.4227877386,63400000.0,0.1833429728,-81700000.0,-18300000.0,-0.0529207634,-1000000.0,-17300000.0,-0.0500289184,-0.0133,-0.0133,1296851574,1296851574,,,0.2666457803905939,-0.0133400000021899,0.0828930635974229,0.0223618497146536,0.2617107514880496,-0.2149821965670837,-0.2149821965670837,-0.4908811561499481,3.0517756074374014,3294002997.96,6912302997.96,-47.60119939248555,9.525746090109893,30.64188835311628,113.58631027448276,-5.174368517059379,-5.174368517059379,19.98930884314633,47.279774267852254,64.30049300427908,238.35527579172413,-0.0052519685047991,0.0088038778404148,-6.216933710336161,0.7972643580910941,24.74897400820793,1.3597033374536465,0.0,-6.213872832369942,0.0016697009697338,-0.3179190751445087,0.0,0.0,0.0,0.7302325581395349,0.2270098322729901,0.9480676328502416,0.0,,0.0129859858572784,-0.0034850224612719,-3.7274119081263497,174600000.0,-278800000.0,-4582900000.0,1215400000.0,86050000.0,268250000.0,0.0,24.152689415847316,243.40116279069767,0.0,3.726293103448276,0.3697599426728771,0.0,0.0271756204838202,0.0605312138827692,1994-11-08,,bmo,,2025-04-25,1994-09-30,,2.72,1995768.75
1994-06-30,CMCSA,USD,1166691,1994-06-30,1994-06-29 20:00:00,1994,Q2,340600000.0,100600000.0,240000000.0,0.7046388726,0,0.0,0.0,91500000.0,83200000.0,174700000.0,275300000.0,0.0,0.0,83300000.0,148600000.0,0.4362889019,65300000.0,0.1917204932,-77100000.0,-11800000.0,-0.0346447446,1000000.0,-12900000.0,-0.0378743394,-0.01,-0.01,1289355322,1289355322,,,0.2641630233252335,-0.0100050000026292,0.0662346511801965,0.0171403488417136,0.0779459302530416,-0.5588839536352416,-0.5588839536352416,-0.5588839536352416,3.0287229077726643,3868065966.0,7672665966.0,-74.96251872093023,11.35662350557839,45.2935124824356,175.02560932126696,-5.36784064113239,-5.36784064113239,22.526911233118028,51.63301457604307,89.84386377049181,347.1794554751131,-0.0033350000008764,0.0057134496139045,-5.419233971690258,0.8449488283532034,25.602960969044418,0.9295212765957448,0.0,-6.724409448818897,0.0014477519383649,-0.4341085271317829,0.0,0.0,0.0,0.7412177985948478,0.1858485026423957,0.7599039615846338,0.0,,0.0164703183912118,-0.0027911807343618,-4.019314855707401,-31800000.0,-720600000.0,-4922900000.0,975800000.0,74950000.0,252950000.0,0.0,20.95419847328244,230.2783300198807,0.0,4.295081967213115,0.3908313908313908,0.0,0.0179017485428809,0.0490943023384829,1994-08-11,,bmo,,2025-04-25,1994-06-30,,2.8870967741935485,1894509.677419355
1994-03-31,CMCSA,USD,1166691,1994-03-31,1994-03-30 19:00:00,1994,Q1,328700000.0,100900000.0,227800000.0,0.6930331609,0,0.0,0.0,86300000.0,77200000.0,163500000.0,264400000.0,0.0,0.0,77200000.0,141500000.0,0.4304837238,64300000.0,0.1956191056,-80800000.0,-16500000.0,-0.0501977487,-700000.0,-27400000.0,-0.0833586857,-0.0233,-0.0233,1173698865,1173698865,,,0.2800547992350661,-0.0233449999970818,0.0529948540079741,0.0279458394125651,0.2815032116436442,-0.5980239232829112,-0.5980239232829112,-0.5980239232829112,3.464006076209335,3544570572.3,7279870572.3,-32.340972375,10.783603809857013,56.98666514951768,108.0661759847561,-5.049965197748968,-5.049965197748968,22.147461430787956,51.44784856749117,117.03971981189711,221.9472735457317,-0.0077301324493648,0.0092535892094586,-5.792420572731158,0.8535648303661404,26.397879858657245,1.298128629812863,0.0,-3.9367088607594938,0.0016927297334375,-0.218978102189781,0.0,0.0,0.0,0.472668810289389,0.089443261332522,0.3808290155440414,0.0,,0.0138501262399048,-0.0057524353375881,-4.329688092524482,138600000.0,-701900000.0,-4861600000.0,1130300000.0,71400000.0,252000000.0,0.0,19.3306966839063,221.65510406342915,0.0,4.6558073654390935,0.4060362173038229,0.0,0.0390368998432825,0.025049014595409,1994-05-12,,bmo,,2025-04-25,1994-03-31,,3.4195238095238096,3313542.698412698
1993-12-31,CMCSA,USD,1166691,1993-12-31,1993-12-30 19:00:00,1993,Q4,337600000.0,0.0,337600000.0,1.0,0,0.0,0.0,0.0,0.0,0.0,0.0,0.0,0.0,80800000.0,418400000.0,1.2393364929,337600000.0,1.0,-337600000.0,0.0,0.0,377500000.0,-39900000.0,-0.1181872038,-0.0339,-0.0339,1176911544,1176911544,,,0.2868524841319765,-0.033902293000195,0.0908309554316003,0.0410396178423414,0.1362889172238419,-0.7396477708438554,-2.8515312107432265,-0.7396477708438554,3.762134905187063,4754722637.76,9022022637.76,-29.79149522406015,14.083894069194312,44.478228603928905,98.44146247950312,-5.462059319655371,-5.462059319655371,26.724000704265404,21.56315161988528,84.39684413246025,186.7913589598344,-0.0083916566832166,0.0101583212481043,-5.086387133831131,0.8947921508396823,10.199091778202677,1.3060881264715776,0.0,-4.79372197309417,0.0010936494925495,-0.1303258145363408,0.0,0.0,0.502293717034133,0.5481758652946679,0.1735781990521327,0.7252475247524752,0.0,,,-0.0162010719506253,-4.761827707928405,182000000.0,-3356000000.0,-5042200000.0,3688500000.0,73200000.0,245350000.0,0.0,19.247630331753555,0.0,0.0,4.67590027700831,0.0,0.0,0.0458357265939115,0.0497913375892589,1994-03-16,,bmo,,2025-04-25,1993-12-31,,4.059375,7704731.25
1993-09-30,CMCSA,USD,1166691,1993-09-30,1993-09-29 20:00:00,1993,Q3,345900000.0,0.0,345900000.0,1.0,0,0.0,0.0,0.0,0.0,0.0,0.0,0.0,0.0,84500000.0,430400000.0,1.2442902573,345900000.0,1.0,-345900000.0,0.0,0.0,361600000.0,-15700000.0,-0.0453888407,-0.0133,-0.0133,1176911544,1176911544,,,0.2939048408212402,-0.013340000002583,0.0639810191206689,0.0300787261204738,0.1292365605345783,-0.7247783440893838,-0.7247783440893838,-0.7247783440893838,3.539688280940169,4072113942.24,8085913942.24,-64.84257869808917,11.772517901821336,54.07853840956175,115.03146729491525,-4.773873320328254,-4.773873320328254,23.37644967400983,18.786974772862457,107.3826552754316,228.4156480858757,-0.0038554913302263,0.0086932734452236,-4.883821805392731,0.8894843599871891,9.325743494423792,1.395413306451613,0.0,-2.115168539325843,0.0012769780202023,-0.3312101910828025,0.0,0.0,0.0,0.5298804780876494,0.1153512575888985,0.472189349112426,0.0,,,-0.0033521938721041,-4.527740446736582,156900000.0,-853000000.0,-4982800000.0,1165500000.0,66550000.0,231150000.0,0.0,19.30615784908933,0.0,0.0,4.6617250673854445,0.0,0.0,0.0184056271981242,0.033902293000195,1993-11-05,,bmo,,2025-04-25,1993-09-30,,3.05125,3099107.21875
1993-06-30,CMCSA,USD,1166691,1993-06-30,1993-06-29 20:00:00,1993,Q2,345900000.0,0.0,345900000.0,1.0,0,0.0,0.0,0.0,0.0,0.0,0.0,0.0,0.0,88500000.0,434400000.0,1.2558542931,345900000.0,1.0,-345900000.0,0.0,0.0,361600000.0,-15700000.0,-0.0453888407,-0.01,-0.01,1569215392,1569215392,,,0.2204286306159301,-0.0100050000019372,0.0488142038311079,0.0267649681580487,0.1058490764536166,-0.5331326752624664,-0.5331326752624664,-0.5331326752624664,2.5264218157758167,3828885556.48,7627285556.48,-60.96951523057325,11.069342458745302,49.98545112898172,91.1639418209524,-4.576721917857997,-4.576721917857997,22.05055090049147,17.558208002946593,99.572918491906,181.6020370590476,-0.0041004098368595,0.0109692492451019,-4.738823810662204,0.8922020929447507,8.74401473296501,1.1211172017749935,0.0,-4.47953216374269,0.0013058630053692,-0.3184713375796178,0.0,0.0,0.0,0.4516971279373368,0.1000289100896212,0.3909604519774011,0.0,,,-0.0035332508157983,-3.230802492663799,46400000.0,-836600000.0,-4850600000.0,1061600000.0,55150000.0,220950000.0,0.0,15.325238508239377,0.0,0.0,5.872665534804754,0.0,0.0,0.0187664355725555,0.0220492356730592,1993-08-11,,bmo,,2025-04-25,1993-06-30,,2.248253968253968,4422685.714285715
1993-03-31,CMCSA,USD,1166691,1993-03-31,1993-03-30 19:00:00,1993,Q1,345900000.0,0.0,345900000.0,1.0,0,0.0,0.0,0.0,0.0,0.0,0.0,0.0,0.0,87700000.0,433600000.0,1.253541486,345900000.0,1.0,-345900000.0,0.0,0.0,361600000.0,-15700000.0,-0.0453888407,-0.61,-0.61,25585034,25585034,,,13.519622448029578,-0.6136399896908482,3.404333955546043,2.415474609101555,8.602685460570425,-32.0069928380787,-32.0069928380787,-32.0069928380787,160.87920774308918,66521088.400000006,3962521088.4,-1.059253,0.1923130627348944,0.7637323582089552,1.0763930161812298,-0.0812322486262058,-0.0812322486262058,11.455683979184736,9.138655646678966,45.49392753616533,64.11846421359223,-0.2360153806503262,0.9290286958082904,-5.026376846989865,0.8934253651971956,8.985239852398523,1.556289707750953,0.0,-3.644351464435146,0.0796739820029763,-0.3375796178343949,0.0,0.0,0.0,0.2904707233065442,0.0731425267418329,0.2884834663625997,0.0,,,-0.0034077836382974,-201.9676815750958,218900000.0,-818900000.0,-4813600000.0,1246700000.0,54600000.0,224650000.0,0.0,13.37380745880312,0.0,0.0,6.729571984435798,0.0,0.0,0.0191720600805959,0.9888593464444878,1993-05-17,,bmo,,2025-04-25,1993-03-31,,2.4620967741935487,3403756.4516129037
1992-12-31,CMCSA,USD,1166691,1992-12-31,1992-12-30 19:00:00,1992,Q4,261200000.0,76200000.0,185000000.0,0.7082695253,0,0.0,0.0,70900000.0,81500000.0,152400000.0,228600000.0,0.0,0.0,81500000.0,114100000.0,0.4368300153,32600000.0,0.1248085758,-120400000.0,-87800000.0,-0.3361408882,800000.0,-140900000.0,-0.5394333844,-0.12,-0.12,1202239365,1206319917,,,0.2172612273430258,-0.1171979591601544,0.0806827681940026,0.0518199634895501,0.1775020900268059,-0.1510514505570195,-0.1510514505570195,-0.1510514505570195,3.3776135753132657,2584814634.75,6432114634.75,-4.5862573363200845,9.895921266271056,26.647573554123717,41.48980152086678,-14.233560764041847,-14.233560764041847,24.62524745310107,56.37260854294478,66.31046015206185,103.24421564606742,-0.0545106786791416,0.0241023085997907,-22.36068281938326,0.9505606404644305,33.71866783523225,1.09420474853204,0.0,-1.0948081264108351,0.0018569996995023,-0.0340667139815471,0.0,0.0,0.0,0.3577319587628866,0.1328483920367534,0.4257668711656441,0.0,,0.0082918381621146,-0.0329829818113719,-3.49077739606372,36900000.0,-181600000.0,-4024900000.0,994000000.0,50900000.0,188100000.0,0.0,19.91577335375192,276.9685039370079,0.0,4.5190311418685125,0.3249466950959488,0.0,0.7758810572687225,0.0288628047044525,1992-12-30,,bmo,,2025-04-25,1992-12-31,,1.85640625,3208556.25
1992-09-30,CMCSA,USD,1166691,1992-09-30,1992-09-29 20:00:00,1992,Q3,221200000.0,66800000.0,154400000.0,0.6980108499,0,0.0,0.0,55900000.0,54700000.0,110600000.0,177400000.0,0.0,0.0,54700000.0,98500000.0,0.4452983725,43800000.0,0.1980108499,-93800000.0,-50000000.0,-0.226039783,2300000.0,-52300000.0,-0.236437613,-0.0434,-0.0434,1206319917,1206319917,,,0.1833676099372568,-0.0433549999987275,0.0344021510506155,0.8335268164191307,0.1309768642408977,-0.0175741108981457,-0.0175741108981457,-0.0175741108981457,2.1419691108357948,2147249452.26,4573149452.26,-10.264098720172084,9.707276004792044,51.74095065686747,2.135504179273993,-101.28535152169812,-101.28535152169812,20.67427419647378,46.42791322091371,110.19637234361448,4.548134711347588,-0.0243567415723188,0.4682734923702981,-121.88207547169812,0.7124462335943531,24.628426395939087,1.563222185539782,0.0,-0.7934990439770554,0.0022819891721675,-0.0936902485659655,0.0,0.0,0.0,23.228915662650603,4.358047016274864,17.62340036563071,0.0,,0.0133933990118981,-0.0144204257196426,-2.8657406308910343,170600000.0,-21200000.0,-3174500000.0,747300000.0,45450000.0,143600000.0,0.0,17.90235081374322,190.9131736526946,0.0,5.027272727272727,0.4714184897671136,0.0,2.4669811320754715,0.7991246653685152,1993-03-20,-0.01992,bmo,,2025-04-25,1992-09-30,1.0080321285140563,1.87296875,2296954.375
1992-06-30,CMCSA,USD,1166691,1992-06-30,1992-06-29 20:00:00,1992,Q2,221300000.0,67000000.0,154300000.0,0.6972435608,0,0.0,0.0,55700000.0,52100000.0,107800000.0,174800000.0,0.0,0.0,52100000.0,98600000.0,0.4455490285,46500000.0,0.2101220063,-80800000.0,-34300000.0,-0.1549932219,6000000.0,-40300000.0,-0.1821057388,-0.0334,-0.0334,1208395802,1208395802,,,0.183135359816485,-0.0333500000027309,0.0397220843704983,-0.8032136477084517,0.0866437965331494,0.0349223325090631,0.0349223325090631,0.0349223325090631,1.9774150125688703,2344287855.88,4629087855.88,-14.542728634491311,10.593257369543606,48.83933033083333,-2.415297605481146,55.55184492606635,55.55184492606635,20.91770382232264,46.94815269655172,96.43933033083331,-4.769305435689264,-0.0171907216508922,-0.4140276534579648,56.62322274881517,0.687151319951688,23.17241379310345,1.1851606492215965,0.0,-1.1910669975186103,0.0020475301221906,-0.119106699751861,0.0,0.0,0.0,21.22083333333333,4.602801626751017,19.550863723608444,0.0,,0.0166684293215279,-0.0115891183067809,-2.7270245349627587,55900000.0,42200000.0,-3077400000.0,629900000.0,42550000.0,141350000.0,0.0,19.073655671034796,195.44776119402985,0.0,4.718550106609808,0.4604810996563573,0.0,-0.9549763033175356,0.8429357320789501,1992-06-29,,bmo,,2025-04-25,1992-06-30,,1.781746031746032,2483842.8571428573
1992-03-31,CMCSA,USD,1166691,1992-03-31,1992-03-30 19:00:00,1992,Q1,196500000.0,65500000.0,131000000.0,0.6666666667,0,0.0,0.0,45200000.0,43700000.0,88900000.0,154400000.0,0.0,0.0,43700000.0,85800000.0,0.4366412214,42100000.0,0.2142493639,-73900000.0,-31800000.0,-0.1618320611,4900000.0,-36700000.0,-0.1867684478,-0.0334,-0.0334,1100449775,1100449775,,,0.1785633515168831,-0.0333500000034076,0.0597937329761369,0.0415284741186847,0.1014130790294359,0.0692444141760127,0.0692444141760127,0.0692444141760127,2.202553951178735,1760719640.0,4072919640.0,-11.994002997275206,8.960405292620866,26.758657142857142,38.52778205689278,23.10655695538058,23.10655695538058,20.727326412213745,47.46992587412588,61.89847477203647,89.12296805251641,-0.0208437500021298,0.0259552963241779,31.808398950131235,0.686142958244869,26.94871794871795,1.397896879240163,0.0,-1.79291553133515,0.0026693630792918,-0.1280653950953678,0.0,0.0,0.0,0.3054711246200607,0.1022900763358778,0.459954233409611,0.0,,0.0145880943128082,-0.0103892427459306,-3.0133587877738446,117300000.0,76200000.0,-3044200000.0,689500000.0,34150000.0,127750000.0,0.0,17.49618320610687,188.51908396946567,0.0,5.143979057591623,0.4774052478134111,0.0,-0.4816272965879265,0.0182652588574521,1992-03-30,,bmo,,2025-04-25,1992-03-31,,1.771111111111111,2599171.4285714286
1991-12-31,CMCSA,USD,1166691,1991-12-31,1991-12-30 19:00:00,1991,Q4,183900000.0,58500000.0,125400000.0,0.6818923328,0,0.0,0.0,46500000.0,41200000.0,87700000.0,146200000.0,0.0,0.0,41200000.0,78900000.0,0.4290375204,37700000.0,0.2050027189,-73200000.0,-35500000.0,-0.1930396955,4400000.0,-39900000.0,-0.2169657423,-0.0396,-0.0396,1006996502,1006996502,,,0.1826222828329149,-0.0396227791464562,0.0526317617734882,0.037438064506802,0.1248266500929712,0.0193645161242079,-0.3200606947093447,0.0193645161242079,1.772200793603154,1873013493.72,3531913493.7200003,-11.735673519548874,10.184956463947795,35.33987724,49.682055536339526,96.05197403692308,96.05197403692308,19.205619867971727,44.76442957820026,66.63987724,93.68470805623345,-0.0213025694335786,0.0201279916703236,91.51794871794873,0.6388172966781214,21.025348542458808,2.4423004161937194,0.0,-1.3283208020050126,0.0024559353231694,-0.1152882205513784,0.0,0.0,0.1223510882016036,0.2886792452830188,0.0831973898858075,0.3713592233009709,0.0,,0.01614812349708,-0.0162737580553063,-2.6075810539409403,381200000.0,-322300000.0,-2128600000.0,1227800000.0,110450000.0,107100000.0,0.0,14.73083197389886,182.0,0.0,6.1096345514950166,0.4945054945054945,0.0,-2.046153846153846,0.0151936972666862,1991-12-30,,bmo,,2025-04-25,1991-12-31,,1.79390625,2020176.5625
1991-09-30,CMCSA,USD,1166691,1991-09-30,1991-09-29 20:00:00,1991,Q3,178900000.0,63400000.0,115500000.0,0.6456120738,0,0.0,0.0,38800000.0,40600000.0,79400000.0,142800000.0,0.0,0.0,40500000.0,76700000.0,0.4287311347,36100000.0,0.2017887088,-74200000.0,-38100000.0,-0.2129681386,2200000.0,-40300000.0,-0.2252655115,-0.04,-0.04,1006996502,1006996502,,,0.1776570222882462,-0.0400199999900297,0.0569018858419033,0.0399206947791363,0.0704073945234022,0.0562067493656497,0.0562067493656497,0.0562067493656497,1.6521407936330648,1792453773.56,3385253773.56,-11.119440282630272,10.019305609614308,31.281915768935427,44.588402327363184,31.66879458586573,31.66879458586573,18.922603541419782,44.13629430977836,59.079472487958114,84.21029287462686,-0.0224831460618144,0.0224273566174923,29.39399293286219,0.619212446032455,20.766623207301173,2.546068499758804,0.0,-1.4218362282878412,0.0025105249944954,-0.1116625310173697,0.0,0.0,0.0,0.2984293193717277,0.0955841252096143,0.4222222222222222,0.0,,0.0151237778975346,-0.0149992556200684,-2.3994125056057047,320500000.0,56600000.0,-2102400000.0,833300000.0,111650000.0,97300000.0,0.0,95.98658468418112,136.13564668769715,0.0,0.9376310272536688,0.6611053180396246,0.0,-0.7120141342756183,0.0169811910627669,1991-09-29,,bmo,,2025-04-25,1991-09-30,,1.59609375,2061941.84375
1991-06-30,CMCSA,USD,1166691,1991-06-30,1991-06-29 20:00:00,1991,Q2,183500000.0,66100000.0,117400000.0,0.6397820163,0,0.0,0.0,37400000.0,40200000.0,77600000.0,143700000.0,0.0,0.0,40200000.0,80000000.0,0.4359673025,39800000.0,0.216893733,-67700000.0,-27900000.0,-0.1520435967,5200000.0,-33100000.0,-0.1803814714,-0.0334,-0.0334,992503748,992503748,,,0.1848859516850912,-0.0333500000042317,0.0080604229617478,-0.0143072507571024,0.0961205438188431,-0.0586395770467155,-0.0586395770467155,-0.0586395770467155,1.7034696376783858,1597931034.2800002,3193231034.28,-12.06896551570997,8.708071031498639,199.741379285,-112.53035452676058,-27.45585969553265,-27.45585969553265,17.401804001525885,39.9153879285,399.153879285,-224.8754249492958,-0.0207142857169141,-0.0088864911534797,-29.04982817869416,0.6563786008230452,19.94125,2.1867881548974943,0.0,-0.2416918429003021,0.0026283987918742,-0.1268882175226586,0.0,0.0,0.0,2.775,0.1209809264305177,0.5522388059701493,0.0,,0.0194777333334516,-0.0128503765820327,-2.5332146151250603,208400000.0,-58200000.0,-2250000000.0,726100000.0,28650000.0,101850000.0,0.0,15.940054495912806,134.3872919818457,0.0,5.646153846153847,0.6697061803444783,0.0,0.5687285223367697,0.0223676737188502,1991-06-29,,bmo,,2025-04-25,1991-06-30,,1.808125,1398318.75
1991-03-31,CMCSA,USD,1166691,1991-03-31,1991-03-30 19:00:00,1991,Q1,174700000.0,64100000.0,110600000.0,0.6330852891,0,0.0,0.0,37000000.0,42400000.0,79400000.0,143500000.0,0.0,0.0,42400000.0,73600000.0,0.4212936463,31200000.0,0.1785918718,-72400000.0,-41200000.0,-0.2358328563,1100000.0,-42300000.0,-0.2421293646,-0.0434,-0.0434,975666013,975666013,,,0.1790571749679262,-0.0433550000065442,0.0593440780231421,0.0281858747087462,0.2574651537031658,-0.0399726950414947,-0.0399726950414947,-0.0399726950414947,1.8286995511034576,1717172182.88,3250172182.88,-10.14877176643026,9.829262638122495,29.657550654231432,62.44262483200001,-44.030055971282046,-44.030055971282046,18.604305568860905,44.15994813695652,56.13423459205527,118.18807937745456,-0.024633522730991,0.0160147015390603,-45.748717948717946,0.662188242280285,20.82880434782609,2.565354330708661,0.0,-1.3687943262411348,0.0023294111329542,-0.0945626477541371,0.0,0.0,0.0,0.5250431778929189,0.1740125930165998,0.7169811320754716,0.0,,0.0127049576443651,-0.0156992280285035,-2.525044397544265,298200000.0,-39000000.0,-2244700000.0,813900000.0,26150000.0,100350000.0,0.0,12.776187750429308,147.42589703588143,0.0,7.044354838709677,0.6104761904761905,0.0,1.0846153846153843,0.0311582033143958,1991-03-30,,bmo,,2025-04-25,1991-03-31,,1.597377049180328,1695909.836065574
1990-12-31,CMCSA,USD,1166691,1990-12-31,1990-12-30 19:00:00,1990,Q4,172200000.0,65800000.0,106400000.0,0.6178861789,0,0.0,0.0,36600000.0,41700000.0,78300000.0,144100000.0,0.0,0.0,41700000.0,69800000.0,0.4053426249,28100000.0,0.1631823461,-73100000.0,-45000000.0,-0.2613240418,500000.0,-45500000.0,-0.2642276423,-0.0438,-0.0438,1038766331,1038766331,,,0.1657735670294843,-0.0438019587679531,0.0346564948493695,-0.0009626804124824,0.0852934845459483,-0.0208901649508699,-0.0208901649508699,-0.0208901649508699,1.5064023094525962,1516598843.26,2992798843.26,-8.332960677252746,8.807194211730545,42.12774564611112,-1516.59884326,-69.8893476156682,-69.8893476156682,17.37978422334495,42.87677425873926,83.13330120166667,-2992.79884326,-0.0300013416218857,-0.0006593701455359,-72.11059907834101,0.6369779369860783,21.148997134670488,1.3456393793472443,0.0,-0.7912087912087912,0.0022418584948222,-0.0747252747252747,0.0,0.0,0.0,1.0277777777777777,0.2148664343786295,0.8872901678657075,0.0,,0.0123124554611814,-0.0185215338272409,-2.2806620982019488,64600000.0,-21700000.0,-2226800000.0,583800000.0,29650000.0,93300000.0,0.0,14.372822299651569,130.89665653495442,0.0,6.261818181818182,0.6875653082549634,0.0,2.096774193548387,0.035619175261852,1990-12-30,,bmo,,2025-04-25,1990-12-31,,1.16803,1979226.5625
1990-09-30,CMCSA,USD,1166691,1990-09-30,1990-09-29 20:00:00,1990,Q3,165800000.0,61400000.0,104400000.0,0.6296743064,0,0.0,0.0,36200000.0,39000000.0,75200000.0,136600000.0,0.0,0.0,39100000.0,68300000.0,0.4119420989,29200000.0,0.1761158022,-76000000.0,-46800000.0,-0.2822677925,-1700000.0,-45100000.0,-0.2720144753,-0.0434,-0.0434,1038766331,1038766331,,,0.1596124123895964,-0.0434168866029601,0.0273401237145026,0.0009626804124824,0.108782886610521,0.0243558144358069,0.0243558144358069,0.0243558144358069,1.4756928042944049,1173805954.03,2593705954.03,-6.506684889301551,7.079649903679131,41.33119556443661,1173.80595403,46.3954922541502,46.3954922541502,15.643582352412544,37.97519698433382,91.32767443767604,2593.70595403,-0.0384220235424426,0.0008519295685685,60.58893280632411,0.624094129142578,20.7891654465593,1.4147308781869687,0.0,-0.6283185840707964,0.0028965605331331,-0.0753880266075388,0.0,0.0,0.0,0.9647887323943662,0.1652593486127865,0.7007672634271099,0.0,,0.0121699317703123,-0.0183616969302174,-2.2084370002554503,73200000.0,25300000.0,-2181200000.0,590100000.0,29400000.0,89100000.0,0.0,17.261761158021713,133.24104234527687,0.0,5.213836477987422,0.6754675467546755,0.0,-1.7826086956521738,0.0263774433020201,1990-09-29,,bmo,,2025-04-25,1990-09-30,,1.3146031746031746,1479400.0
1990-06-30,CMCSA,USD,1166691,1990-06-30,1990-06-29 20:00:00,1990,Q2,163700000.0,58500000.0,105200000.0,0.6426389737,0,0.0,0.0,35900000.0,39700000.0,75600000.0,134100000.0,0.0,0.0,39700000.0,69300000.0,0.4233353696,29600000.0,0.1808185706,-71700000.0,-42100000.0,-0.2571777642,-300000.0,-41800000.0,-0.2553451436,-0.0401,-0.0401,1042555645,1042555645,,,0.1570179978259098,-0.0400937831956202,0.0165938384996227,-0.0132367035430516,0.1242139933931296,0.0707875885128414,0.0707875885128414,0.0707875885128414,1.4695618477035823,1563833467.5,2966433467.5,-9.353070977870813,9.553045006108736,90.39499812138727,-113.32126576086957,21.19015538617886,21.19015538617886,18.121157406841785,42.805677741702745,171.4701426300578,-214.95894692028983,-0.0267291887970801,-0.0088244690287011,20.760162601626018,0.6163656112966166,20.23953823953824,1.827884022208513,0.0,-0.4138755980861244,0.0021741445433031,-0.0813397129186602,0.0,0.0,0.0,1.7976878612716762,0.1899816737935247,0.783375314861461,0.0,,0.0124905748795972,-0.016816188598785,-2.1698122405735,134200000.0,73800000.0,-2115600000.0,644900000.0,27050000.0,85500000.0,0.0,14.844227244960292,134.30769230769232,0.0,6.062962962962963,0.6701030927835051,0.0,-0.5663956639566395,0.0298305420426743,1990-06-29,,bmo,,2025-04-25,1990-06-30,,1.4833333333333334,2362428.571428572
1990-03-31,CMCSA,USD,1166691,1990-03-31,1990-03-30 19:00:00,1990,Q1,155300000.0,58200000.0,97100000.0,0.6252414681,0,0.0,0.0,33200000.0,40700000.0,73900000.0,132100000.0,0.0,0.0,40700000.0,63900000.0,0.4114616871,23200000.0,0.1493882807,-72300000.0,-49100000.0,-0.3161622666,-3200000.0,-45900000.0,-0.2955569865,-0.0435,-0.0435,1055900621,1055900621,,,0.1470782353105558,-0.0434700000048584,0.0150582352958006,-0.0017047058825434,0.0989676470698846,0.1126052941302323,0.1126052941302323,0.1126052941302323,1.4225770589825233,1573291925.29,2970891925.29,-8.5691281333878,10.130662751384415,98.94917769119496,-874.0510696055555,13.232059926745164,13.232059926745164,19.1300188363812,46.49283138169014,186.84854876037733,-1650.49551405,-0.0291744966475559,-0.0011440979077472,12.633305298570226,0.600047936723525,21.871674491392803,1.870026525198939,0.0,-0.3464052287581699,0.0021610738257448,-0.074074074074074,0.0,0.0,0.0,1.1132075471698113,0.1139729555698647,0.4348894348894349,0.0,,0.0091859312607882,-0.0183357967482922,-2.1399504414156416,131200000.0,118900000.0,-2102400000.0,672000000.0,25950000.0,88450000.0,0.0,15.705086928525436,129.43298969072166,0.0,5.730627306273063,0.6953405017921147,0.0,-0.3860386879730866,0.016762941178344,1990-03-30,,bmo,,2025-04-25,1990-03-31,,1.6188888888888888,2241300.0
1989-12-31,CMCSA,USD,1166691,1989-12-31,1989-12-30 19:00:00,1989,Q4,157500000.0,61200000.0,96300000.0,0.6114285714,0,0.0,0.0,32400000.0,37900000.0,70300000.0,131500000.0,0.0,0.0,37900000.0,63900000.0,0.4057142857,26000000.0,0.1650793651,-79900000.0,-53900000.0,-0.3422222222,-3300000.0,-50600000.0,-0.3212698413,-0.0458,-0.0458,1105697151,1105697151,,,0.14244406785127,-0.045762983068408,0.0308402711982749,0.045762983068408,0.1298728136091579,0.1519403390413547,0.1519403390413547,0.1519403390413547,1.3870886784983676,2133995501.43,3524095501.43,-10.543456034733202,13.54917778685714,62.58051323841642,42.1738241389328,12.702354175178572,12.702354175178572,22.37520953288889,55.15016434162754,103.34590913284455,69.64615615474308,-0.0237113901908849,0.0237113901908849,9.129166666666666,0.5938359081581291,21.754303599374023,1.9974554707379133,0.0,-0.6739130434782609,0.0015932554673717,-0.067193675889328,0.0,0.0,0.0,0.4838709677419355,0.1047619047619047,0.4353562005277044,0.0,,0.0100173041390897,-0.019591899949665,-2.037176271968164,156800000.0,168000000.0,-2100700000.0,699700000.0,24650000.0,82650000.0,0.0,14.17142857142857,137.05882352941177,0.0,6.350806451612903,0.6566523605150214,0.0,-0.3011904761904762,0.014922711870133,1989-12-30,,bmo,,2025-04-25,1989-12-31,,,
1989-09-30,CMCSA,USD,1166691,1989-09-30,1989-09-29 20:00:00,1989,Q3,141100000.0,50900000.0,90200000.0,0.6392629341,0,0.0,0.0,34500000.0,33600000.0,68100000.0,119000000.0,0.0,0.0,33600000.0,55700000.0,0.3947554926,22100000.0,0.156626506,-40200000.0,-18100000.0,-0.1282778172,8400000.0,-26500000.0,-0.1878100638,-0.024,-0.024,1105697151,1105697151,,,0.1276117966591378,-0.0239667796702136,0.0286696949262556,-0.1379220339512297,0.1137743729250144,0.1913724746497063,0.1913724746497063,0.1913724746497063,1.2856142377814628,2233508245.02,3529208245.02,-21.07083250018868,15.829257583416016,70.45767334447949,-14.64595570504918,10.55533197079395,10.55533197079395,25.012106626647768,63.36100978491921,111.3314903791798,-23.14234914767213,-0.0118647424109968,-0.0682782346293216,6.717863894139887,0.5673065410863232,23.262118491921004,1.6811387900355872,0.0,-1.1962264150943396,0.0013431783861505,-0.1132075471698113,0.0,0.0,0.0,5.8107255520504735,1.3054571226080791,5.482142857142857,0.0,,0.0136283184193244,-0.0105758869776908,-1.9444067465088368,95700000.0,211600000.0,-2057900000.0,632000000.0,22650000.0,69750000.0,0.0,15.627214741318214,127.48526522593322,0.0,5.759183673469388,0.7059639389736477,0.0,-0.1252362948960302,0.1665917288774853,1989-09-29,,bmo,,2025-04-25,1989-09-30,,,
1989-06-30,CMCSA,USD,1166691,1989-06-30,1989-06-29 20:00:00,1989,Q2,135000000.0,44800000.0,90200000.0,0.6681481481,0,0.0,0.0,36100000.0,31300000.0,67400000.0,112200000.0,0.0,0.0,31200000.0,54100000.0,0.4007407407,22800000.0,0.1688888889,-50800000.0,-28000000.0,-0.2074074074,2600000.0,-30600000.0,-0.2266666667,-0.0483,-0.0483,633433283,633433283,,,0.2131242604755898,-0.0483081657078003,0.0318897041600512,-0.0129453254511099,0.2461190533936626,0.3750986984370381,0.3750986984370381,0.3750986984370381,2.0837237881609703,1114842578.08,2278842578.08,-9.10819099738562,8.258093170962962,55.19022663762376,-135.9564119609756,4.692098392592593,4.692098392592593,16.880315393185185,42.12278332865065,112.8139890138614,-277.90763147317074,-0.0274478214248865,-0.0073552985517669,5.55513468013468,0.5511064718162839,21.515711645101664,2.404120443740095,0.0,-0.6622950819672131,0.0028703604104456,-0.1045751633986928,0.0,0.0,0.0,1.405940594059406,0.2103703703703703,0.9102564102564102,0.0,,0.0109372060649384,-0.0127766179540709,-3.1351368065072136,177200000.0,237600000.0,-1854000000.0,633300000.0,20550000.0,64650000.0,0.0,13.866666666666667,135.40178571428572,0.0,6.490384615384615,0.6646884272997032,0.0,-0.1287878787878787,0.0448350296111611,1989-06-29,,bmo,,2025-04-25,1989-06-30,,,
1989-03-31,CMCSA,USD,1166691,1989-03-31,1989-03-30 19:00:00,1989,Q1,128700000.0,51000000.0,77700000.0,0.6037296037,0,0.0,0.0,27800000.0,31200000.0,59000000.0,110000000.0,0.0,0.0,31200000.0,49900000.0,0.3877233877,18700000.0,0.1452991453,-65700000.0,-47000000.0,-0.3651903652,-5800000.0,-41200000.0,-0.3201243201,-0.0668,-0.0668,616834440,616834440,,,0.2086459374739192,-0.0667926388805398,0.0106997916653291,-0.0084301388878351,0.1726557291450847,0.2636039583003828,0.2636039583003828,0.2636039583003828,2.3349863538747933,962261726.4,2296061726.4,-5.838966786407768,7.476781090909091,145.7972312727273,-185.050332,5.91796879704797,5.91796879704797,17.840417454545456,46.013261050100205,347.88814036363635,-441.550332,-0.0428157941541921,-0.0054039351845096,8.857933579335793,0.5942321973760212,26.72945891783567,2.5435855263157894,0.0,-0.1601941747572815,0.0020784366094268,-0.0485436893203883,0.0,0.0,0.0,1.7878787878787878,0.0916860916860916,0.3782051282051282,0.0,,0.0070845969511331,-0.016998102153643,-3.468475268663662,187700000.0,162600000.0,-1951900000.0,643400000.0,19300000.0,30950000.0,0.0,14.195804195804197,109.23529411764709,0.0,6.3399014778325125,0.8239095315024233,0.0,-0.2533825338253382,0.0191299305531643,1989-03-30,,bmo,,2025-04-25,1989-03-31,,,
1988-12-31,CMCSA,USD,1166691,1988-12-31,1988-12-30 19:00:00,1988,Q4,122400000.0,0.0,122400000.0,1.0,0,0.0,0.0,0.0,-384500000.0,-384500000.0,-384500000.0,0.0,0.0,0.0,-262100000.0,-2.1413398693,-262100000.0,-2.1413398693,262100000.0,0.0,0.0,0.0,0.0,0.0,-0.0467,-0.0467,616834440,616834440,,,0.1984324999751959,0.0,,,0.1686027777567024,0.3334768402360932,0.3334768402360932,0.3334768402360932,2.1851892705601847,764874705.6,2008774705.6,0.0,6.248976352941177,0.0,0.0,3.718399152163344,3.718399152163344,16.41155805228758,-7.664153779473483,0.0,0.0,0.0,,6.55274671852212,0.56856624625638,-4.7458985120183135,1.989309210526316,0.0,0.0,0.0017919354838709,0.0,0.0,0.0,0.0,0.0,,0.0,,0.0,,0.0,-3.319002421460125,120300000.0,205700000.0,-1923100000.0,577100000.0,,,,13.455882352941176,0.0,0.0,6.688524590163935,0.0,0.0,0.0,,1988-12-30,,bmo,,2025-04-25,1988-12-31,,,
1988-09-30,CMCSA,USD,1166691,1988-09-30,1988-09-29 20:00:00,1988,Q3,116100000.0,0.0,116100000.0,1.0,0,0.0,0.0,0.0,0.0,0.0,0.0,0.0,0.0,0.0,116100000.0,1.0,116100000.0,1.0,-116100000.0,0.0,0.0,0.0,0.0,0.0,-0.0167,-0.0167,616834440,616834440,,,0.1882190624764726,0.0,,,,,,,,727864639.1999999,,0.0,6.269290604651162,0.0,0.0,0.0,0.0,,,0.0,0.0,0.0,,0.0,0.0,,0.0,0.0,0.0,0.0018830508474576,0.0,0.0,0.0,0.0,0.0,,0.0,,,0.0,0.0,,,,,,,,,,0.0,0.0,0.0,0.0,0.0,0.0,,1988-09-29,,bmo,,2025-04-25,1988-09-30,,,
1988-06-30,CMCSA,USD,1166691,1988-06-30,1988-06-29 20:00:00,1988,Q2,113200000.0,0.0,113200000.0,1.0,0,0.0,0.0,0.0,0.0,0.0,0.0,0.0,0.0,0.0,113200000.0,1.0,113200000.0,1.0,-113200000.0,0.0,0.0,0.0,0.0,0.0,-0.0133,-0.0133,616834440,616834440,,,0.1835176388659491,0.0,,,,,,,,758706361.2,,0.0,6.702353014134276,0.0,0.0,0.0,0.0,,,0.0,0.0,0.0,,0.0,0.0,,0.0,0.0,0.0,0.0018065040650406,0.0,0.0,0.0,0.0,0.0,,0.0,,,0.0,0.0,,,,,,,,,,0.0,0.0,0.0,0.0,0.0,0.0,,1988-06-29,,bmo,,2025-04-25,1988-06-30,,,
1988-03-31,CMCSA,USD,1166691,1988-03-31,1988-03-30 19:00:00,1988,Q1,98200000.0,0.0,98200000.0,1.0,0,0.0,0.0,0.0,0.0,0.0,0.0,0.0,0.0,0.0,98200000.0,1.0,98200000.0,1.0,-98200000.0,0.0,0.0,0.0,0.0,0.0,-0.0033,-0.0033,616834440,616834440,,,0.1591999305356555,0.0,,,,,,,,758706361.2,,0.0,7.726134024439919,0.0,0.0,0.0,0.0,,,0.0,0.0,0.0,,0.0,0.0,,0.0,0.0,0.0,0.0016056910569105,0.0,0.0,0.0,0.0,0.0,,0.0,,,0.0,0.0,,,,,,,,,,0.0,0.0,0.0,0.0,0.0,0.0,,1988-03-30,,bmo,,2025-04-25,1988-03-31,,,
1987-12-31,CMCSA,USD,1166691,1987-12-31,1987-12-30 19:00:00,1987,Q4,84200000.0,0.0,84200000.0,1.0,0,0.0,0.0,0.0,-263100000.0,-263100000.0,-263100000.0,0.0,0.0,0.0,-178900000.0,-2.1247030879,-178900000.0,-2.1247030879,178900000.0,0.0,0.0,0.0,0.0,0.0,0.0,0.0,616834440,616834440,,,0.1365034027607148,0.0,,,0.2958654513519057,0.4198857638364032,0.4198857638364032,0.4198857638364032,1.041932742925314,752538016.8,1212738016.8,0.0,8.93750613776722,0.0,0.0,2.9055521884169884,2.9055521884169884,14.403064332541566,-6.778859792062605,0.0,0.0,0.0,,2.4814671814671816,0.6210261861049376,-2.572386808272778,1.9040976460331296,0.0,0.0,0.0012139344262295,0.0,0.0,0.0,0.0,0.0,,0.0,,0.0,,0.0,-0.9543484634223732,103700000.0,259000000.0,-557500000.0,472300000.0,,,,6.73396674584323,0.0,0.0,13.365079365079366,0.0,0.0,0.0,,1987-12-30,,bmo,,2025-04-25,1987-12-31,,,
1987-09-30,CMCSA,USD,1166691,1987-09-30,1987-09-29 20:00:00,1987,Q3,80000000.0,0.0,80000000.0,1.0,0,0.0,0.0,0.0,0.0,0.0,0.0,0.0,0.0,0.0,80000000.0,1.0,80000000.0,1.0,-80000000.0,0.0,0.0,0.0,0.0,0.0,0.0,0.0,616834440,616834440,,,0.1296944444282326,0.0,,,,,,,,752538016.8,,0.0,9.40672521,0.0,0.0,0.0,0.0,,,0.0,0.0,0.0,,0.0,0.0,,0.0,0.0,0.0,0.0012139344262295,0.0,0.0,0.0,0.0,0.0,,0.0,,,0.0,0.0,,,,,,,,,,0.0,0.0,0.0,0.0,0.0,0.0,,1987-12-30,,bmo,,2025-04-25,1987-09-30,,,
1987-06-30,CMCSA,USD,1166691,1987-06-30,1987-06-29 20:00:00,1987,Q2,74200000.0,0.0,74200000.0,1.0,0,0.0,0.0,0.0,0.0,0.0,0.0,0.0,0.0,0.0,74200000.0,1.0,74200000.0,1.0,-74200000.0,0.0,0.0,0.0,0.0,0.0,-0.0067,-0.0067,616834440,616834440,,,0.1202915972071857,0.0,,,,,,,,715527950.4,,0.0,9.643233832884096,0.0,0.0,0.0,0.0,,,0.0,0.0,0.0,,0.0,0.0,,0.0,0.0,0.0,0.001276724137931,0.0,0.0,0.0,0.0,0.0,,0.0,,,0.0,0.0,,,,,,,,,,0.0,0.0,0.0,0.0,0.0,0.0,,1987-06-29,,bmo,,2025-04-25,1987-06-30,,,
1987-03-31,CMCSA,USD,1166691,1987-03-31,1987-03-30 19:00:00,1987,Q1,70900000.0,0.0,70900000.0,1.0,0,0.0,0.0,0.0,0.0,0.0,0.0,0.0,0.0,0.0,70900000.0,1.0,70900000.0,1.0,-70900000.0,0.0,0.0,0.0,0.0,0.0,-0.01,-0.01,616834440,616834440,,,0.1149417013745211,0.0,,,,,,,,666181195.2,,0.0,9.39606763328632,0.0,0.0,0.0,0.0,,,0.0,0.0,0.0,,0.0,0.0,,0.0,0.0,0.0,0.0013712962962962,0.0,0.0,0.0,0.0,0.0,,0.0,,,0.0,0.0,,,,,,,,,,0.0,0.0,0.0,0.0,0.0,0.0,,1987-03-30,,bmo,,2025-04-25,1987-03-31,,,
1986-12-31,CMCSA,USD,1166691,1986-12-31,1986-12-30 19:00:00,1986,Q4,34000000.0,0.0,34000000.0,1.0,0,0.0,0.0,0.0,-102100000.0,-102100000.0,-102100000.0,0.0,0.0,0.0,-68100000.0,-2.0029411765,-68100000.0,-2.0029411765,68100000.0,0.0,0.0,0.0,0.0,0.0,-0.01,-0.01,616834440,616834440,,,0.0551201388819988,0.0,,,0.4002694791166329,0.3072137152393761,0.3072137152393761,0.3072137152393761,1.1388793401354178,521644549.2192,977244549.2192,0.0,15.342486741741176,0.0,0.0,2.752741684534037,2.752741684534037,28.74248674174118,-14.350140223483113,0.0,0.0,0.0,,3.70712401055409,0.6979632389468455,-6.690161527165932,3.068965517241379,0.0,0.0,0.0095780910036893,0.0,0.0,0.0,0.0,0.0,,0.0,,0.0,,0.0,-0.9145079512745754,186000000.0,189500000.0,-541100000.0,536800000.0,,,,21.176470588235297,0.0,0.0,4.25,0.0,0.0,0.0,,1986-12-30,,bmo,,2025-04-25,1986-12-31,,,
1986-09-30,CMCSA,USD,1166691,1986-09-30,1986-09-29 20:00:00,1986,Q3,33400000.0,0.0,33400000.0,1.0,0,0.0,0.0,0.0,0.0,0.0,0.0,0.0,0.0,0.0,33400000.0,1.0,33400000.0,1.0,-33400000.0,0.0,0.0,0.0,0.0,0.0,-0.0033,-0.0033,616834440,616834440,,,0.0541474305487871,0.0,,,,,,,,515303491.176,,0.0,15.428248238802396,0.0,0.0,0.0,0.0,,,0.0,0.0,0.0,,0.0,0.0,,0.0,0.0,0.0,0.0071821881733301,0.0,0.0,0.0,0.0,0.0,,0.0,,,0.0,0.0,,,,,,,,,,0.0,0.0,0.0,0.0,0.0,0.0,,1986-09-29,,bmo,,2025-04-25,1986-09-30,,,
1986-06-30,CMCSA,USD,1166691,1986-06-30,1986-06-29 20:00:00,1986,Q2,32500000.0,0.0,32500000.0,1.0,0,0.0,0.0,0.0,0.0,0.0,0.0,0.0,0.0,0.0,32500000.0,1.0,32500000.0,1.0,-32500000.0,0.0,0.0,0.0,0.0,0.0,0.01,0.01,616834440,616834440,,,0.0526883680489695,0.0,,,,,,,,566068965.5879999,,0.0,17.417506633476922,0.0,0.0,0.0,0.0,,,0.0,0.0,0.0,,0.0,0.0,,0.0,0.0,0.0,0.006538084341288,0.0,0.0,0.0,0.0,0.0,,0.0,,,0.0,0.0,,,,,,,,,,0.0,0.0,0.0,0.0,0.0,0.0,,1986-06-29,,bmo,,2025-04-25,1986-06-30,,,
1986-03-31,CMCSA,USD,1166691,1986-03-31,1986-03-30 19:00:00,1986,Q1,30900000.0,0.0,30900000.0,1.0,0,0.0,0.0,0.0,0.0,0.0,0.0,0.0,0.0,0.0,30900000.0,1.0,30900000.0,1.0,-30900000.0,0.0,0.0,0.0,0.0,0.0,0.01,0.01,616834440,616834440,,,0.0500944791604048,0.0,,,,,,,,522915228.1656,,0.0,16.922822917980582,0.0,0.0,0.0,0.0,,,0.0,0.0,0.0,,0.0,0.0,,0.0,0.0,0.0,0.0070776417297756,0.0,0.0,0.0,0.0,0.0,,0.0,,,0.0,0.0,,,,,,,,,,0.0,0.0,0.0,0.0,0.0,0.0,,1986-03-30,,bmo,,2025-04-25,1986-03-31,,,
1985-12-31,CMCSA,USD,1166691,1985-12-31,1985-12-30 19:00:00,1985,Q4,30600000.0,0.0,30600000.0,1.0,0,0.0,0.0,0.0,-95500000.0,-95500000.0,-95500000.0,0.0,0.0,0.0,-64900000.0,-2.1209150327,-64900000.0,-2.1209150327,64900000.0,0.0,0.0,0.0,0.0,0.0,0.0167,0.0167,616834440,616834440,,,0.0496081249937989,0.0,,,0.3055925346840231,0.1856251735879079,0.1856251735879079,0.1856251735879079,0.3240739930150463,454378753.5372,465778753.5372,0.0,14.848978873764707,0.0,0.0,3.968373393337991,3.968373393337991,15.22152789337255,-7.176868313362096,0.0,0.0,0.0,,1.7458515283842797,0.5537396121883656,-0.1756548536209553,7.121527777777778,0.0,0.0,,0.0,0.0,0.0,0.0,0.0,,0.0,,0.0,,0.0,-0.0873411024196379,176300000.0,114500000.0,-41400000.0,276100000.0,,,,16.176470588235293,0.0,0.0,5.563636363636364,0.0,0.0,0.0,,1985-12-30,,bmo,,2025-04-25,1985-12-31,,,
1985-09-30,CMCSA,USD,1166691,1985-09-30,1985-09-29 20:00:00,1985,Q3,30000000.0,0.0,30000000.0,1.0,0,0.0,0.0,0.0,0.0,0.0,0.0,0.0,0.0,0.0,30000000.0,1.0,30000000.0,1.0,-30000000.0,0.0,0.0,0.0,0.0,0.0,0.0033,0.0033,616834440,616834440,,,0.0486354166605872,0.0,,,,,,,,380765731.4676,,0.0,12.69219104892,0.0,0.0,0.0,0.0,,,0.0,0.0,0.0,,0.0,0.0,,0.0,0.0,0.0,,0.0,0.0,0.0,0.0,0.0,,0.0,,,0.0,0.0,,,,,,,,,,0.0,0.0,0.0,0.0,0.0,0.0,,1985-09-29,,bmo,,2025-04-25,1985-09-30,,,
