date,symbol,reportedCurrency,cik,fillingDate,acceptedDate,calendarYear,period,revenue,costOfRevenue,grossProfit,grossProfitRatio,researchAndDevelopmentExpenses,generalAndAdministrativeExpenses,sellingAndMarketingExpenses,sellingGeneralAndAdministrativeExpenses,otherExpenses,operatingExpenses,costAndExpenses,interestIncome,interestExpense,depreciationAndAmortization,ebitda,ebitdaratio,operatingIncome,operatingIncomeRatio,totalOtherIncomeExpensesNet,incomeBeforeTax,incomeBeforeTaxRatio,incomeTaxExpense,netIncome,netIncomeRatio,eps,epsdiluted,weightedAverageShsOut,weightedAverageShsOutDil,link,finalLink,revenuePerShare,netIncomePerShare,operatingCashFlowPerShare,freeCashFlowPerShare,cashPerShare,bookValuePerShare,tangibleBookValuePerShare,shareholdersEquityPerShare,interestDebtPerShare,marketCap,enterpriseValue,peRatio,priceToSalesRatio,pocfratio,pfcfRatio,pbRatio,ptbRatio,evToSales,enterpriseValueOverEBITDA,evToOperatingCashFlow,evToFreeCashFlow,earningsYield,freeCashFlowYield,debtToEquity,debtToAssets,netDebtToEBITDA,currentRatio,interestCoverage,incomeQuality,dividendYield,payoutRatio,salesGeneralAndAdministrativeToRevenue,researchAndDdevelopementToRevenue,intangiblesToTotalAssets,capexToOperatingCashFlow,capexToRevenue,capexToDepreciation,stockBasedCompensationToRevenue,grahamNumber,roic,returnOnTangibleAssets,grahamNetNet,workingCapital,tangibleAssetValue,netCurrentAssetValue,investedCapital,averageReceivables,averagePayables,averageInventory,daysSalesOutstanding,daysPayablesOutstanding,daysOfInventoryOnHand,receivablesTurnover,payablesTurnover,inventoryTurnover,roe,capexPerShare,report_date,epsEstimated,time,revenueEstimated,updatedFromDate,fiscalDateEnding,surprise(%),QuarterAvgPrice,QuarterAvgVolume
2025-03-31,CME,USD,1156375,2025-04-30,2025-04-30 14:50:10,2025,Q1,1642300000.0,206700000.0,1435600000.0,0.8741399257,0,28500000.0,0.0,28500000.0,299100000.0,327600000.0,534300000.0,0.0,41700000.0,82500000.0,1369000000.0,0.8335870426,1108000000.0,0.6746635816,136800000.0,1244800000.0,0.7579613956,288600000.0,956200000.0,0.5822322353,2.6256002980982336,2.6211250128391264,359613000,360227000,https://www.sec.gov/Archives/edgar/data/1156375/000115637525000103/0001156375-25-000103-index.htm,https://www.sec.gov/Archives/edgar/data/1156375/000115637525000103/cme-20250331.htm,4.566853812292659,2.6256002980982336,3.1050045465542127,3.0655176536999496,4.224541381985635,75.1660813151916,-1.7910920906641306,75.1660813151916,9.508555029990571,95401732770.0,97415832770.0,25.25993771711502,58.0903201424831,85.43948842020419,86.54003335449927,3.5293844691406444,3.5293844691406444,59.31670996163916,81.82766297354053,87.24326775031345,88.36704714259797,0.0098970948701354,0.0115553456734138,0.1265006085672957,0.0216648630565742,1.691810163796724,1.0166792675353853,0.0,1.1677473331938926,0.026911460887085,2.719127303537386,0.0173537112586007,0.0,0.1753438474931509,0.0,0.0,0.0,0.0129087255678012,66.63716623574993,0.0233749958504055,0.0072543270885578,-357.8959881873013,2025200000.0,-644100000.0,-7355500000.0,30071200000.0,671650000.0,90050000.0,0.0,42.20787919381356,43.62844702467344,0.0,2.132303297844716,2.062874251497006,0.0,0.0349306529242675,0.0,2025-04-23,2.8,bmo,1644806673.0,2025-05-11,2025-03-31,0.0,246.6903333333333,2161828.6166666667
2024-12-31,CME,USD,1156375,2025-02-27,2025-02-27 16:30:05,2024,Q4,1525300000.0,220800000.0,1304500000.0,0.8552415918,0,33900000.0,0.0,33900000.0,323500000.0,357400000.0,578200000.0,0.0,40700000.0,83400000.0,1220700000.0,0.80030158,947100000.0,0.6209270307,149500000.0,1096600000.0,0.7189405363,222000000.0,874600000.0,0.5733953976,2.46,2.46,359389000,360050000,https://www.sec.gov/Archives/edgar/data/1156375/000115637525000021/0001156375-25-000021-index.htm,https://www.sec.gov/Archives/edgar/data/1156375/000115637525000021/cme-20241231.htm,4.244147706245879,2.433574761609287,2.8323070544730085,2.759405546636096,8.363082899031411,73.69980717272927,-3.270272601554305,73.69980717272927,9.65165878755332,83460907470.0,83996507470.0,23.856879564943977,54.71769977709303,81.9932286766873,84.15943074518503,3.151025883361209,3.151025883361209,55.06884381433161,68.81011507331858,82.51941003045486,84.6995134314813,0.0104791575662459,0.011882209648349,0.1294224692206336,0.0249405225286837,0.4387646432374867,1.007033257455732,23.27027027027027,1.163846329750743,0.0050179181211339,0.4788474731305739,0.022225136038812,0.0,0.2012572118707574,0.0257392671185774,0.0171769487969579,0.3141486810551558,0.0177669966563954,63.5253082644867,0.0210508449895556,0.0079664944509622,-299.1874403501498,719600000.0,-1175300000.0,-7926600000.0,28768000000.0,601250000.0,104900000.0,0.0,33.81564282436242,32.567934782608695,0.0,2.6614901413365906,2.763454317897372,0.0,0.0330200967270613,0.072901507836912,2025-02-12,2.46,bmo,1514517535.0,2025-05-11,2024-12-31,0.024390243902439,229.95734375,1945475.296875
2024-09-30,CME,USD,1156375,2024-11-08,2024-11-08 15:23:02,2024,Q3,1584400000.0,218800000.0,1365600000.0,0.8619035597,66600000,31000000.0,0.0,31000000.0,243800000.0,341400000.0,560200000.0,0.0,40200000.0,83900000.0,1301000000.0,0.8211310275,1024200000.0,0.6464276698,152700000.0,1176900000.0,0.7428048473,264100000.0,879400000.0,0.5550366069,2.51,2.5,359400000,359989000,https://www.sec.gov/Archives/edgar/data/1156375/000115637524000200/0001156375-24-000200-index.htm,https://www.sec.gov/Archives/edgar/data/1156375/000115637524000200/cme-20240930.htm,4.408458542014468,2.446855870895938,2.790762381747357,2.707846410684474,6.773511407902059,78.50918196994992,-6.581524763494714,78.50918196994992,9.648302726766834,79301610000.0,80406910000.0,22.544237548328404,50.05150845746024,79.06441674975075,81.48541923551171,2.810499287643269,2.810499287643269,50.749122696288815,61.80392774788624,80.1664107676969,82.62115700780929,0.0110893082750778,0.0122721341975276,0.1214692268980231,0.0248731631240878,0.8495772482705611,1.0230208149428002,25.47761194029851,1.0988168273444348,0.0052773203469639,0.4758926540823288,0.0195657662206513,0.0420348396869477,0.2219353228090113,0.0297108673978065,0.0188083817217874,0.3551847437425506,0.0128124211057813,65.74393271248849,0.0210578785431014,0.008202325266874,-296.80703951029494,2321000000.0,-2365400000.0,-6436100000.0,33288800000.0,614450000.0,114900000.0,0.0,35.7523352688715,53.43235831809872,0.0,2.517318080711789,1.6843725943033103,0.0,0.031166493007563,0.0829159710628825,2024-10-23,2.66,bmo,1588665198.0,2025-04-25,2024-09-30,0.0075187969924812,206.93015625,2075981.65625
2024-06-30,CME,USD,1156375,2024-08-05,2024-08-05 16:48:32,2024,Q2,1532500000.0,204700000.0,1327800000.0,0.8664274062,64100000,34700000.0,0.0,34700000.0,228400000.0,327200000.0,531900000.0,0.0,40100000.0,84200000.0,1084800000.0,0.707862969,1000600000.0,0.6529200653,153900000.0,1154500000.0,0.7533442088,271300000.0,883200000.0,0.5763132137,2.43,2.42,359330000,359869000,https://www.sec.gov/Archives/edgar/data/1156375/000115637524000149/0001156375-24-000149-index.htm,https://www.sec.gov/Archives/edgar/data/1156375/000115637524000149/cme-20240630.htm,4.264881863468121,2.457907772799377,2.16207942559764,2.1114296050983774,5.334372304010241,76.90924776667687,-8.239222998358056,76.90924776667687,10.82598168814182,70249015000.0,72303915000.0,19.884798177083333,45.83948776508972,90.42221006564552,92.59129431923026,2.541956990570202,2.541956990570202,47.18036867862969,66.65183904867257,93.06720942206204,95.29974298141558,0.0125724182751886,0.0108001514327282,0.1393120517589503,0.0312045861826092,1.8942662241887904,1.0204037988364338,24.952618453865338,0.8854570321404148,0.0059573789041739,0.4738451086956521,0.0226427406199021,0.0418270799347471,0.2479864936824896,0.0234264384090616,0.0118760195758564,0.2161520190023753,0.0122675367047308,65.21737768748476,0.020571444317982,0.0095189954183367,-259.8644004118777,1774600000.0,-2960600000.0,-6994900000.0,33005200000.0,613850000.0,105450000.0,0.0,35.207177814029365,43.92281387396189,0.0,2.5562969140950798,2.049049049049049,0.0,0.0319585465229882,0.0506498204992625,2024-07-24,2.53,bmo,1533393935.0,2025-04-25,2024-06-30,0.0118577075098815,206.60587301587304,2010596.5555555555
2024-03-31,CME,USD,1156375,2024-05-01,2024-05-01 13:55:31,2024,Q1,1487900000.0,206000000.0,1281900000.0,0.8615498353,59400000,33100000.0,0.0,33100000.0,229800000.0,322300000.0,528300000.0,0.0,39900000.0,85300000.0,1044900000.0,0.7022649372,959600000.0,0.6449358156,153800000.0,1113400000.0,0.7483029774,258200000.0,855200000.0,0.5747698098,2.35,2.35,359258000,359833000,https://www.sec.gov/Archives/edgar/data/1156375/000115637524000072/0001156375-24-000072-index.htm,https://www.sec.gov/Archives/edgar/data/1156375/000115637524000072/cme-20240331.htm,4.141591836507468,2.3804619521346777,2.484843761308029,2.4297301660645,4.350912157836429,75.58412060413407,-9.744250649950732,75.58412060413407,9.64738433103786,76169881160.0,78153781160.0,22.26668649438728,51.192876644935815,85.32528414921028,87.26071847863443,2.80508654867387,2.80508654867387,52.526232381208416,74.79546479088908,87.54764328441806,89.53348740978348,0.0112275349124359,0.0114599102257546,0.1261683275515389,0.025943990967311,1.898650588573069,1.012552366562818,24.050125313283207,1.0438493919550982,0.0305685129678624,2.7226379794200186,0.0222461186907722,0.0399220377713556,0.2321396522778233,0.0221799036630446,0.0133073459237852,0.2321219226260258,0.0156596545466765,63.62637247150939,0.0200520863947597,0.0084340248602547,-286.32695722850985,1206300000.0,-3500700000.0,-7591800000.0,32257200000.0,581900000.0,100800000.0,0.0,37.99852140600847,48.49514563106795,0.0,2.3685132123527537,1.855855855855856,0.0,0.0314942071576404,0.0551135952435297,2024-04-24,2.45,bmo,1476141150.0,2025-04-25,2024-03-31,0.020408163265306,210.062131147541,1788184.0327868853
2023-12-31,CME,USD,1156375,2024-02-28,2024-02-28 15:24:36,2023,Q4,1439300000.0,212900000.0,1226400000.0,0.8520808726,58500000,36100000.0,0.0,36100000.0,-314800000.0,314800000.0,576100000.0,0.0,39700000.0,86300000.0,949500000.0,0.6596956854,863200000.0,0.5997359828,142800000.0,1006000000.0,0.6989508789,191400000.0,814600000.0,0.5659695685,2.24,2.24,359197000,359693000,https://www.sec.gov/Archives/edgar/data/1156375/000115637524000010/0001156375-24-000010-index.htm,https://www.sec.gov/Archives/edgar/data/1156375/000115637524000010/cme-20231231.htm,4.006993376893459,2.2678363126640813,2.9073182682483427,2.849411325818423,8.432420092595429,74.43798249985385,-11.088344279044646,74.43798249985385,10.923253813367038,75646888200.0,76613588200.0,23.21596126933464,52.5581103314111,72.43788968687159,73.91000312652662,2.829200804850044,2.829200804850044,53.229756270409226,80.68834986835176,73.36358153787226,74.8545072789448,0.0107684535264201,0.0135299683087294,0.1452582289559015,0.029912854617781,1.0181147972617166,1.0157712362538256,21.743073047858942,1.2530597552195823,0.005289047699387,0.4911613061625338,0.0250816369068297,0.0406447578684082,0.2366041412348227,0.0199176481853873,0.0144514694643229,0.2410196987253766,0.0168832071145695,61.630317981323074,0.0192318714780759,0.0082183461007246,-277.4856137439901,1473300000.0,-3982900000.0,-8212400000.0,32875600000.0,547000000.0,72200000.0,43598600000.0,33.4912804835684,38.299671207139504,0.0,2.6872666168782677,2.349889624724062,0.0,0.0304661173839381,0.05790694242992,2024-02-14,2.28,bmo,1428300000.0,2025-04-25,2023-12-31,0.0394736842105264,213.37031746031747,1680313.0952380951
2023-09-30,CME,USD,1156375,2023-11-01,2023-11-01 14:56:44,2023,Q3,1337800000.0,205500000.0,1132300000.0,0.8463895949,55600000,32200000.0,0.0,32200000.0,-1155600000.0,312100000.0,517600000.0,0.0,39600000.0,88300000.0,908500000.0,0.6791000149,820200000.0,0.613096128,154100000.0,974300000.0,0.7282852444,224100000.0,750200000.0,0.5607714158,2.06,2.06,359020000,359619000,https://www.sec.gov/Archives/edgar/data/1156375/000115637523000190/0001156375-23-000190-index.htm,https://www.sec.gov/Archives/edgar/data/1156375/000115637523000190/cme-20230930.htm,3.7262548047462536,2.089577182329675,2.3862180379923124,2.330789371065679,6.696841401593226,78.4123447161718,-7.23274469388892,78.4123447161718,9.649323157484265,71882984400.0,73007484400.0,23.95460690482538,53.732235311705786,83.90683366405976,85.90222801147227,2.553424473209338,2.553424473209338,54.57279443863059,80.36046714364336,85.21942850472745,87.24603776290631,0.0104364058651966,0.0116411415995688,0.1216520553005868,0.027267110515915,1.2377545404512933,1.0329572544534908,20.71212121212121,1.141962143428419,0.0055645992349755,0.5331911490269261,0.0240693676184781,0.0415607714157572,0.2448148142250446,0.0232286681452083,0.0148751681865749,0.2253680634201585,0.0141276722978023,60.71733313039475,0.0167439886263796,0.007909338860663,-142.12272296807978,2896300000.0,-2596700000.0,-6669800000.0,34061900000.0,578900000.0,52350000.0,100222000000.0,37.56615338615638,23.56204379562044,38188.55474452554,2.3957736389684814,3.819702602230483,0.0023567270508686,0.0266485741485386,0.0554286669266336,2023-10-25,2.22,bmo,1341770000.0,2025-04-25,2023-09-30,0.0135135135135134,198.77507936507936,1313842.3174603174
2023-06-30,CME,USD,1156375,2023-08-02,2023-08-02 11:51:37,2023,Q2,1360200000.0,205700000.0,1154500000.0,0.8487722394,53300000,37800000.0,0.0,37800000.0,-1425300000.0,315900000.0,521600000.0,0.0,40200000.0,89300000.0,927900000.0,0.6821790913,838600000.0,0.6165269813,177800000.0,1016400000.0,0.7472430525,238800000.0,777600000.0,0.5716806352,2.14,2.14,358940000,359429000,https://www.sec.gov/Archives/edgar/data/1156375/000115637523000129/0001156375-23-000129-index.htm,https://www.sec.gov/Archives/edgar/data/1156375/000115637523000129/cme-20230630.htm,3.7894912798796456,2.166378781969131,1.81200200590628,1.7548893965565275,5.535186939321335,77.49986070095281,-8.381623669694099,77.49986070095281,9.65063798963615,66507992600.0,68051692600.0,21.3824564686214,48.89574518453168,102.25706119311192,105.58500174630892,2.3908430069955204,2.3908430069955204,50.03065181590942,73.33946826166613,104.63052367773678,108.035708207652,0.0116918278480713,0.0094710421315587,0.1230794671037968,0.0226297070590435,1.6636491001185472,1.0217797317837094,20.860696517412936,0.8364197530864198,0.0060113075792938,0.5141460905349794,0.027790030877812,0.0391854139097191,0.2037473388381901,0.0315190651906519,0.0150713130421996,0.2295632698768197,0.0143361270401411,61.46231537399497,0.0171493291737459,0.0064546975854649,-179.47052432161365,2480400000.0,-3008500000.0,-7112800000.0,33736800000.0,661500000.0,74050000.0,120671300000.0,39.66034406704896,22.270296548371416,49548.91589693729,2.269269269269269,4.041257367387034,0.0018163868647944,0.0279533248495567,0.057112609349752,2023-07-26,2.2,bmo,1340500000.0,2025-04-25,2023-06-30,0.0454545454545452,184.805,1461091.322580645
2023-03-31,CME,USD,1156375,2023-05-03,2023-05-03 14:22:58,2023,Q1,1441600000.0,204500000.0,1237100000.0,0.8581437292,51300000,38300000.0,0.0,38300000.0,285100000.0,323400000.0,527900000.0,0.0,39900000.0,88700000.0,1002400000.0,0.6953385128,913700000.0,0.6338096559,243200000.0,1156900000.0,0.8025110988,273100000.0,883800000.0,0.6130688124,2.43,2.43,358933000,359313000,https://www.sec.gov/Archives/edgar/data/1156375/000115637523000066/0001156375-23-000066-index.htm,https://www.sec.gov/Archives/edgar/data/1156375/000115637523000066/cme-20230331.htm,4.016348455004137,2.4622979776169927,2.514118233765076,2.47177049755804,4.653236119275742,76.29390443341794,-9.747780226393226,76.29390443341794,9.693452538496045,68742848160.0,70617048160.0,19.445250101832997,47.68510554938957,76.17780159574468,77.48292173128945,2.510292289040476,2.510292289040476,48.985188790233074,70.44797302474062,78.25470762411348,79.59541045987376,0.0128566101588188,0.0129060698494049,0.1255970552577379,0.0207143855186004,1.8697126895450915,1.0154040601686714,22.899749373433583,1.0210454854039377,0.029611807693247,2.303236026250283,0.0265677025527192,0.035585460599334,0.1859994507321162,0.0168439716312056,0.0105438401775804,0.1713641488162345,0.0140122086570477,65.01393964601326,0.0188592293101155,0.0065391103613602,-201.69223782711532,1987800000.0,-3498800000.0,-7623100000.0,33311300000.0,603400000.0,109300000.0,131674950000.0,45.17480577136515,42.77750611246944,56374.67970660147,1.992260917634052,2.103909465020576,0.0015964613984221,0.0322738493448824,0.0423477362070358,2023-04-26,2.38,bmo,1392500000.0,2025-04-25,2023-03-31,0.0168067226890756,180.83064516129036,1940189.677419355
2022-12-31,CME,USD,1156375,2023-02-27,2023-02-27 17:01:05,2022,Q4,1207800000.0,193000000.0,1014800000.0,0.840205332,50000000,38500000.0,0.0,38500000.0,308000000.0,346500000.0,539500000.0,0.0,39900000.0,90600000.0,745700000.0,0.6174035436,668300000.0,0.5533200861,159000000.0,827300000.0,0.6849643981,189400000.0,637900000.0,0.528150356,1.76,1.75,358885000,359190000,https://www.sec.gov/Archives/edgar/data/1156375/000115637523000020/0001156375-23-000020-index.htm,https://www.sec.gov/Archives/edgar/data/1156375/000115637523000020/cme-20221231.htm,3.365423464340945,1.777449600847068,2.7348593560611336,2.666871003246165,7.8468032935341405,74.89502208228262,-11.28160831464118,74.89502208228262,9.691962606405951,60350101600.0,61068401600.0,23.65186612321681,49.966966053982446,61.487622618441165,63.05516832096959,2.24527605873796,2.24527605873796,50.561683722470605,81.89406141880113,62.21946164034641,63.80566461184829,0.0105699904902894,0.0158591282305314,0.1279228534118093,0.0197409856828478,0.9632560010728176,1.0101011348161597,16.74937343358396,1.5386424204420757,0.0060231878714848,0.5698385326853739,0.0318761384335154,0.0413975823811889,0.1775649530904713,0.0248599083036169,0.0202020202020202,0.2693156732891832,0.0211127670144063,54.72885765184283,0.0140937814005463,0.0044531100565312,-213.13638073477577,1390800000.0,-4048800000.0,-8218700000.0,32773800000.0,531700000.0,108200000.0,137616800000.0,36.00596125186289,56.61139896373057,63071.86010362694,2.499586092715232,1.5897858319604612,0.0014269438042913,0.0237325465889347,0.0679883528149685,2023-02-08,1.88,bmo,1211223120.0,2025-04-25,2022-12-31,0.0212765957446808,173.77968253968254,2073663.8095238092
2022-09-30,CME,USD,1156375,2022-11-02,2022-11-02 16:11:08,2022,Q3,1227800000.0,189600000.0,1038200000.0,0.8455774556,46800000,35100000.0,0.0,35100000.0,264300000.0,299400000.0,489000000.0,0.0,40400000.0,90000000.0,828800000.0,0.6750285063,738800000.0,0.6017266656,141200000.0,880000000.0,0.716729109,200400000.0,679600000.0,0.5535103437,1.89,1.89,358715000,359288000,https://www.sec.gov/Archives/edgar/data/1156375/000115637522000312/0001156375-22-000312-index.htm,https://www.sec.gov/Archives/edgar/data/1156375/000115637522000312/cme-20220930.htm,3.4227729534588742,1.8945402338904145,1.833767754345372,1.7668622722774348,6.192659911071464,78.75555803353637,-7.454385793735974,78.75555803353637,9.692095396066517,63539187950.0,64845387950.0,23.37374483151854,51.75043814139111,96.5934751444208,100.25116432628587,2.249111103048409,2.249111103048409,52.814292189281645,78.24009163851352,98.57918508665249,102.31206681918586,0.0106957614965867,0.0099749464928438,0.1216354935081484,0.0192583708594054,1.5760135135135136,1.0190662909654578,18.287128712871286,0.9679223072395526,0.0057161574095943,0.5344320188346086,0.0285877178693598,0.0381169571591464,0.1733146893906064,0.0364852538765582,0.0195471575175109,0.2666666666666666,0.0158006189933213,57.94070589907485,0.0150419999290574,0.004607248348719,-216.14485036867708,2680200000.0,-2674000000.0,-6927800000.0,34070500000.0,581250000.0,87950000.0,139207300000.0,42.52972796872455,45.09493670886077,66445.96518987342,2.116166839021027,1.9957894736842103,0.00135448404945,0.0240559559375309,0.0669054820679369,2022-10-26,1.94,bmo,1221102197.0,2025-04-25,2022-09-30,0.0206185567010309,197.6275,1339320.375
2022-06-30,CME,USD,1156375,2022-08-03,2022-08-03 13:19:26,2022,Q2,1237200000.0,185300000.0,1051900000.0,0.8502263175,45900000,32000000.0,0.0,32000000.0,-217300000.0,302200000.0,487500000.0,0.0,39900000.0,90100000.0,839800000.0,0.678790818,749700000.0,0.6059650824,117000000.0,866700000.0,0.7005334627,204200000.0,662500000.0,0.5354833495,1.82,1.82,358641000,359205000,https://www.sec.gov/Archives/edgar/data/1156375/000115637522000215/0001156375-22-000215-index.htm,https://www.sec.gov/Archives/edgar/data/1156375/000115637522000215/cme-20220630.htm,3.4496892435611097,1.8472511508723208,1.7220563181565969,1.6721456832877446,5.505784335867902,78.0772415869909,-8.475885356108197,78.0772415869909,9.693816379053148,73413812700.0,74971012700.0,27.703325547169808,59.338678225024246,118.86951538212436,122.41756328164082,2.62176270369299,2.62176270369299,60.597326786291625,89.27246094308168,121.39088843911917,125.01419493079874,0.009024187351599,0.0081687624977417,0.1227318341386415,0.0194525086983567,1.854251012145749,1.0176323614155671,18.789473684210527,0.9322264150943396,0.0049486600223938,0.548377358490566,0.0258648561267377,0.0370999030067895,0.1757019957401117,0.0289831606217616,0.0144681538958939,0.1986681465038845,0.0156805690268347,56.96609670248056,0.0151894873215916,0.0045492062750893,-214.81293270986865,2450900000.0,-3039800000.0,-7218600000.0,33974000000.0,595600000.0,80850000.0,153088300000.0,42.35935984481087,39.29303831624393,67237.77118186724,2.1246780010303965,2.2904820766378244,0.0013385333632872,0.0236592778295603,0.0499106348688521,2022-07-27,1.93,bmo,1245679444.0,2025-04-25,2022-06-30,0.0207253886010362,211.96774193548387,1601699.5
2022-03-31,CME,USD,1156375,2022-05-04,2022-05-04 12:30:22,2022,Q1,1346600000.0,185200000.0,1161400000.0,0.862468439,45900000,31800000.0,0.0,31800000.0,270500000.0,302300000.0,487500000.0,0.0,42500000.0,91900000.0,951000000.0,0.7062230804,859100000.0,0.6379771276,57200000.0,916300000.0,0.6804544779,205300000.0,711000000.0,0.5279964355,1.98,1.98,358609000,359180000,https://www.sec.gov/Archives/edgar/data/1156375/000115637522000158/0001156375-22-000158-index.htm,https://www.sec.gov/Archives/edgar/data/1156375/000115637522000158/cme-20220331.htm,3.755064708359244,1.9826607809619947,2.2283322504454715,2.1630801234771018,6.010167062176354,77.34552116650725,-9.52987794505994,77.34552116650725,9.703047051245228,85298736740.0,86690136740.0,29.992523466947965,63.34378192484777,106.74350737079214,109.96356418718575,3.0752911922067434,3.0752911922067434,64.37705089855933,91.15682096740274,108.4847162307596,111.75729887843238,0.0083354106657781,0.0090939213128609,0.1239184044302154,0.0166916200015831,1.4630914826498422,1.015111724779857,20.214117647058824,1.1239099859353023,0.0180952269516576,2.170886075949367,0.0236150304470518,0.0340858458339521,0.1512949105395019,0.0292829433112251,0.0173770978761324,0.2546245919477693,0.0148522204069508,58.73987960915263,0.0177958318896752,0.0040683575622813,-255.70516913964792,2545700000.0,-3417500000.0,-7176600000.0,34193900000.0,521700000.0,64800000.0,162847950000.0,40.695826526065645,39.265658747300215,81515.84773218143,2.211528986697323,2.292079207920792,0.0011040797894379,0.0256338150038937,0.0652521269683694,2022-04-27,2.0,bmo,1326096206.0,2025-04-25,2022-03-31,0.0549999999999999,234.8548387096774,1817223.9516129035
2021-12-31,CME,USD,1156375,2022-02-25,2022-02-25 14:51:32,2021,Q4,1147300000.0,201700000.0,945600000.0,0.8241959383,45800000,138500000.0,0.0,138500000.0,175400000.0,313900000.0,515600000.0,0.0,41900000.0,94500000.0,570400000.0,0.4971672623,589800000.0,0.5140765275,167600000.0,799300000.0,0.6966791598,174100000.0,625200000.0,0.5449315785,1.74,1.74,358582000,359019000,https://www.sec.gov/Archives/edgar/data/1156375/000115637522000076/0001156375-22-000076-index.htm,https://www.sec.gov/Archives/edgar/data/1156375/000115637522000076/cme-20211231.htm,3.1995471049857493,1.7435342543685963,1.863729913938792,1.787596700336325,8.226570212671021,76.41013770908746,-10.69769257798774,76.41013770908746,9.724414499333486,81921643720.0,82531843720.0,32.75817487204095,71.4038557657108,122.5821393386204,127.80287631825271,2.989917396429836,2.989917396429836,71.93571317005143,144.6911706171108,123.49520233428102,128.75482639625585,0.0076316828082316,0.007824550032112,0.1257367888960666,0.0175073419442901,1.0697755960729314,1.0085000847888757,14.0763723150358,1.0689379398592451,0.0039891777698817,0.5227127319257837,0.1207182079665301,0.0399198117318922,0.1587318446002979,0.040849917701631,0.0237949969493593,0.2888888888888888,0.0162119759435195,54.749731330193306,0.0124059098280314,0.0037766166299193,-242.97936036945524,1363400000.0,-3836000000.0,-7619200000.0,33104000000.0,452450000.0,59900000.0,153575400000.0,34.08437200383509,21.77491323748141,70480.39662865642,2.640506329113924,4.133196721311475,0.0012769508161849,0.0228181011923662,0.0761332136024675,2022-02-09,1.64,bmo,1168774241.0,2025-04-25,2021-12-31,0.0121951219512195,220.03375,1211653.515625
2021-09-30,CME,USD,1156375,2021-11-03,2021-11-03 12:31:31,2021,Q3,1109900000.0,198600000.0,911300000.0,0.8210649608,49300000,152100000.0,0.0,152100000.0,145500000.0,297600000.0,496200000.0,0.0,41800000.0,96200000.0,709900000.0,0.6396071718,613700000.0,0.5529326966,482200000.0,1095900000.0,0.987386251,169600000.0,926500000.0,0.8347598883,2.59,2.58,358363000,358988000,https://www.sec.gov/Archives/edgar/data/1156375/000115637521000167/0001156375-21-000167-index.htm,https://www.sec.gov/Archives/edgar/data/1156375/000115637521000167/cme-20210930.htm,3.097138934544024,2.585367350982105,1.762458735974417,1.6740009431777276,4.380195500093481,76.1297901848126,-11.203165505367462,76.1297901848126,9.729520067640912,69300236940.0,71285736940.0,18.699470302212628,62.43827096134787,109.72171776440784,115.5196481746958,2.5401357278215384,2.5401357278215384,64.22717086223984,100.41658957599662,112.8653213109563,118.82936646107684,0.0133693626589208,0.0086565360594566,0.1262696053456295,0.0184441863789611,2.7968727989857727,1.0078269026593385,14.681818181818182,0.6818525315772428,0.0046536637425817,0.3480841878035618,0.1370393729164789,0.0444184160735201,0.1675653449109433,0.0501899936668777,0.0285611316334804,0.3295218295218295,0.014055320299126,66.5471875030867,0.0139793841233475,0.0059590654333041,-231.52920362872285,1177300000.0,-4014800000.0,-7897800000.0,32995500000.0,490000000.0,59100000.0,145993600000.0,38.143976934859,32.175226586102724,67611.66163141995,2.359481292517007,2.797183098591549,0.0013311313141603,0.0339599957481278,0.0884577927966893,2021-10-27,1.55,bmo,1185580000.0,2025-04-25,2021-09-30,0.032258064516129,202.5975,1285693.140625
2021-06-30,CME,USD,1156375,2021-08-05,2021-08-04 18:00:56,2021,Q2,1179200000.0,211700000.0,967500000.0,0.8204715061,49300000,140300000.0,0.0,140300000.0,152500000.0,292800000.0,504500000.0,0.0,41700000.0,96500000.0,771200000.0,0.6540027137,674700000.0,0.5721675712,51400000.0,726100000.0,0.615756445,215500000.0,510300000.0,0.4327510176,1.42,1.42,358261000,358888000,https://www.sec.gov/Archives/edgar/data/1156375/000115637521000093/0001156375-21-000093-index.htm,https://www.sec.gov/Archives/edgar/data/1156375/000115637521000093/cme-20210630.htm,3.291455112334304,1.4243805493760135,1.3950723076193057,1.284259241167752,3.326904128554322,74.77062811748976,-12.812446791584906,74.70307959839334,9.731173641562997,76194949480.0,78558549480.0,37.32850748579267,64.61579840569878,152.4508793117247,165.60519339274072,2.847004449393197,2.847004449393197,66.62020817503392,101.8653390560166,157.17997094837935,170.7423374918496,0.00669729428896,0.0060384579705085,0.1287065821725354,0.0192759784464499,3.0648340248962658,1.0199714391942134,16.179856115107913,0.9788484136310224,0.0042325639980199,0.631981187536743,0.1189789687924016,0.0418080054274084,0.1755890208736361,0.0794317727090836,0.0336668928086838,0.4113989637305699,0.0164518317503392,48.92980998394425,0.0129327585852572,0.0034638528660107,-220.34829356251447,2836200000.0,-4590200000.0,-7062700000.0,34741400000.0,528300000.0,49400000.0,133828400000.0,38.89416553595658,20.06613131790269,60704.63863958432,2.313971742543171,4.485169491525424,0.0014825885141059,0.0190672266395647,0.1108130664515534,2021-07-28,1.61,bmo,1187340000.0,2025-04-25,2021-06-30,0.0186335403726706,211.1347619047619,1219715.3333333333
2021-03-31,CME,USD,1156375,2021-05-05,2021-05-05 14:51:07,2021,Q1,1253300000.0,225000000.0,1028300000.0,0.8204739488,48200000,150300000.0,0.0,150300000.0,152900000.0,303200000.0,528200000.0,0.0,41500000.0,98200000.0,823300000.0,0.6569057688,725100000.0,0.5785526211,27200000.0,752300000.0,0.6002553259,177500000.0,574400000.0,0.4583100614,1.6,1.6,358147000,358817000,https://www.sec.gov/Archives/edgar/data/1156375/000115637521000052/0001156375-21-000052-index.htm,https://www.sec.gov/Archives/edgar/data/1156375/000115637521000052/cme-20210331.htm,3.499401083912472,1.6038107257634435,1.6828285592228889,1.6032522958450022,2.908303015242345,74.14804535567798,-13.599164588842012,74.0698651670962,9.730920543799057,73144361810.0,75651561810.0,31.835115690285512,58.36141531157744,121.36114453293511,127.38481680599094,2.7572616682813185,2.7572616682813185,60.36189404771404,91.8882081987125,125.52109143852662,131.7512396551724,0.0078529634518114,0.0078502291330607,0.1298105013966427,0.0214351384140014,3.045305477954573,1.020310330254181,17.472289156626506,1.0485386221294364,0.0166451653944644,2.1196030640668524,0.1199234022181441,0.03845846964015,0.1956177354668877,0.0472872075659532,0.0227399664884704,0.290224032586558,0.0172345009175775,51.69976784032905,0.0152078983170892,0.0044449362626783,-196.0405922707715,2523000000.0,-4870500000.0,-7350700000.0,34478000000.0,504150000.0,60450000.0,105826250000.0,39.28030000797894,20.64,49946.4,2.2912248628884826,4.3604651162790695,0.001801931670751,0.0216526751080937,0.0795762633778867,2021-04-28,1.75,bmo,1224653142.0,2025-04-25,2021-03-31,0.0228571428571428,196.96327868852455,1860817.163934426
2020-12-31,CME,USD,1156375,2021-02-26,2021-02-26 13:01:46,2020,Q4,1098500000.0,215600000.0,882900000.0,0.8037323623,53600000,161500000.0,0.0,161500000.0,206400000.0,367900000.0,583500000.0,0.0,41700000.0,120500000.0,671500000.0,0.6112881202,515000000.0,0.4688211197,20000000.0,535000000.0,0.4870277651,110200000.0,424000000.0,0.385980883,1.18,1.18,358047000,358612000,https://www.sec.gov/Archives/edgar/data/1156375/000115637521000020/0001156375-21-000020-index.htm,https://www.sec.gov/Archives/edgar/data/1156375/000115637521000020/cme-20201231.htm,3.068032967738872,1.1842020740293873,1.84417129594718,1.648666236555536,4.843218907015001,73.59787960798442,-18.12024678324354,73.50962303831619,9.734755492993935,65182456350.00001,66993056350.00001,38.43305209316038,59.33769353664088,98.71642639709223,110.42259249534136,2.4765465047359605,2.4765465047359605,60.98594114701867,99.76627900223382,101.4585133272755,113.4898464340166,0.0065048177645118,0.009056117750923,0.1308439621731085,0.0276256301159317,2.6963514519731944,1.0123132183419332,12.350119904076738,1.5543785310734464,0.0046684340701437,0.717688679245283,0.1470186618115612,0.0487938097405553,0.2634325796007688,0.1060124185976071,0.0637232589895311,0.5809128630705395,0.0243058716431497,44.256418533582,0.0111990125998106,0.0046177202837719,-147.56379749027363,1086000000.0,-6487900000.0,-9024200000.0,34504600000.0,476100000.0,84400000.0,87437400000.0,37.79426490669094,28.92857142857143,36228.13079777366,2.381313678734013,3.111111111111111,0.0024842573441721,0.0161094836986462,0.1955050593916441,2021-02-10,1.37,bmo,1082463503.0,2025-04-25,2020-12-31,0.0145985401459852,170.0640625,1647908.34375
2020-09-30,CME,USD,1156375,2020-11-04,2020-11-04 11:51:21,2020,Q3,1080700000.0,216400000.0,864300000.0,0.7997594152,48100000,154200000.0,0.0,154200000.0,185100000.0,339300000.0,555700000.0,0.0,41700000.0,118000000.0,643000000.0,0.5949847321,525000000.0,0.4857962432,11500000.0,536500000.0,0.4964374942,125000000.0,411700000.0,0.3809567873,1.15,1.15,357791000,358590000,https://www.sec.gov/Archives/edgar/data/1156375/000115637520000119/0001156375-20-000119-index.htm,https://www.sec.gov/Archives/edgar/data/1156375/000115637520000119/cme-20200930.htm,3.0204784357348284,1.15067176088834,0.8703405060496211,0.7353454949956818,3.981374601373428,75.49211690623856,-16.251107490126916,75.40603313107373,9.737248840803709,59862012210.0,61972112210.0,36.35050534976925,55.39188693439437,192.23510664739885,227.52570205245155,2.2187879809189166,2.2187879809189166,57.344417701489775,96.37964573872472,199.011278773282,235.54584648422653,0.0068774834791007,0.0043951078536589,0.1275852866610327,0.0273714443840112,3.2816485225505443,1.0193882720360503,12.589928057553957,0.7567436208991495,0.0050800163371253,0.7386446441583677,0.1426852965670398,0.0445081891366706,0.2610147361457011,0.1551059730250481,0.0446932543721661,0.409322033898305,0.0220227630239659,44.184509059195,0.0108310915173575,0.0044300303764288,-147.88403006224303,1718400000.0,-5814500000.0,-8399100000.0,35090500000.0,511500000.0,93750000.0,83767050000.0,40.88183584713612,41.38170055452865,36635.6146025878,2.201466693827664,2.1748743718592967,0.0024566259083215,0.015259677682397,0.1349950110539393,2020-10-28,1.41,bmo,1103478260.0,2025-04-25,2020-09-30,-0.0212765957446808,168.4409375,1610709.359375
2020-06-30,CME,USD,1156375,2020-08-05,2020-08-05 11:45:01,2020,Q2,1182300000.0,217000000.0,965300000.0,0.8164594435,49100000,155700000.0,0.0,155700000.0,172100000.0,327800000.0,544800000.0,0.0,41900000.0,113300000.0,750800000.0,0.6350334095,637500000.0,0.5392032479,23800000.0,661300000.0,0.5593335025,158000000.0,503300000.0,0.4256956779,1.41,1.4,357691000,358457000,https://www.sec.gov/Archives/edgar/data/1156375/000115637520000079/0001156375-20-000079-index.htm,https://www.sec.gov/Archives/edgar/data/1156375/000115637520000079/cme-20200630.htm,3.3053669228468148,1.407080412982155,2.758805784881364,2.657041971981403,4.17539160895857,75.03375818793316,-16.803889390563363,74.94709120441945,9.73689581230727,58139095140.0,60174595140.0,28.87894652294854,49.17457087033747,58.91679685853263,61.17329034090909,2.168729931848448,2.168729931848448,50.89621512306521,80.14730306339904,60.979524868261045,63.31502013888889,0.0086568254766959,0.0163470036420659,0.1283539553639039,0.0293555080075212,2.7111081513052744,1.0197602535616586,15.214797136038186,1.9606596463341943,0.0052288395488089,0.6040135108285317,0.1316924638416645,0.041529222701514,0.280250446189389,0.0368869071747061,0.0307874481941977,0.3212709620476611,0.0189461219656601,48.71111927459509,0.0130914205972072,0.0059657228742148,-136.31996611600516,1584800000.0,-6010600000.0,-8589700000.0,34972900000.0,665900000.0,81150000.0,89910950000.0,40.5049479827455,36.49769585253456,32949.87096774194,2.221950761135125,2.465909090909091,0.0027314219253881,0.0187743165260986,0.1017638128999611,2020-07-29,1.62,bmo,1175046625.0,2025-04-25,2020-06-30,0.0061728395061727,179.24714285714285,2050143.873015873
2020-03-31,CME,USD,1156375,2020-05-06,2020-05-06 13:18:36,2020,Q1,1522100000.0,207500000.0,1314600000.0,0.8636751856,47700000,163300000.0,191400000.0,354700000.0,-76800000.0,354700000.0,562200000.0,0.0,40900000.0,112600000.0,1072500000.0,0.704618619,959900000.0,0.6306418764,29400000.0,989300000.0,0.6499572958,222500000.0,766200000.0,0.5033834833,2.14,2.14,357524000,358455000,https://www.sec.gov/Archives/edgar/data/1156375/000115637520000039/0001156375-20-000039-index.htm,https://www.sec.gov/Archives/edgar/data/1156375/000115637520000039/cme-202033110q.htm,4.257336570412056,2.1430729125876864,2.117620075855048,1.9979078327608777,2.5989863617547355,74.39696356048825,-17.668743916492318,74.31025609469575,10.015271702039584,61819474840.0,64507574840.0,20.17080228399896,40.61459486236121,81.65298486329414,86.5455338653227,2.326865887525077,2.326865887525077,42.38064177123711,60.14692292773893,85.20350659093911,90.308798600028,0.0123941525220501,0.0115546112588102,0.1332369757261637,0.0256633145390891,2.5063869463869466,1.01348688865425,23.46943765281173,0.9873500260824204,0.0193725359702521,1.563038371182459,0.1072859864660666,0.031338282635832,0.2386366355088692,0.0565315017831197,0.0281190460547927,0.3801065719360568,0.0151764010248998,59.85964150986807,0.0201478091266617,0.0072959893959621,-166.7484560477059,1362900000.0,-6317000000.0,-8917000000.0,34817000000.0,645750000.0,68100000.0,68728700000.0,47.285329479009256,32.22650602409639,43536.62168674699,1.903338752032012,2.7927321668909824,0.0020672251661501,0.0288395307083413,0.1197122430941699,2020-04-29,2.23,bmo,1456773819.0,2025-04-25,2020-03-31,0.0448430493273543,199.03709677419357,2360228.290322581
2019-12-31,CME,USD,1156375,2020-02-28,2020-02-28 14:00:27,2019,Q4,1138400000.0,217600000.0,920800000.0,0.8088545327,53100000,144200000.0,203600000.0,347800000.0,-99000000.0,347800000.0,565400000.0,0.0,42000000.0,116100000.0,757400000.0,0.665319747,573000000.0,0.5033380183,51100000.0,624100000.0,0.5482255798,155100000.0,469500000.0,0.4124209417,1.31,1.31,357456000,358354000,https://www.sec.gov/Archives/edgar/data/1156375/000115637520000013/0001156375-20-000013-index.htm,https://www.sec.gov/Archives/edgar/data/1156375/000115637520000013/cme-2019123110k.htm,3.184727630813303,1.3134483684705252,2.013394655566,1.8276375274159613,4.57287050713934,73.1818741327604,-19.236493442549573,73.09682870059532,10.589275323396446,71748568320.0,73940368320.0,38.204775463258784,63.025797891777934,99.69232780325136,109.82484053268024,2.74594676086632,2.74594676086632,64.95113169360506,97.623934935305,102.73776340141724,113.1798076228379,0.0065436845778722,0.0091054081676761,0.1432589967430699,0.0497664703856795,2.893847372590441,1.0271347913557012,13.642857142857142,1.53454157782516,0.0037366599261502,0.5710330138445154,0.1266690091356289,0.0466444132115249,0.4392125006481394,0.0922606641656245,0.0583274771609276,0.5719207579672696,0.0020203794799718,46.47795696818271,0.0117193784565185,0.0111309204880061,-79.76338346537756,1045300000.0,-6876200000.0,-9488200000.0,34624800000.0,518750000.0,61700000.0,39123850000.0,38.880885453267744,25.60202205882353,15336.934742647058,2.3147620984139894,3.515347334410339,0.0058681869298001,0.0179686094707392,0.185757128150038,2020-02-12,1.54,bmo,1153378947.0,2025-04-25,2019-12-31,-0.0129870129870129,205.14546875,1253165.921875
2019-09-30,CME,USD,1156375,2019-11-06,2019-11-06 17:30:29,2019,Q3,1277300000.0,223500000.0,1053800000.0,0.8250215298,52700000,141500000.0,227100000.0,368600000.0,-139500000.0,368600000.0,592100000.0,0.0,42800000.0,121200000.0,806400000.0,0.6313317153,685200000.0,0.5364440617,38000000.0,723200000.0,0.5661943161,86900000.0,636300000.0,0.4981601816,1.78,1.78,357211000,358369000,https://www.sec.gov/Archives/edgar/data/1156375/000115637519000114/0001156375-19-000114-index.htm,https://www.sec.gov/Archives/edgar/data/1156375/000115637519000114/cme-201993010q.htm,3.5757577454221736,1.7813001279355898,2.268127241322356,2.1068780076761358,3.611870855040858,75.06291799524651,-17.629916211986753,74.97865407280291,10.96298826183964,75492972740.0,78156172740.0,29.66091966839541,59.103556517654425,93.1781939521106,100.3095571884135,2.8186688946802474,2.8186688946802474,61.188579613246695,96.9198570684524,96.4652835596149,103.84822314642572,0.0084285990722796,0.0099691398110917,0.1446167746945846,0.0487713051011362,3.302579365079365,1.042439786703568,16.009345794392523,1.2732987584472732,0.0035486746683384,0.421027817067421,0.1107805527284114,0.041258905503797,0.4169214380691434,0.0710935571463836,0.0450951225240742,0.4752475247524752,0.0112737806310185,54.81868693317315,0.0160746717060999,0.0137409921242498,-84.88435406524435,1778800000.0,-6297600000.0,-8912000000.0,35407000000.0,569700000.0,56550000.0,36830000000.0,38.45063806466766,24.76510067114094,16577.073825503354,2.3406633681509987,3.6341463414634143,0.0054291849663803,0.0237574300307655,0.1612492336462203,2019-10-30,1.76,bmo,1183183157.0,2025-04-25,2019-09-30,0.0795454545454544,208.9428125,1259466.546875
2019-06-30,CME,USD,1156375,2019-08-07,2019-08-07 14:54:09,2019,Q2,1272700000.0,227300000.0,1045400000.0,0.8214033158,48600000,135100000.0,211700000.0,346800000.0,-134500000.0,346800000.0,574100000.0,0.0,45100000.0,122400000.0,821000000.0,0.6450852518,698600000.0,0.5489117624,3500000.0,702100000.0,0.5516618213,187500000.0,513800000.0,0.4037086509,1.44,1.43,357060000,358155000,https://www.sec.gov/Archives/edgar/data/1156375/000115637519000087/0001156375-19-000087-index.htm,https://www.sec.gov/Archives/edgar/data/1156375/000115637519000087/cme-201963010q.htm,3.5643869377695627,1.438973841931328,1.326667786926567,1.1236206799977595,2.8552624208816444,74.17492858343135,-19.028734666442613,74.09174928583431,11.533075673556263,70194425400.0,73329625400.0,34.154547197353054,55.15394468452895,148.18329195693477,174.96117996011964,2.653331874262905,2.653331874262905,57.61736890076216,89.31744872107187,154.80182689465906,182.77573629112663,0.0073196695759261,0.0057155535886757,0.153954610057758,0.0578952231359142,3.8187576126674783,1.0463857269080938,15.490022172949002,0.9205207928488146,0.0038151177742955,0.5212144803425457,0.1061522746916005,0.038186532568555,0.4730566670694177,0.1530504538737597,0.0569655064037086,0.5923202614379085,0.0299363557790524,48.97817886894243,0.0136670144378023,0.0138601895862444,-73.2454629474038,1527700000.0,-6794400000.0,-9402200000.0,35307400000.0,576600000.0,58450000.0,33056900000.0,41.98397108509468,20.43114826220853,12865.921689397272,2.143675256863736,4.405038759689923,0.0069952236748159,0.0194215125948773,0.2030471069288074,2019-07-31,1.76,bmo,1279931250.0,2025-04-25,2019-06-30,0.0,184.3488888888889,1555352.650793651
2019-03-31,CME,USD,1156375,2019-05-08,2019-05-08 17:25:00,2019,Q1,1179600000.0,230300000.0,949300000.0,0.8047643269,47100000,127000000.0,191300000.0,318300000.0,-161900000.0,318300000.0,548600000.0,0.0,48100000.0,113600000.0,744600000.0,0.6312309257,631000000.0,0.5349270939,9200000.0,640200000.0,0.5427263479,144300000.0,496900000.0,0.4212444897,1.39,1.39,356886000,358047000,https://www.sec.gov/Archives/edgar/data/1156375/000115637519000039/0001156375-19-000039-index.htm,https://www.sec.gov/Archives/edgar/data/1156375/000115637519000039/cme-201933110q.htm,3.305257140935761,1.3923213575203286,1.875108578089362,1.7375296313108388,3.025616023043773,73.37497127934411,-20.22970920686157,73.29399303979422,12.161026210050268,59439363300.00001,62733963300.00001,29.905093228013687,50.38942293997966,88.82152316198446,95.85448040638607,2.272355388109001,2.272355388109001,53.1824036113937,84.25189806607575,93.74471503287508,101.16749443638123,0.0083597799911157,0.0104324805242319,0.1640823317123895,0.0599319970117783,4.424657534246576,1.0379707719800482,13.11850311850312,1.349465618068159,0.0150085726103327,1.7953310525256592,0.1076636147846727,0.0399287894201424,0.4664725718953564,0.073371189479976,0.0416242794167514,0.4322183098591549,0.0155137334689725,47.91761489747967,0.0130814412970768,0.0130050277034047,-75.9863794040674,1302500000.0,-7219700000.0,-9822800000.0,35176400000.0,556400000.0,90650000.0,36538600000.0,42.688199389623605,25.5188884064264,13138.593139383413,2.1083109919571044,3.5267993874425727,0.0068500484827573,0.0189963911062176,0.1375789467785231,2019-05-01,1.6,bmo,1165037037.0,2025-04-25,2019-03-31,0.0125,176.78819672131146,1875622.606557377
2018-12-31,CME,USD,1156375,2019-02-28,2019-02-28 16:41:26,2018,Q4,1236600000.0,205500000.0,1031100000.0,0.8338185347,41800000,107000000.0,274200000.0,381200000.0,-154400000.0,381200000.0,586700000.0,0.0,49500000.0,32900000.0,815400000.0,0.6593886463,649900000.0,0.5255539382,20600000.0,670500000.0,0.5422125182,283500000.0,385500000.0,0.3117418729,1.1,1.09,350921000,352132000,https://www.sec.gov/Archives/edgar/data/1156375/000115637519000010/0001156375-19-000010-index.htm,https://www.sec.gov/Archives/edgar/data/1156375/000115637519000010/cme-2018123110k.htm,3.5238700448249034,1.0985378475497334,1.4544584108674032,1.295448263284329,4.124575046805407,73.99186711539065,-21.41621618540925,73.85850376580484,12.682341609650036,66015258520.0,69041758520.0,42.81145169909209,53.38448853307456,129.34024004702195,145.2161428068632,2.5470323714721146,2.5470323714721146,55.83192505256348,84.67225719892078,135.26990305642633,151.8736439067312,0.005839559045023,0.0068862867493319,0.1698014931419642,0.0568049078614326,3.711675251410351,1.014879120772619,13.12929292929293,1.3188630490956073,0.0037839736691225,0.6479896238651103,0.086527575610545,0.0338023613132783,0.4321445304785887,0.1093260188087774,0.0451237263464337,0.6071817192600653,0.0371987708232249,42.726667777606416,0.0101994998848228,0.008762359359018,-85.26000153880788,614100000.0,-7515400000.0,-9623700000.0,34543500000.0,469800000.0,84950000.0,39461500000.0,40.26928675400291,50.8029197080292,17280.43795620438,2.2349539128863185,1.771551724137931,0.0052082013330967,0.0148735459227964,0.1590101475830742,2019-02-14,1.75,bmo,1201667796.0,2025-04-25,2018-12-31,0.0114285714285714,184.66619047619048,2201048.603174603
2018-09-30,CME,USD,1156375,2018-11-02,2018-11-02 17:01:08,2018,Q3,904200000.0,144900000.0,759300000.0,0.8397478434,24700000,103900000.0,99000000.0,202900000.0,-141700000.0,202900000.0,354300000.0,0.0,45000000.0,30200000.0,603800000.0,0.6677726167,549900000.0,0.6081619111,11900000.0,561800000.0,0.6213227162,150000000.0,411800000.0,0.4554302146,1.21,1.21,339586000,341035000,https://www.sec.gov/Archives/edgar/data/1156375/000115637518000128/0001156375-18-000128-index.htm,https://www.sec.gov/Archives/edgar/data/1156375/000115637518000128/cme-201893010q.htm,2.662653937441473,1.2126530540128273,1.7156184294994494,1.6234473741555897,4.385045319889513,68.60029565412002,-10.945680917352306,68.60029565412002,10.202422950298304,59172860500.0,61186160500.0,35.92330044924721,65.44222572439726,101.5668734981119,107.333322147651,2.5400765162669505,2.5400765162669505,67.66883488166334,101.33514491553494,105.02258925506352,110.98523580627608,0.0069592714720965,0.0093167711572774,0.1467910386895435,0.048598646184631,3.334382245776747,1.0880822768719485,12.22,1.4147644487615347,0.0040153543025015,0.5769791160757649,0.114908206149082,0.0273169652731696,0.3838988916222903,0.0537246824579471,0.0346162353461623,0.5807050092764379,0.0183587701835877,43.2635881047898,0.0125140418283406,0.0094991165221884,-75.25803478353053,3360700000.0,-3717000000.0,-5553600000.0,30736100000.0,410100000.0,40850000.0,38993350000.0,38.45056403450564,33.47826086956522,24513.043478260868,2.3406678747087755,2.688311688311688,0.0036715147215324,0.017677082036599,0.0921710553438598,2018-10-25,1.43,bmo,891728275.0,2025-04-25,2018-09-30,0.013986013986014,168.35031746031746,1269761.2857142857
2018-06-30,CME,USD,1156375,2018-08-01,2018-08-01 14:12:03,2018,Q2,1059600000.0,150800000.0,908800000.0,0.8576821442,25200000,111300000.0,124700000.0,236000000.0,-155300000.0,236000000.0,392700000.0,0.0,33100000.0,27500000.0,718000000.0,0.677614194,666900000.0,0.6293884485,89900000.0,756800000.0,0.7142317856,190700000.0,566100000.0,0.5342582106,1.67,1.66,339465000,340872000,https://www.sec.gov/Archives/edgar/data/1156375/000115637518000083/0001156375-18-000083-index.htm,https://www.sec.gov/Archives/edgar/data/1156375/000115637518000083/cme-201863010q.htm,3.121382174892846,1.6676240554990942,1.5400704049018308,1.5064881504720664,3.475468752301416,68.11777355544754,-11.54669848143402,68.11777355544754,10.16923688745526,55645102799.99999,57965202799.99999,24.573883942766297,52.51519705549264,106.43669242540167,108.80935236605396,2.4064204016675603,2.4064204016675603,54.704796904492255,80.73148022284121,110.8745271614384,113.3461141963238,0.0101734019979202,0.0091903864718891,0.1478576000276773,0.0494080142429186,3.2313370473537604,1.0839411935577574,20.14803625377644,0.9235117470411588,0.0042717146350567,0.4198904787140081,0.105039637599094,0.0237825594563986,0.390803086158386,0.021805661820964,0.0107587768969422,0.223091976516634,0.0152887882219705,50.55574992255925,0.0155795708411036,0.0134286934244235,-74.55886468413533,3120900000.0,-3919700000.0,-5775200000.0,30544200000.0,439000000.0,26400000.0,39050950000.0,36.85447338618346,16.591511936339522,22989.80769230769,2.442037335791657,5.424460431654676,0.0039147782880373,0.0244814821221609,0.0335822544297644,2018-07-26,1.72,bmo,1047420689.0,2025-04-25,2018-06-30,0.0116279069767441,163.33234375,1590749.890625
2018-03-31,CME,USD,1156375,2018-05-03,2018-05-03 16:50:56,2018,Q1,1109000000.0,152700000.0,956300000.0,0.8623083859,0,131700000.0,77800000.0,209500000.0,-118600000.0,209500000.0,368100000.0,0.0,30100000.0,28100000.0,792700000.0,0.7147880974,740900000.0,0.6680793508,47800000.0,788700000.0,0.7111812444,189900000.0,598800000.0,0.5399458972,1.76,1.76,339305000,340747000,https://www.sec.gov/Archives/edgar/data/1156375/000115637518000047/0001156375-18-000047-index.htm,https://www.sec.gov/Archives/edgar/data/1156375/000115637518000047/cme-201833110q.htm,3.2684457936075213,1.7647838964943046,2.431440739157985,2.3778016828517115,2.578800783955438,67.11601656326904,-12.655575367294912,67.11601656326904,6.67128394807032,54879190700.0,56328090700.0,22.912153765865064,49.48529368800721,66.52023115151515,68.02081147744174,2.4098569653270565,2.4098569653270565,50.791786023444544,71.0585223918254,68.27647357575758,69.81667166584036,0.010911239622198,0.0147013829779381,0.098077531089721,0.031943969690772,1.8278037088431944,1.040803340321914,24.61461794019933,1.377755511022044,0.0259624819868198,2.379425517702071,0.1187556357078449,0.0,0.3871162897797889,0.022060606060606,0.0164111812443642,0.3513513513513513,0.0159603246167718,51.623816864150015,0.0184586562613733,0.0139735464058022,-77.06289326711955,1609500000.0,-4294100000.0,-6091700000.0,29063600000.0,401900000.0,28150000.0,41883250000.0,36.04057709648332,14.73477406679764,23328.80157170923,2.497185318621932,6.108,0.0038578921306074,0.0262945268039064,0.0536390563062731,2018-04-26,1.83,bmo,1091112903.0,2025-04-25,2018-03-31,0.0163934426229508,159.18918032786885,1804272.049180328
2017-12-31,CME,USD,1156375,2018-03-01,2018-02-28 18:15:07,2017,Q4,900000000.0,145400000.0,754600000.0,0.8384444444,101600000,114900000.0,102400000.0,217300000.0,-106700000.0,217300000.0,362700000.0,0.0,29100000.0,27900000.0,576700000.0,0.6407777778,537300000.0,0.597,37400000.0,574700000.0,0.6385555556,-2364500000.0,2939200000.0,3.2657777778,8.67,8.63,339153000,340490000,https://www.sec.gov/Archives/edgar/data/1156375/000115637518000026/0001156375-18-000026-index.htm,https://www.sec.gov/Archives/edgar/data/1156375/000115637518000026/cme-2017123110k.htm,2.653669582754686,8.66629515292508,1.5043358012460453,1.4191235224220338,5.878467830153353,66.08167994975719,-13.795543604214028,66.08167994975719,6.670145922341834,49533295650.00001,49862795650.00001,4.213161374693795,55.03699516666668,97.0860361622893,102.91563608975692,2.2101435694589457,2.2101435694589457,55.40310627777779,86.46227787411134,97.73186132889064,103.60024028672348,0.0593378647923661,0.0097166964903939,0.0996394756333717,0.0294638427680258,0.5713542569793654,1.0270094519945088,18.46391752577319,0.1735846488840501,0.0045201918641163,0.0761771910724006,0.1276666666666666,0.1128888888888888,0.3574372750398463,0.0566444531556252,0.0321111111111111,0.560077519379845,0.0168888888888888,113.51376660797078,0.0912376997618418,0.0603524391896609,-85.57575784380501,1233600000.0,-4678800000.0,-6472900000.0,28723900000.0,375000000.0,33700000.0,45588800000.0,35.97,19.37414030261348,27349.9105914718,2.5020850708924103,4.645367412140575,0.0032906871742412,0.1311452002962725,0.0852122788240115,2018-02-01,1.1,bmo,875892857.0,2025-04-25,2017-12-31,0.0181818181818181,142.4168253968254,1321686.2857142857
2017-09-30,CME,USD,1156375,2017-11-02,2017-11-02 15:59:39,2017,Q3,890800000.0,147800000.0,743000000.0,0.8340817243,0,106400000.0,69000000.0,175400000.0,-105300000.0,175400000.0,322900000.0,0.0,29100000.0,26900000.0,618600000.0,0.6944319713,567900000.0,0.6375168388,39700000.0,607300000.0,0.6817467445,298700000.0,308600000.0,0.3464301751,0.91,0.91,338771000,340329000,https://www.sec.gov/Archives/edgar/data/1156375/000115637517000108/0001156375-17-000108-index.htm,https://www.sec.gov/Archives/edgar/data/1156375/000115637517000108/cme-201793010q.htm,2.6295048867819264,0.9109398384159212,1.497176558796355,1.4517181222713869,5.074519365589144,61.58703076709636,-18.45022153608189,61.58703076709636,6.6761912914623744,45964449280.0,46565949280.0,37.2362680492547,51.59906744499327,90.6239141955836,93.46166994713298,2.203061233997479,2.203061233997479,52.27430318814549,75.27634865826059,91.80983690851735,94.684728100854,0.0067138844222871,0.0106995734247596,0.1070077981585417,0.0285050368346462,0.972356935014549,1.0459415962560616,19.51546391752577,1.643551523007129,0.004862453559239,0.7242384964355152,0.1194431971261787,0.0,0.34618566704544,0.0303627760252365,0.0172878311629995,0.3037475345167653,0.0169510552312528,35.52881642763575,0.009279062933664,0.0060263197464493,-94.31481738401456,2169500000.0,-6250400000.0,-8066600000.0,29672700000.0,403350000.0,30800000.0,47213650000.0,39.43309384822632,21.982408660351823,28615.067658998647,2.282346912631309,4.094182825484765,0.0031451961278762,0.0147910985002803,0.0454584365249681,2017-10-26,1.16,bmo,868342857.0,2025-04-25,2017-09-30,0.0258620689655172,126.32714285714285,1217932.825396825
2017-06-30,CME,USD,1156375,2017-08-02,2017-08-02 16:38:35,2017,Q2,924600000.0,145700000.0,778900000.0,0.8424183431,0,98900000.0,74800000.0,173700000.0,-83500000.0,173700000.0,319000000.0,0.0,29000000.0,28800000.0,658000000.0,0.7116590958,605600000.0,0.6549859399,32100000.0,637300000.0,0.6892710361,221500000.0,415800000.0,0.4497079818,1.23,1.22,338556000,340020000,https://www.sec.gov/Archives/edgar/data/1156375/000115637517000080/0001156375-17-000080-index.htm,https://www.sec.gov/Archives/edgar/data/1156375/000115637517000080/cme-201763010q.htm,2.7310105270619927,1.2281572324814802,0.8988173300724253,0.8468318387504579,4.272852940133981,61.36887250558253,-18.7895060196836,61.36887250558253,6.678658774323893,42400753440.0,43270553440.0,25.493478499278496,45.85848306294614,139.3386573775879,147.89240823160097,2.0407740094721034,2.0407740094721034,46.799214189919965,65.76071951367781,142.19702083470258,150.92624150680157,0.0098064295151826,0.0067616722991892,0.1074323283662546,0.0284185384460644,1.3218844984802431,1.0383326061053586,20.882758620689657,0.7318422318422318,0.0052711327480599,0.5375180375180375,0.1069651741293532,0.0,0.3455154958125275,0.0578376602037463,0.0190352584901579,0.3333333333333333,0.0138438243564784,41.18056645897083,0.0127976644770356,0.008088597178912,-95.37742648188188,1827300000.0,-6361300000.0,-8270100000.0,29364900000.0,421500000.0,31950000.0,45943100000.0,40.53212199870214,15.751544269045985,29300.9608785175,2.2204610951008648,5.713725490196079,0.003071571624328,0.0200127064803049,0.0519854913219674,2017-08-01,1.21,bmo,909565853.0,2025-04-25,2017-06-30,0.0165289256198347,119.59761904761903,1402757.0
2017-03-31,CME,USD,1156375,2017-05-04,2017-05-04 14:59:24,2017,Q1,929300000.0,148900000.0,780400000.0,0.8397718713,0,101200000.0,78300000.0,179500000.0,-34100000.0,179500000.0,328100000.0,0.0,29800000.0,29400000.0,654300000.0,0.7040783385,601200000.0,0.6469385559,106100000.0,707000000.0,0.7607876897,307200000.0,399800000.0,0.4302162918,1.18,1.18,338339000,339946000,https://www.sec.gov/Archives/edgar/data/1156375/000115637517000045/0001156375-17-000045-index.htm,https://www.sec.gov/Archives/edgar/data/1156375/000115637517000045/cme-201733110q.htm,2.746653504325544,1.181655085579847,1.533077771111223,1.4739654606770134,4.063675780799731,60.75031255634142,-19.53041180591064,60.75031255634142,6.683828940796065,40194673200.0,41138473200.0,25.13423786893447,43.25263445604218,77.49117640254482,80.598903549228,1.9555454943515191,1.9555454943515191,44.26823759819219,62.87402292526364,79.31072527472527,82.49142410266694,0.0099465916294599,0.0124071166723654,0.1085714841735509,0.0295670146801632,1.442457588262265,1.0349002785415848,20.174496644295303,1.2973986993496749,0.0329048576516353,3.308154077038519,0.1088991714193478,0.0,0.3598773119932164,0.0385579332947754,0.0215215753793177,0.3745318352059925,0.0160335736575917,40.18934069019094,0.0110843844386376,0.0082750512792384,-91.628071253979,1563700000.0,-6607900000.0,-8553300000.0,29137400000.0,395500000.0,32300000.0,41012350000.0,41.31496825567631,23.2102081934184,26867.75016789792,2.178387248007501,3.8776041666666665,0.0033497408393924,0.019451012445145,0.0591123104342094,2017-04-27,1.2,bmo,914065573.0,2025-04-25,2017-03-31,0.0166666666666666,120.27016129032258,1561591.5322580645
2016-12-31,CME,USD,1156375,2017-02-27,2017-02-27 16:01:59,2016,Q4,912900000.0,153700000.0,759200000.0,0.8316354475,0,112500000.0,106500000.0,219000000.0,-12700000.0,219000000.0,372700000.0,0.0,31600000.0,33700000.0,622200000.0,0.6815642458,540200000.0,0.5917406069,54000000.0,594200000.0,0.6508927593,220800000.0,373400000.0,0.4090261803,1.1,1.1,338083000,339338000,https://www.sec.gov/Archives/edgar/data/1156375/000115637517000016/0001156375-17-000016-index.htm,https://www.sec.gov/Archives/edgar/data/1156375/000115637517000016/cme-2016123110k.htm,2.7002245010840533,1.1044625136430994,1.509688449286122,1.4242064818402582,5.773434334172378,60.16481159951846,-20.247690655844867,60.16481159951846,6.693031001263003,38997874050.0,39360474050.0,26.109985303963576,42.71867022674992,76.40649304467084,80.99246947040498,1.9172336276529325,1.9172336276529325,43.11586597655822,63.26016401478624,77.11691624216301,81.74553281412254,0.0095748809158482,0.0123468268906827,0.1096914068837355,0.0321640377457495,0.5827708132433301,1.0278824822316257,17.09493670886076,1.3668987680771292,0.0052028477177975,0.5433851098018211,0.1232336510023003,0.0,0.3919033464322886,0.0566222570532915,0.031657355679702,0.5,0.0261803045240442,38.66678197977591,0.0111579083169596,0.0088518442132313,-82.86944330238433,1085900000.0,-6845400000.0,-8997200000.0,28697200000.0,380050000.0,30350000.0,34605050000.0,35.9250739401906,15.341574495770985,22001.398828887443,2.505214050493963,5.866412213740458,0.0040906489946371,0.0183572836726366,0.0854819674458638,2017-02-02,1.11,bmo,888876315.0,2025-04-25,2016-12-31,0.0270270270270268,111.28142857142856,1670598.857142857
2016-09-30,CME,USD,1156375,2016-11-04,2016-11-04 16:25:57,2016,Q3,841700000.0,137500000.0,704200000.0,0.8366401331,0,101900000.0,77000000.0,178900000.0,-10500000.0,178900000.0,316400000.0,0.0,31100000.0,31200000.0,556500000.0,0.6611619342,525300000.0,0.6240940953,23500000.0,548800000.0,0.6520137816,76000000.0,472800000.0,0.5617203279,1.4,1.39,337592000,339143000,https://www.sec.gov/Archives/edgar/data/1156375/000115637516000255/0001156375-16-000255-index.htm,https://www.sec.gov/Archives/edgar/data/1156375/000115637516000255/cme-201693010q.htm,2.493246285457001,1.4005071210218252,1.369700703808147,1.300682480627503,4.454489442877794,62.98994051991753,-17.610903101969242,62.98994051991753,6.699803312874713,35285115840.0,36095315840.0,18.65752741116751,41.92124966139955,76.30864152249136,80.35781334547939,1.659312568598959,1.659312568598959,42.88382540097422,64.86130429469901,78.06080415224913,82.20295112730585,0.0133994175375222,0.0124443406106726,0.1049005638399428,0.0352672593290572,1.455884995507637,1.0592603743288675,16.890675241157556,0.9780033840947546,0.0057417977857487,0.4285109983079526,0.1210645122965427,0.0,0.4301919486239808,0.0503892733564013,0.0276820719971486,0.4221014492753623,0.0146132826422715,44.55223738090971,0.0144286885396683,0.0131183565429468,-72.1803982321856,1889600000.0,-5945300000.0,-8210400000.0,29526500000.0,411350000.0,35050000.0,33902600000.0,42.310799572294165,22.581818181818186,20707.592727272728,2.1271165024008085,3.985507246376811,0.0043462318959685,0.0222338219319159,0.069018223180644,2016-10-27,1.04,bmo,833683809.0,2025-04-25,2016-09-30,0.0096153846153846,104.3921875,1296307.15625
2016-06-30,CME,USD,1156375,2016-08-04,2016-08-04 15:37:39,2016,Q2,906400000.0,138000000.0,768400000.0,0.847749338,0,113900000.0,91200000.0,205100000.0,-10400000.0,205100000.0,343100000.0,0.0,31000000.0,30400000.0,593700000.0,0.6550088261,563300000.0,0.6214695499,2800000.0,566100000.0,0.6245586937,246000000.0,320100000.0,0.3531553398,0.95,0.95,337289000,338706000,https://www.sec.gov/Archives/edgar/data/1156375/000115637516000195/0001156375-16-000195-index.htm,https://www.sec.gov/Archives/edgar/data/1156375/000115637516000195/cme-201663010q.htm,2.687309695839473,0.949037768797678,0.6626364927406467,0.6051190522074541,3.679040822558696,62.48024690991998,-18.26415922250651,62.48024690991998,6.704043120291501,32851948600.000004,33921048600.000004,25.657566854108097,36.24442696381289,146.98858434004475,160.9600617344439,1.558892687162794,1.558892687162794,37.42392828773169,57.13499848408288,151.77202953020137,166.1981803037727,0.009743714258703,0.0062127212752305,0.1058275876795467,0.0329786353097052,1.8007411150412669,1.044135332978215,18.170967741935485,0.6982193064667291,0.0061609739642658,0.6323024054982818,0.1256619593998234,0.0,0.4027202716131169,0.0868008948545861,0.0214033539276257,0.3566176470588235,0.0154457193292144,36.52619016171363,0.010206972619126,0.0079249543219596,-79.77209455392853,1607400000.0,-6160300000.0,-8524500000.0,29279500000.0,408150000.0,33900000.0,36848950000.0,42.39849955869373,23.217391304347828,23588.217391304348,2.1227166276346603,3.8764044943820224,0.0038154642424644,0.015189404903696,0.0575174405331926,2016-07-28,1.11,bmo,882547368.0,2025-04-25,2016-06-30,0.0270270270270268,94.5028125,1744480.4375
2016-03-31,CME,USD,1156375,2016-05-04,2016-05-04 16:06:07,2016,Q1,934200000.0,138600000.0,795600000.0,0.8516377649,0,109400000.0,112300000.0,221700000.0,-10000000.0,221700000.0,360300000.0,0.0,29800000.0,33900000.0,658900000.0,0.7053093556,573900000.0,0.6143224149,4600000.0,578500000.0,0.619246414,210700000.0,367800000.0,0.3937058446,1.09,1.09,337014000,338549000,https://www.sec.gov/Archives/edgar/data/1156375/000115637516000149/0001156375-16-000149-index.htm,https://www.sec.gov/Archives/edgar/data/1156375/000115637516000149/cme-201633110q.htm,2.771991668001923,1.0913493207997291,1.542072436159922,1.4821342733536291,3.63545728070644,61.84134783718184,-19.040158569080216,61.84134783718184,6.704765974113835,32370194700.0,33453994700.0,22.00257932300163,34.65017630057803,62.28630883201847,64.8051945945946,1.5531679589662883,1.5531679589662883,35.81031331620638,50.77249157687054,64.37174273619395,66.97496436436437,0.01136230422488,0.0154308617735932,0.1069889738693178,0.0324248707978397,1.644862649870997,1.0371273591012495,19.258389261744966,1.4129961935834692,0.0364316622414384,3.206362153344209,0.1171055448512096,0.0,0.3963779770300807,0.0388685780257841,0.0216227788482123,0.3488773747841105,0.0171269535431385,38.96840440135553,0.0118005893222036,0.0088605155384244,-82.02915902603452,1405200000.0,-6416800000.0,-8673500000.0,29113200000.0,373550000.0,30450000.0,36557150000.0,37.50481695568401,20.90909090909091,24369.675324675325,2.39969175443103,4.304347826086956,0.003693114446579,0.0176475668621109,0.0599381628062929,2016-04-28,1.15,bmo,895274999.0,2025-04-25,2016-03-31,0.0,90.9788524590164,1912963.098360656
2015-12-31,CME,USD,1156375,2016-02-26,2016-02-26 17:37:16,2015,Q4,813800000.0,141000000.0,672800000.0,0.8267387565,0,104000000.0,98900000.0,202900000.0,-800000.0,202900000.0,343900000.0,0.0,28900000.0,31700000.0,538800000.0,0.6620791349,469900000.0,0.5774145982,-1400000.0,468500000.0,0.5756942738,176800000.0,291700000.0,0.3584418776,0.87,0.86,336844000,338253000,https://www.sec.gov/Archives/edgar/data/1156375/000115637516000116/0001156375-16-000116-index.htm,https://www.sec.gov/Archives/edgar/data/1156375/000115637516000116/cme-2015123110k.htm,2.415955160252224,0.8659795038652908,1.1106031278574058,1.039650401966489,5.240111149374785,61.012813052926575,-19.98076260821033,61.012813052926575,6.739915212976927,30518066400.0,31066866400.0,26.15535344532053,37.50069599410174,81.57729591018443,87.14467846944602,1.484933991183254,1.484933991183254,38.175063160481685,57.65936599851521,83.04428334669873,88.71178298115362,0.0095582726695948,0.0114751699996301,0.1090610068217869,0.0332692607408177,1.0185597624350409,1.0293283004521447,16.259515570934255,1.282482002056908,0.0055213196600162,0.5776482687692835,0.1277955271565495,0.0,0.4049516486941807,0.0638866613205025,0.0293683951830916,0.4245115452930728,0.0191693290734824,34.479073732954014,0.0095777547896781,0.0072762557590179,-80.13724454049947,1080000000.0,-6730400000.0,-8915200000.0,28853900000.0,360800000.0,33400000.0,42469100000.0,39.569918898992384,18.31914893617021,22713.82978723404,2.274455002794858,4.912891986062718,0.0039623436841365,0.0141934039840792,0.0709527258909168,2016-02-05,0.9,bmo,796108695.0,2025-04-25,2015-12-31,0.0222222222222222,94.11203125,1388273.640625
2015-09-30,CME,USD,1156375,2015-11-06,2015-11-06 14:46:29,2015,Q3,850300000.0,143500000.0,706800000.0,0.8312360343,0,105400000.0,85000000.0,190400000.0,-800000.0,190400000.0,333900000.0,0.0,28300000.0,32400000.0,548800000.0,0.6454192638,516400000.0,0.6073150653,0.0,516400000.0,0.6073150653,156500000.0,359900000.0,0.423262378,1.07,1.06,336323000,338139000,https://www.sec.gov/Archives/edgar/data/1156375/000115637515000108/0001156375-15-000108-index.htm,https://www.sec.gov/Archives/edgar/data/1156375/000115637515000108/cme-201593010q.htm,2.5282243557532493,1.0701022528937956,1.378139467119406,1.2901288344835171,4.479919601097754,63.56032742334006,-17.63245451545092,63.56032742334006,6.747977390782076,31190595020.0,31997495020.0,21.666153806612947,36.68187112783723,67.29362463861919,71.88429366213413,1.4590862533213576,1.4590862533213576,37.63083031871104,58.30447343294461,69.03450921251348,73.74393874164554,0.0115387346656652,0.0139112447108423,0.1048426331349874,0.027686362872701,1.470298833819242,1.0375009072800148,18.24734982332156,1.287857738260628,0.0053926512107943,0.4673520422339539,0.1239562507350346,0.0,0.3373333530987182,0.0638619201725997,0.0348112430906738,0.5165794066317626,0.0135246383629307,39.119830205838426,0.0114797708511425,0.0067092199110408,-98.46680125950353,1860000000.0,-5930200000.0,-8114000000.0,29663100000.0,381850000.0,30100000.0,45776550000.0,38.50640950252852,23.89547038327526,30953.22648083623,2.3372732270478287,3.7664041994750654,0.0029076128802185,0.0168360091313947,0.0880106326358887,2015-10-29,0.99,bmo,825291176.0,2025-04-25,2015-09-30,0.0303030303030303,95.0515625,1585723.015625
2015-06-30,CME,USD,1156375,2015-08-05,2015-08-05 15:27:57,2015,Q2,820000000.0,148100000.0,671900000.0,0.8193902439,0,96100000.0,80700000.0,176800000.0,-62900000.0,176800000.0,324900000.0,0.0,28600000.0,33300000.0,528400000.0,0.6443902439,495100000.0,0.6037804878,-47000000.0,448100000.0,0.5464634146,183100000.0,265000000.0,0.3231707317,0.79,0.78,336036000,337796000,https://www.sec.gov/Archives/edgar/data/1156375/000115637515000067/0001156375-15-000067-index.htm,https://www.sec.gov/Archives/edgar/data/1156375/000115637515000067/cme-201563010q.htm,2.440214738897023,0.7886059826923306,0.7701555785689629,0.6829625397278863,3.652287254936971,63.26345986739516,-18.072766013165257,63.26345986739516,6.754038257805711,31271510160.0,32361510160.0,29.50142467924528,38.135988,120.83272859350848,136.25930352941177,1.470991314655578,1.470991314655578,39.46525629268292,61.24434171082513,125.04447511591962,141.0087588671024,0.0084741670179704,0.0073389484174498,0.1054151692475586,0.0304222874139155,2.0628311884935653,1.038237110146444,17.31118881118881,0.9766037735849056,0.005369104310631,0.6335849056603774,0.1171951219512195,0.0,0.3710392313111992,0.1132148377125193,0.0357317073170731,0.5025728987993139,0.023170731707317,33.50408506567504,0.0093752945042348,0.005719687812964,-88.61290159387684,1622500000.0,-6073100000.0,-8349200000.0,29453600000.0,391650000.0,28050000.0,43703050000.0,43.89146341463415,13.430114787305875,25644.773801485484,2.050512628157039,6.701357466063349,0.0035094869893056,0.0124654260823753,0.0871930388410765,2015-07-30,0.92,bmo,794105263.0,2025-04-25,2015-06-30,0.0326086956521738,93.2915873015873,1498450.984126984
2015-03-31,CME,USD,1156375,2015-05-06,2015-05-06 13:11:22,2015,Q1,842700000.0,148900000.0,693800000.0,0.8233060401,0,98100000.0,88400000.0,186500000.0,21700000.0,186500000.0,335400000.0,0.0,31600000.0,31800000.0,539100000.0,0.6397294411,507300000.0,0.601993592,16500000.0,523800000.0,0.6215735137,193400000.0,330400000.0,0.3920730984,0.98,0.98,335680000,337416000,https://www.sec.gov/Archives/edgar/data/1156375/000115637515000046/0001156375-15-000046-index.htm,https://www.sec.gov/Archives/edgar/data/1156375/000115637515000046/cme-201533110q.htm,2.5104265967588177,0.9842707340324118,1.2479146806482364,1.1543732125834127,5.283603431839848,62.844077693040994,-18.65258579599619,62.844077693040994,8.59002621544328,31792252800.0,32949352800.0,24.0558813559322,37.726655749377,75.89461160181428,82.0445233548387,1.5070632504562582,1.5070632504562582,39.09974225703097,61.11918530884808,78.65684602530436,85.03058787096774,0.010392468947655,0.0121885039867322,0.1351899694247588,0.0369760036510546,2.146355036171397,1.0437607566529143,16.053797468354432,1.2678571428571428,0.0263837861782478,2.5387409200968523,0.1164115343538625,0.0,0.354691657029058,0.0749582239197899,0.0372611842885961,0.5537918871252204,0.0174439302242791,37.30617503593321,0.0101156759101158,0.006638323863408,-93.44807554814108,1990900000.0,-6261300000.0,-8546900000.0,29851000000.0,362300000.0,35450000.0,42905000000.0,40.946956212175145,20.55070517125587,27324.096709200807,2.197965571205008,4.379411764705883,0.0032937959837367,0.0156621080325187,0.0935414680648236,2015-04-30,0.95,bmo,816903061.0,2025-04-25,2015-03-31,0.031578947368421,92.63983606557376,1641154.6065573771
2014-12-31,CME,USD,1156375,2015-02-26,2015-02-26 17:22:18,2014,Q4,841100000.0,152500000.0,688600000.0,0.818689811,0,105300000.0,111800000.0,217100000.0,0.0,217100000.0,369600000.0,0.0,28700000.0,31500000.0,550400000.0,0.6543811675,471500000.0,0.5605754369,2300000.0,473800000.0,0.5633099513,167300000.0,306500000.0,0.364403757,0.91,0.91,335197000,336630000,https://www.sec.gov/Archives/edgar/data/1156375/000115637515000014/0001156375-15-000014-index.htm,https://www.sec.gov/Archives/edgar/data/1156375/000115637515000014/cme-2014123110k.htm,2.5092706676969065,0.9143876586007632,1.49911842886422,1.3902272395039337,4.2983678254876985,62.42150138575226,-19.266878880180908,62.42150138575226,6.374162059922971,29715214050.0,30457014050.0,24.23753185154976,35.328990666983714,59.13475432835821,63.7665537553648,1.4201837192630298,1.4201837192630298,36.21093098323624,55.33614471293605,60.61097323383085,65.35839924892704,0.0103145815973013,0.0156822023632705,0.1007431835018042,0.0291785192721635,1.3477470930232558,1.0244177871094502,16.428571428571427,1.639477977161501,0.0053036804559043,0.5141924959216966,0.125193199381762,0.0,0.3790300588996629,0.072636815920398,0.0433955534419212,0.6471631205673759,0.0165259778861015,35.83633123263878,0.0099319165205917,0.006832397826116,-87.46915992684899,1014100000.0,-6458200000.0,-8772700000.0,28904700000.0,343000000.0,35950000.0,36513050000.0,36.5093330162882,21.777049180327868,23962.898360655738,2.4651230949589684,4.132791327913279,0.0037558061068175,0.0146486008554974,0.1088911893602866,2015-02-05,0.93,amc,823392631.0,2025-04-25,2014-12-31,0.0215053763440859,84.74203125,1570212.359375
2014-09-30,CME,USD,1156375,2014-11-03,2014-11-03 15:11:50,2014,Q3,762400000.0,139900000.0,622500000.0,0.8165005247,0,96200000.0,95900000.0,192100000.0,0.0,192100000.0,332000000.0,0.0,28700000.0,32700000.0,463100000.0,0.6074239244,430400000.0,0.5645330535,-1300000.0,429100000.0,0.5628279119,139100000.0,290000000.0,0.3803777545,0.87,0.86,334424000,336172000,https://www.sec.gov/Archives/edgar/data/1156375/000115637514000132/0001156375-14-000132-index.htm,https://www.sec.gov/Archives/edgar/data/1156375/000115637514000132/cme-201493010q.htm,2.279740688467335,0.8671626438293902,0.7003085902925628,0.6201708011386743,3.470743726526804,64.40058129799297,-17.551072889505537,64.40058129799297,6.3882974906107215,26740543040.0,27760343040.0,23.052192275862065,35.07416453305351,114.17823672075149,128.93222295081966,1.2416036996624429,1.2416036996624429,36.411782581322136,59.94459736557978,118.53263467122116,133.8492914175506,0.0108449555256301,0.0077560130207438,0.097863686383032,0.0329481024788065,2.2021161736126107,1.047152896754005,14.996515679442508,0.8075862068965517,0.0058749741830224,0.5417241379310345,0.1261804826862539,0.0,0.4284269418777151,0.1144321093082835,0.0351521511017838,0.4620689655172413,0.01901888772298,35.447567091503416,0.0045643979475309,0.0079313636202025,-74.1655802215152,1538500000.0,-5869500000.0,-8266800000.0,29443800000.0,339850000.0,33550000.0,26274600000.0,40.70304302203567,22.51608291636883,20857.805575411006,2.211136890951276,3.9971428571428578,0.004314931389815,0.0134651369032971,0.0801377891538884,2014-10-30,0.83,bmo,753323809.0,2025-04-25,2014-09-30,0.0120481927710843,75.3609375,1457713.9375
2014-06-30,CME,USD,1156375,2014-08-04,2014-08-04 14:51:49,2014,Q2,731600000.0,148000000.0,583600000.0,0.7977036632,0,101000000.0,70600000.0,171600000.0,1800000.0,171600000.0,319600000.0,0.0,28300000.0,34300000.0,446300000.0,0.6100328048,412000000.0,0.5631492619,10100000.0,422100000.0,0.57695462,158300000.0,263800000.0,0.3605795517,0.79,0.79,334097000,335800000,https://www.sec.gov/Archives/edgar/data/1156375/000115637514000073/0001156375-14-000073-index.htm,https://www.sec.gov/Archives/edgar/data/1156375/000115637514000073/cme-201463010q.htm,2.189783206673511,0.7895910469115257,0.5139226033158035,0.3915030664747064,3.322987036698923,64.24900552833459,-17.868463350464086,64.24900552833459,6.392754200127508,23704182150.0,24774382150.0,22.4641604909022,32.400467673592125,138.05580751310424,181.22463417431192,1.104297248129548,1.104297248129548,33.863288887370146,55.51060306968407,144.28877198602214,189.40659136085628,0.0111288378704936,0.0055180136219127,0.0981812591426202,0.0408340809086382,2.39793860631862,1.0664729813954172,14.558303886925795,0.650871872630781,0.0066275224770832,0.5955269143290371,0.1380535811919081,0.0,0.5315735120022166,0.2382061735585323,0.0559048660470202,0.6873949579831933,0.018042646254784,33.78512823134163,0.0082436720527792,0.0109116027812591,-56.03484916057312,1354500000.0,-5969800000.0,-8414700000.0,29293100000.0,339750000.0,37600000.0,20911200000.0,41.19874248223073,19.52027027027027,12239.33108108108,2.184532696327262,4.610591900311526,0.0073533430384212,0.012289545035266,0.122419536841097,2014-07-31,0.79,bmo,750602597.0,2025-04-25,2014-06-30,-0.0253164556962025,70.38523809523811,1637711.126984127
2014-03-31,CME,USD,1156375,2014-05-07,2014-05-07 16:43:55,2014,Q1,777400000.0,143700000.0,633700000.0,0.8151530744,0,95700000.0,83500000.0,179200000.0,0.0,179200000.0,322900000.0,0.0,33700000.0,34100000.0,488600000.0,0.628505274,454500000.0,0.5846411114,-8100000.0,446400000.0,0.5742217649,179800000.0,266800000.0,0.3431952663,0.8,0.79,333905000,335644000,https://www.sec.gov/Archives/edgar/data/1156375/000115637514000031/0001156375-14-000031-index.htm,https://www.sec.gov/Archives/edgar/data/1156375/000115637514000031/cme-201433110q.htm,2.328207124781001,0.7990296641260238,1.147032838681661,1.0377203096689178,3.371917162067055,63.82084724697145,-18.41931088183765,63.80437549602432,6.412302900525599,24715648100.0,25769348100.0,23.159340423538232,31.792704013377925,64.53171827676239,71.32943174603174,1.1601085258582653,1.1601085258582653,33.148119500900435,52.74119545640606,67.28289321148826,74.37041298701298,0.0107947806555798,0.0140194583851515,0.0989176046487613,0.0396372944922705,2.1565697912402784,1.0581033786206802,13.486646884272997,1.436609152288072,0.0414717022937383,3.841829085457271,0.1231026498585027,0.0,0.5164923420686853,0.0953002610966057,0.0469513763828145,0.6155143338954469,0.016979675842552,33.86865433189039,0.0087174105737794,0.0103786172476436,-58.77390275677214,1280000000.0,-6150300000.0,-8547300000.0,29248800000.0,323650000.0,39650000.0,21545300000.0,39.89452019552354,26.993736951983298,13587.995824634654,2.255948926291352,3.3341067285382837,0.0066234933511557,0.0125231170733081,0.1093125290127431,2014-05-01,0.83,bmo,777400000.0,2025-04-25,2014-03-31,0.0,75.43426229508196,1987049.8688524591
2013-12-31,CME,USD,1156375,2014-03-03,2014-02-28 18:30:52,2013,Q4,687000000.0,135200000.0,551800000.0,0.803202329,0,104600000.0,124000000.0,228600000.0,0.0,228600000.0,363800000.0,0.0,38600000.0,34300000.0,410800000.0,0.5979621543,323200000.0,0.4704512373,-16200000.0,307000000.0,0.4468704512,113900000.0,193100000.0,0.281077147,0.58,0.58,333636000,335311000,https://www.sec.gov/Archives/edgar/data/1156375/000115637514000012/0001156375-14-000012-index.htm,https://www.sec.gov/Archives/edgar/data/1156375/000115637514000012/cme-2013123110k.htm,2.059130309678812,0.578774472778717,1.1446606481314967,1.0520447433730171,7.60739248762124,63.42391108873143,-18.95778633001235,63.406826601445886,8.679219268903836,26177080560.0,26564480560.0,33.89057555670637,38.103465152838425,68.5443324430479,74.57857709401708,1.2374061943388734,1.2374061943388734,38.66736617176127,64.6652399221032,69.55873411887927,75.6822807977208,0.0073766820389844,0.0134086763111524,0.1350568192561499,0.0526384636075891,0.9430379746835444,1.0469563725279911,8.373056994818652,1.977731745209736,0.0057111028732686,0.7742102537545313,0.1522561863173216,0.0,0.5063856678052537,0.0809112333071484,0.0449781659388646,0.5158597662771286,0.0203784570596797,28.735181995743925,0.0064095458132091,0.0072072946331595,-58.91038437099114,1094600000.0,-6325000000.0,-8711700000.0,29093500000.0,307300000.0,38600000.0,18813950000.0,39.65502183406114,24.097633136094675,14242.300295857987,2.269573835480674,3.734806629834254,0.0063192039298717,0.0091279520487076,0.0926159047584793,2014-02-04,0.68,bmo,729937500.0,2025-04-25,2013-12-31,-0.0588235294117647,78.2971875,1637159.5
2013-09-30,CME,USD,1156375,2013-11-08,2013-11-08 16:56:41,2013,Q3,714600000.0,143200000.0,571400000.0,0.7996081724,0,93900000.0,77000000.0,170900000.0,0.0,170900000.0,314100000.0,0.0,34600000.0,35000000.0,435500000.0,0.60943185,400500000.0,0.5604534005,-1600000.0,398900000.0,0.5582143857,162600000.0,236700000.0,0.3312342569,0.71,0.71,332763000,334674000,https://www.sec.gov/Archives/edgar/data/1156375/000115637513000140/0001156375-13-000140-index.htm,https://www.sec.gov/Archives/edgar/data/1156375/000115637513000140/cme-201393010q.htm,2.1474743285761937,0.711317063495641,0.3900674053305205,0.273167389403269,6.400952028921485,66.04670591381854,-16.656298927464892,66.0298771197519,8.688766479446333,24584530440.0,25376230440.0,25.96591723700887,34.40320520570949,189.4031620955316,270.4568805280528,1.1188874373643176,1.1188874373643176,35.511097732997484,58.26918585533869,195.50254576271183,279.1664514851485,0.0096280057322095,0.0036974470682629,0.1300136990665519,0.0583239247119736,1.817910447761194,1.1065984244649456,11.57514450867052,0.5493017350825222,0.0060932626053442,0.6328686100549218,0.1314021830394626,0.0,0.5618733398802366,0.2996918335901387,0.0544360481388189,0.641914191419142,0.0201511335012594,32.508214525800994,0.0072962507063446,0.0110301313177442,-49.64997610912271,1834900000.0,-5542600000.0,-7953900000.0,30069600000.0,335500000.0,39000000.0,15274300000.0,39.28211586901763,25.768156424581008,10202.178770949722,2.291118948380891,3.4926829268292683,0.0088216450643142,0.0107726546606408,0.1169000159272515,2013-11-04,0.73,bmo,695544000.0,2025-04-25,2013-09-30,0.0273972602739726,73.67453125,1865004.265625
2013-06-30,CME,USD,1156375,2013-08-08,2013-08-08 16:08:09,2013,Q2,816100000.0,137500000.0,678600000.0,0.8315157456,0,87600000.0,83200000.0,170800000.0,0.0,170800000.0,308300000.0,0.0,39200000.0,33200000.0,541000000.0,0.6629089572,507800000.0,0.6222276682,-300000.0,507500000.0,0.6218600662,196200000.0,311200000.0,0.3813258179,0.94,0.93,332341000,334073000,https://www.sec.gov/Archives/edgar/data/1156375/000115637513000107/0001156375-13-000107-index.htm,https://www.sec.gov/Archives/edgar/data/1156375/000115637513000107/cme-201363010q.htm,2.455610352017957,0.9363876259624904,1.1217394182481246,1.0146205253038294,6.106077793591522,65.75956622866273,-17.12578345735254,65.74151248266088,8.716348569691974,25427409910.0,26317009910.0,20.42690384800771,31.157223269207204,68.20657164699571,75.40750269869514,1.1638004224526972,1.1638004224526972,32.24728576154883,48.64511998151571,70.5928377414163,78.04569961447213,0.0122387612856161,0.0132612799020236,0.1307909888963137,0.0609521209316016,1.644362292051756,1.045186470613664,12.95408163265306,1.1975586251204626,0.0059148769195265,0.4832904884318766,0.1073397867908344,0.0,0.5875557508419951,0.0954935622317596,0.0436221051341747,0.6023688663282571,0.0166646244332802,37.21679221827831,0.0096766623496214,0.0160939156517466,-46.85420998311975,731700000.0,-5691600000.0,-8103500000.0,28991100000.0,334150000.0,34150000.0,12133900000.0,39.60176448964587,24.21818181818182,9370.341818181818,2.2726260094681145,3.716216216216216,0.009604772349432,0.0142434755544977,0.1071188929442951,2013-08-01,0.89,bmo,780998924.0,2025-04-25,2013-06-30,0.0449438202247191,65.60640625,2048659.796875
2013-03-31,CME,USD,1156375,2013-05-08,2013-05-07 17:48:46,2013,Q1,718600000.0,138300000.0,580300000.0,0.8075424436,0,74000000.0,100800000.0,174800000.0,0.0,174800000.0,313100000.0,0.0,39000000.0,32600000.0,438100000.0,0.6096576677,405500000.0,0.5642916783,-17900000.0,387600000.0,0.5393821319,150200000.0,235800000.0,0.3281380462,0.71,0.71,331953000,333372000,https://www.sec.gov/Archives/edgar/data/1156375/000115637513000050/0001156375-13-000050-index.htm,https://www.sec.gov/Archives/edgar/data/1156375/000115637513000050/cme-201333110q.htm,2.1647642889204195,0.7103415242519272,1.1929399643925496,1.1320879763098992,5.736052995454176,65.18392664021714,-17.876325865408656,64.91822637542062,8.724126608284907,20225896290.0,21239496290.0,21.44391040076336,28.14625144725856,51.07549568181818,53.82090550824907,0.938565382973392,0.938565382973392,29.55677190370164,48.48093195617439,53.63509164141414,56.51808485896753,0.0116583214221553,0.0185801407567684,0.1325766364421015,0.0673474487174047,2.313627025793198,1.0433624339297682,10.397435897435898,1.6680707666385846,0.0073865700613656,0.6335877862595419,0.1029780128026718,0.0,0.649951204333621,0.051010101010101,0.0281102143055942,0.3452991452991453,0.0172557751182855,32.21129486986015,0.0077289707535561,0.0158791086688619,-41.185951023187016,511100000.0,-5934100000.0,-8486000000.0,28793100000.0,288350000.0,36500000.0,8288400000.0,38.72529919287504,20.36876355748373,6476.355748373102,2.3240620957309184,4.4185303514377,0.0138967041800643,0.0109420969104121,0.0608519880826502,2013-05-02,0.73,bmo,718600000.0,2025-04-25,2013-03-31,0.0,58.324,2048963.2166666663
2012-12-31,CME,USD,1156375,2013-03-01,2013-02-28 19:54:19,2012,Q4,660900000.0,-13600000.0,674500000.0,1.0205779997,0,216100000.0,82800000.0,298900000.0,-1300000.0,298900000.0,285300000.0,0.0,44000000.0,33900000.0,409500000.0,0.6196096232,375600000.0,0.5683159328,-22100000.0,353500000.0,0.5348766833,185400000.0,166800000.0,0.2523831139,0.5,0.5,331734000,332804000,https://www.sec.gov/Archives/edgar/data/1156375/000115637513000007/0001156375-13-000007-index.htm,https://www.sec.gov/Archives/edgar/data/1156375/000115637513000007/cme-2012123110k.htm,1.9922588580006872,0.5028124943478811,0.9634225011605684,0.8491743384760079,5.007928038729825,64.8281454418299,-18.358684970488405,64.56709291179077,8.743451078273557,16808961780.0,18060761780.0,25.193288039568348,25.433441942805267,52.59374774718398,59.66972587859425,0.7847650825664945,0.7847650825664945,27.32752576789227,44.10442437118437,56.51051871088861,64.11346034788782,0.0099232779622632,0.016758917277995,0.133362279460855,0.0735014100743119,3.0568986568986567,1.1445469941839856,8.536363636363637,1.901249256395003,0.0345054029862872,3.4772182254196644,0.3269783628385534,0.0,0.7100779143251199,0.1185857321652065,0.0573460432743228,0.6337792642140468,0.0190649114843395,27.02712847112694,0.0055822359690293,0.0148039015558297,-36.72573507689896,1101000000.0,-6090200000.0,-8639600000.0,29420900000.0,282200000.0,43100000.0,3312400000.0,36.4275987290059,-275.9558823529412,-43840.58823529411,2.4706542056074765,-0.3261390887290168,-0.0020528921627822,0.0077874420493858,0.1142481626845605,2013-02-05,0.63,amc,660900000.0,2025-04-25,2012-12-31,0.0,54.74596774193548,1838171.4677419355
2012-09-30,CME,USD,1156375,2012-11-08,2012-11-08 13:14:54,2012,Q3,683200000.0,127300000.0,555900000.0,0.8136709602,0,38000000.0,83400000.0,121400000.0,0.0,121400000.0,287200000.0,0.0,30200000.0,34500000.0,430500000.0,0.6301229508,396000000.0,0.5796252927,-200000.0,395800000.0,0.5793325527,176900000.0,218000000.0,0.3190866511,0.66,0.66,331377000,332458000,https://www.sec.gov/Archives/edgar/data/1156375/000115637512000121/0001156375-12-000121-index.htm,https://www.sec.gov/Archives/edgar/data/1156375/000115637512000121/cme-201293010q.htm,2.061700117992498,0.6578609861275828,0.7224400003621253,0.6008262492568887,6.2735192846817975,65.75048962360091,-17.110722832302784,65.5108833745251,8.709717331015732,18921626700.0,19760726700.0,21.69911318807339,27.695589432084308,79.03770551378446,95.03579457559016,0.8716108997272994,0.8716108997272994,28.92378029859485,45.901804181184666,82.54271804511278,99.25025966850828,0.0115212081633552,0.0105223511253395,0.1315595518867924,0.071654373024236,1.9491289198606272,1.1939686512903034,13.112582781456954,1.0936500685244404,0.0079327217675211,0.6885321100917431,0.0556206088992974,0.0,0.6889031060263937,0.1683375104427736,0.0589871194379391,0.6639209225700164,0.0201990632318501,31.139745063571382,0.0067977506873437,0.0175810705097703,-47.58394517422754,1627300000.0,-5670100000.0,-8053000000.0,29791000000.0,316900000.0,41600000.0,0.0,39.11153395784543,31.4611154752553,0.0,2.3011114853486023,2.8606741573033707,0.0,0.0100420106132075,0.1216137511052366,2012-10-25,0.69,bmo,673440000.0,2025-04-25,2012-09-30,0.0144927536231884,54.28015873015873,2200737.6825396824
2012-06-30,CME,USD,1156375,2012-08-08,2012-08-08 15:53:29,2012,Q2,795900000.0,141800000.0,654100000.0,0.8218369142,0,42000000.0,90500000.0,132500000.0,0.0,132500000.0,326700000.0,0.0,28900000.0,33600000.0,502800000.0,0.6317376555,469200000.0,0.5895212966,41500000.0,510700000.0,0.6416635256,257300000.0,244900000.0,0.3077019726,0.74,0.74,331078000,332162000,https://www.sec.gov/Archives/edgar/data/1156375/000115637512000093/0001156375-12-000093-index.htm,https://www.sec.gov/Archives/edgar/data/1156375/000115637512000093/cme-201263010q.htm,2.403965228737639,0.7397048429675183,0.7919583904699194,0.6805042920399422,23.388748270800235,65.53863440035279,-17.37173717371737,65.30183219664248,6.453464138360145,17752402360.0,18566902360.0,18.12209305839118,22.304815127528585,67.7055772692601,78.79450670217487,0.8211101924144311,0.8211101924144311,23.3281848976002,36.92701344470962,70.81198459191457,82.40968646249445,0.0137953159822364,0.0126912400604241,0.0974884366327474,0.0553295041686792,1.619928400954654,1.2216704222011383,16.235294117647058,1.0347277032359905,0.0083200006965141,0.6031033074724377,0.0527704485488126,0.0,0.7205882352941176,0.1407322654462242,0.0463626083678854,0.5685670261941448,0.0260082924990576,32.96728430484448,0.007426580929497,0.0230086999004115,-25.368719757881827,1495300000.0,-5751400000.0,-8154300000.0,29648800000.0,348450000.0,33850000.0,0.0,38.09649453448925,24.562764456981665,0.0,2.3624220837043635,3.6640826873385017,0.0,0.011327474560592,0.1114540984299772,2012-07-26,0.82,bmo,733301123.0,2025-04-25,2012-06-30,0.0853658536585366,53.92,2436534.126984127
2012-03-31,CME,USD,1156375,2012-05-08,2012-05-07 18:20:12,2012,Q1,774600000.0,145400000.0,629200000.0,0.8122902143,0,41000000.0,92000000.0,133000000.0,0.0,133000000.0,323400000.0,0.0,29100000.0,34900000.0,486100000.0,0.6275497031,451200000.0,0.5824941905,-17800000.0,433400000.0,0.5595145882,167100000.0,266600000.0,0.3441776401,0.81,0.8,330815000,331850000,https://www.sec.gov/Archives/edgar/data/1156375/000115637512000044/0001156375-12-000044-index.htm,https://www.sec.gov/Archives/edgar/data/1156375/000115637512000044/cme-201233110q.htm,2.341489956622281,0.805888487523238,1.195834529873192,1.1151247676193643,26.736695736287658,65.3510270090534,-20.21190091138552,65.13942838142164,6.457687831567492,19144264050.0,20189764050.0,17.952235605776444,24.71503233927188,48.39298293731041,51.89553822174031,0.8884020237504119,0.8884020237504119,26.06476123160341,41.53417825550298,51.03580396865521,54.72963960422879,0.0139258421897915,0.0192694793091301,0.0977859864217067,0.0536331959754741,2.150792018103271,1.1534790811230715,15.505154639175258,1.485542621104018,0.0180994160493727,1.299699924981245,0.0529305447973147,0.0,0.7204415474011876,0.0674924165824064,0.0344694035631293,0.3943870014771048,0.0184611412341853,34.36771881969654,0.0088917323723607,0.0242725518045085,-25.860677417892177,1244700000.0,-6686400000.0,-8315400000.0,30366700000.0,324700000.0,30050000.0,20000000.0,41.82804027885361,17.950481430536453,0.0,2.151666666666667,5.0137931034482754,0.0,0.0123717463838396,0.0807097622538276,2012-04-26,0.8,bmo,774600000.0,2025-04-25,2012-03-31,0.0,53.9183870967742,4047341.290322581
2011-12-31,CME,USD,1156375,2012-02-28,2012-02-27 19:36:03,2011,Q4,736500000.0,175700000.0,560800000.0,0.7614392396,0,40800000.0,-10800000.0,30000000.0,0.0,30000000.0,205700000.0,0.0,29100000.0,33400000.0,465000000.0,0.6313645621,390400000.0,0.5300746775,-20700000.0,369700000.0,0.5019687712,-377000000.0,745900000.0,1.0127630686,2.25,2.25,330601000,330815000,https://www.sec.gov/Archives/edgar/data/1156375/000115637512000016/0001156375-12-000016-index.htm,https://www.sec.gov/Archives/edgar/data/1156375/000115637512000016/cme-2011123110k.htm,2.22776095656093,2.256194022401626,1.0480912035958754,0.9186300101935566,31.529850181941377,65.40300846034948,-20.31149331066754,65.19036542539193,6.460658013738615,16110186729.999998,17174686729.999998,5.399579947043839,21.873980624575697,46.49404539682539,53.04638370102074,0.7475030962323682,0.7475030962323682,23.31933025118805,36.93481017204301,49.566195468975465,56.55148742179782,0.0462998978535117,0.0188514264353284,0.09775426874536,0.0516895779306013,2.289247311827957,1.1383850569930942,13.415807560137456,0.4640417838489353,0.0057230869849762,0.1236090628770612,0.055397148676171,0.0,0.6952454322635413,0.1235209235209235,0.0581126951799049,0.6465256797583081,0.0187372708757637,57.526928805528165,0.0253185652484028,0.0600495918334487,-25.63679480703325,1330600000.0,-6715000000.0,-8190600000.0,30489800000.0,329450000.0,35900000.0,20000000.0,35.36456211812627,15.930563460443938,20.48947068867388,2.5449205252246028,5.64951768488746,4.3925,0.0346093170007423,0.1294611934023188,2012-02-02,0.73,bmo,757246478.0,2025-04-25,2011-12-31,-0.0273972602739726,50.72571428571428,3401231.984126984
2011-09-30,CME,USD,1156375,2011-11-09,2011-11-09 13:35:43,2011,Q3,874200000.0,173200000.0,701000000.0,0.8018760009,0,41100000.0,87800000.0,128900000.0,0.0,128900000.0,302100000.0,0.0,29000000.0,32400000.0,604500000.0,0.6914893617,572100000.0,0.6544269046,-26200000.0,545900000.0,0.6244566461,230900000.0,316100000.0,0.3615877374,0.95,0.95,332290000,333335000,https://www.sec.gov/Archives/edgar/data/1156375/000119312511304112/0001193125-11-304112-index.htm,https://www.sec.gov/Archives/edgar/data/1156375/000119312511304112/d231771d10q.htm,2.63083451202263,0.9512774985705258,1.2750910349393605,1.1517048361371092,25.740768605735955,62.998585572843,-22.38075175298685,62.78943091877577,6.426013422010894,16375251200.0,17652251200.0,12.951005378044922,18.731698924731184,38.64822091102195,42.78874105043115,0.7848454633033459,0.7848454633033459,20.1924630519332,29.201408105872623,41.66214585791834,46.12555840083616,0.0193035206690447,0.0233706338501848,0.1009523444352314,0.0541637951429247,2.112489660876758,1.1475581586155537,19.72758620689655,1.345079365079365,0.0056854089664285,0.2945270484024043,0.0470144131777625,0.0,0.7295564652999929,0.0967665801274486,0.0469000228780599,0.6269113149847095,0.0146419583619309,36.65963567159794,0.0106609060305557,0.0300563854367731,-27.455761533600167,1169000000.0,-7436900000.0,-8862500000.0,30353500000.0,377650000.0,40200000.0,0.0,38.04049416609471,21.148960739030024,0.0,2.365899864682002,4.255528255528255,0.0,0.0151502806228821,0.123386198802251,2011-11-01,0.94,bmo,864997894.0,2025-04-25,2011-09-30,0.0106382978723404,53.76703125,2728896.40625
2011-06-30,CME,USD,1156375,2011-08-05,2011-08-05 16:04:44,2011,Q2,838300000.0,172400000.0,665900000.0,0.7943456996,0,37600000.0,93800000.0,131400000.0,0.0,131400000.0,303800000.0,0.0,28700000.0,31700000.0,566200000.0,0.6754145294,534500000.0,0.6375999046,-25200000.0,509300000.0,0.6075390672,213700000.0,293700000.0,0.3503519027,0.88,0.88,333795000,334870000,https://www.sec.gov/Archives/edgar/data/1156375/000119312511212308/0001193125-11-212308-index.htm,https://www.sec.gov/Archives/edgar/data/1156375/000119312511212308/d10q.htm,2.511421680971854,0.8798813643104301,0.6411120597971809,0.5003070747015383,14.950493566410522,62.83227729594512,-22.264863164517145,62.62077023322698,6.394643418864872,19466924400.0,20879124400.0,16.57041573033708,23.221906715972803,90.96693644859812,116.56840958083832,0.9313203875134554,0.9313203875134554,24.906506501252537,36.87588202048746,97.56600186915888,125.02469700598802,0.0150871290176685,0.008578653544265,0.1007439301518957,0.0591696357321884,2.494171670787708,1.228270723240542,18.62369337979094,0.7239512855209743,0.0048235662742903,0.3197139938712972,0.0448526780388882,0.0,0.7981353893877918,0.219626168224299,0.0560658475486102,0.7264296754250387,0.0151497077418585,35.20971594328884,0.0099858752293842,0.0408813785807744,-27.97031111910005,1032400000.0,-7431900000.0,-9061000000.0,30250200000.0,389900000.0,49050000.0,0.0,41.41953954431588,20.72505800464037,0.0,2.1728875064800413,4.342569269521411,0.0,0.0140509508432005,0.1408049850956425,2011-07-28,0.83,bmo,790669318.0,2025-04-25,2011-06-30,0.0602409638554217,58.20793650793651,2175984.603174603
2011-03-31,CME,USD,1156375,2011-05-10,2011-05-10 16:17:49,2011,Q1,831600000.0,174900000.0,656700000.0,0.7896825397,0,42900000.0,89700000.0,132600000.0,0.0,132600000.0,307500000.0,0.0,30100000.0,31000000.0,555100000.0,0.6675084175,524100000.0,0.6302308802,-12500000.0,511600000.0,0.6151996152,54500000.0,456600000.0,0.5490620491,1.37,1.36,334285000,335310000,https://www.sec.gov/Archives/edgar/data/1156375/000119312511134231/0001193125-11-134231-index.htm,https://www.sec.gov/Archives/edgar/data/1156375/000119312511134231/d10q.htm,2.48769762328552,1.365900354487937,1.0832074427509462,0.9593610242756928,12.095068579206366,62.39017604738471,-22.70517672046308,62.18496193367935,6.387962367440956,20160728350.0,21601328350.0,11.038506542925976,24.243300084175083,55.67723929853632,62.86475943249143,0.9698486277811184,0.9698486277811184,25.97562331649832,38.91430075662043,59.65569828776581,67.35680807608357,0.0226479912864854,0.0159071633937272,0.1012772098616957,0.060655737704918,2.5952080706179066,1.225287786116824,17.411960132890364,0.7921680157514767,0.0046426894095817,0.2049934296977661,0.0515873015873015,0.0,0.8195597683597914,0.1143330571665285,0.0497835497835497,0.6448598130841121,0.0144300144300144,43.71630570911966,0.0151225546756487,0.0729055230005269,-28.461342866117235,843500000.0,-7590000000.0,-9265300000.0,30086600000.0,345750000.0,55100000.0,0.0,42.64069264069264,30.05145797598628,0.0,2.110659898477157,2.9948630136986303,0.0,0.0219651232711966,0.1238464184752531,2011-04-28,0.84,bmo,802924137.0,2025-04-25,2011-03-31,0.0357142857142857,60.744193548387095,3094657.8225806453
2010-12-31,CME,USD,1156375,2011-02-28,2011-02-28 17:30:03,2010,Q4,763200000.0,177700000.0,585500000.0,0.7671645702,0,37000000.0,90200000.0,127200000.0,0.0,127200000.0,304900000.0,0.0,35100000.0,31800000.0,526700000.0,0.6901205451,458400000.0,0.6006289308,-31200000.0,427200000.0,0.5597484277,230800000.0,196200000.0,0.2570754717,0.59,0.59,334097000,334285000,https://www.sec.gov/Archives/edgar/data/1156375/000119312511050252/0001193125-11-050252-index.htm,https://www.sec.gov/Archives/edgar/data/1156375/000119312511050252/d10k.htm,2.284366516311131,0.5872545997120596,1.1775023421341706,0.9910295512979764,14.797798244222486,60.24657509645402,-24.990347114760084,60.04274207789953,7.663642594815278,21499141950.0,23169241950.0,27.39442144495413,28.169735259433963,54.64957282663955,64.93247342192691,1.0717365292296648,1.0717365292296648,30.35802142295597,43.98944740839188,58.89487023385867,69.97656886137119,0.009125945605471,0.0154006146277851,0.1258867104351424,0.0720565198410094,3.170875261059426,1.1268091692462143,13.05982905982906,2.0030549898167007,0.0318384799538476,3.488786952089705,0.0484800838574423,0.0,0.8125697295847469,0.1583629893238434,0.0816299790356394,0.967391304347826,0.0170335429769392,28.166619791037316,0.0068678857119255,0.0298689238357665,-29.1857604228712,606300000.0,-8349200000.0,-9530400000.0,29870500000.0,315450000.0,47800000.0,0.0,35.08254716981132,26.23522791221159,0.0,2.565378151260504,3.43050193050193,0.0,0.0097806092691462,0.1864727908361942,2011-02-03,0.76,bmo,773376000.0,2025-04-25,2010-12-31,-0.0131578947368421,58.98921875,2669269.84375
2010-09-30,CME,USD,1156375,2010-11-05,2010-11-05 16:24:44,2010,Q3,733400000.0,158800000.0,574600000.0,0.7834742296,0,37500000.0,94200000.0,131700000.0,0.0,131700000.0,290500000.0,0.0,35900000.0,33100000.0,476000000.0,0.6490319062,442900000.0,0.6038996455,-27200000.0,415700000.0,0.566812108,171400000.0,244300000.0,0.3331060813,0.73,0.73,332780000,333720000,https://www.sec.gov/Archives/edgar/data/1156375/000119312510250139/0001193125-10-250139-index.htm,https://www.sec.gov/Archives/edgar/data/1156375/000119312510250139/d10q.htm,2.2038584049522205,0.7341186369373159,0.943265821263297,0.8113468357473406,10.844702205661395,60.00540897890498,-25.545104874090992,59.801670773483984,7.695173988821444,17334510200.0,19291210200.0,17.738958452722063,23.635819743659667,55.22303345014336,64.20188962962963,0.8710458976523557,0.8710458976523557,26.3038044723207,40.5277525210084,61.45654730805989,71.44892666666667,0.0140932738901385,0.0155758655355603,0.126874296510693,0.0749528742968251,4.110714285714286,1.1044678413616278,12.337047353760443,1.2848956201391732,0.030615229036007,2.172329103561195,0.0511317152986092,0.0,0.8451308387633029,0.1398534565148136,0.0598581947095718,0.6702290076335878,0.0122716116716662,31.429034717647536,0.0085505305108566,0.0468276787425723,-29.626029208486088,383000000.0,-8500900000.0,-9668700000.0,29593100000.0,332100000.0,40700000.0,0.0,40.91355331333515,24.82367758186398,0.0,2.199760047990402,3.625570776255708,0.0,0.0122758884064962,0.1319189855159565,2010-10-28,0.73,bmo,733400000.0,2025-04-25,2010-09-30,0.0,53.1834375,3241811.796875
2010-06-30,CME,USD,1156375,2010-08-06,2010-08-06 14:21:45,2010,Q2,813900000.0,151900000.0,662000000.0,0.8133677356,0,41400000.0,105700000.0,147100000.0,0.0,147100000.0,299000000.0,0.0,37900000.0,32800000.0,547900000.0,0.6731785232,515100000.0,0.632878732,-35000000.0,480100000.0,0.5898759061,208900000.0,270700000.0,0.332596142,0.83,0.82,327910000,328920000,https://www.sec.gov/Archives/edgar/data/1156375/000119312510181102/0001193125-10-181102-index.htm,https://www.sec.gov/Archives/edgar/data/1156375/000119312510181102/d10q.htm,2.4820834985209355,0.8255313958098258,0.8947577079076576,0.8108932328992712,12.708975023634531,59.319325424659205,-27.60330578512397,59.11225641182032,8.728919520600165,18464612100.0,20925412100.0,17.052652475064647,22.68658569848876,62.93323824130879,69.44194095524634,0.9525943250702916,0.9525943250702916,25.710052954908463,38.19202792480379,71.3204229720518,78.69654795035727,0.0146604758623659,0.0144005191422353,0.1457115588000103,0.0824428104813639,4.491330534769118,1.0617631451445446,13.5910290237467,1.081858407079646,0.0040943183420571,0.2792759512375323,0.0508661997788426,0.0,0.831982346193252,0.0937286980231765,0.0337879346357046,0.4224270353302611,0.0117950608182823,33.13575153463646,0.0096269555615771,0.047028369903233,-31.69162270135098,267700000.0,-9051400000.0,-10205500000.0,29500000000.0,323850000.0,36950000.0,0.0,36.57943236269812,22.27781435154707,0.0,2.4603990326481258,4.039893617021277,0.0,0.0139654861093197,0.0838644750083864,2010-07-29,0.88,bmo,804755056.0,2025-04-25,2010-06-30,0.0113636363636363,62.92666666666667,3731599.206349206
2010-03-31,CME,USD,1156375,2010-05-07,2010-05-07 16:24:42,2010,Q1,693200000.0,152300000.0,540900000.0,0.7802942874,0,41600000.0,84900000.0,126500000.0,0.0,126500000.0,278800000.0,0.0,31400000.0,32200000.0,446900000.0,0.6446912868,414700000.0,0.5982400462,-15800000.0,398900000.0,0.5754472014,158700000.0,240200000.0,0.346508944,0.73,0.72,331170000,332140000,https://www.sec.gov/Archives/edgar/data/1156375/000119312510112933/0001193125-10-112933-index.htm,https://www.sec.gov/Archives/edgar/data/1156375/000119312510112933/d10q.htm,2.093184769151795,0.7253072440136485,1.07407071896609,0.9946553129812484,15.099797686988556,58.14838300570704,-28.065948002536462,57.94516411510705,9.527131080713833,20936567400.0,23616067400.0,21.790765403830143,30.20278043854588,58.86018386280574,63.55970673952641,1.091031511696379,1.091031511696379,34.068187247547606,52.84418751398523,66.39321731796457,71.69419368548877,0.0114727498262203,0.0157332381047334,0.1627800330385571,0.0887354271299684,5.995748489594988,1.061794380216503,13.207006369426752,1.480849292256453,0.0326414539185635,2.845129059117402,0.0600115406809001,0.0,0.8110696997931959,0.0739387123980882,0.0379399884593191,0.4174603174603175,0.0134160415464512,30.75111484134444,0.0082309569283517,0.036115955975221,-32.33120451731739,319100000.0,-9294600000.0,-10462400000.0,29605400000.0,282600000.0,41500000.0,0.0,41.143969994229664,21.451083388049906,0.0,2.187440833070369,4.195592286501378,0.0,0.0125171315862155,0.0794154059848416,2010-04-29,0.72,bmo,693200000.0,2025-04-25,2010-03-31,0.0,61.75032786885246,3978241.475409836
2009-12-31,CME,USD,1156375,2010-02-26,2010-02-26 17:26:57,2009,Q4,667500000.0,135200000.0,532300000.0,0.7974531835,-11800000,40700000.0,89000000.0,129700000.0,0.0,129700000.0,264900000.0,0.0,30700000.0,32900000.0,453100000.0,0.6788014981,402500000.0,0.6029962547,-46200000.0,356300000.0,0.5337827715,153700000.0,202600000.0,0.3035205993,0.61,0.61,331170000,331170000,https://www.sec.gov/Archives/edgar/data/1156375/000119312510043180/0001193125-10-043180-index.htm,https://www.sec.gov/Archives/edgar/data/1156375/000119312510043180/d10k.htm,2.015581121478395,0.6117703898299967,1.0426669082344415,0.9067850348763477,0.9155418667149802,58.2812452818794,-25.596219464323458,58.2812452818794,7.081559319986714,22251312300.0,24305212300.0,27.45719681638697,33.3352993258427,64.44052215464814,74.09694405594405,1.152858002176053,1.152858002176053,36.41230307116105,53.64204877510483,70.38868317405155,80.93643789543789,0.009105080961899,0.0134958332322718,0.1199160665250505,0.0649210400830271,4.532994923857868,1.0268869949107855,13.110749185667752,1.7043435340572557,0.003442493591715,0.3780848963474827,0.0609737827715355,-0.0176779026217228,0.7791562649014053,0.1303214596003475,0.0674157303370786,0.680786686838124,0.0146816479400749,28.323694202595515,0.0077775097184989,0.025732539087803,-47.89254763414561,175400000.0,-8476700000.0,-9651000000.0,28691600000.0,256150000.0,41400000.0,0.0,33.47865168539326,31.08727810650888,0.0,2.688280306081354,2.895074946466809,0.0,0.0104968654473861,0.135881873358094,2010-02-04,0.69,bmo,687425373.0,2025-04-25,2009-12-31,-0.0289855072463766,63.4228125,3522151.875
2009-09-30,CME,USD,1156375,2009-11-06,2009-11-06 16:56:04,2009,Q3,650400000.0,128000000.0,522400000.0,0.803198032,0,40300000.0,80100000.0,120400000.0,0.0,120400000.0,248400000.0,0.0,32100000.0,32300000.0,450900000.0,0.6932656827,401400000.0,0.6171586716,-45600000.0,355800000.0,0.5470479705,153500000.0,202300000.0,0.3110393604,0.61,0.61,331920000,332865000,https://www.sec.gov/Archives/edgar/data/1156375/000119312509227674/0001193125-09-227674-index.htm,https://www.sec.gov/Archives/edgar/data/1156375/000119312509227674/d10q.htm,1.9595083152566883,0.6094842130633887,0.9020245842371656,0.7998915401301518,0.8972041455772475,57.63527355989395,-26.145155459146785,57.63527355989395,7.746143649072065,20459548800.0,22794448800.0,25.283673751853684,31.456870848708487,68.33516633266534,77.06044745762712,1.0694839495460082,1.0694839495460082,35.046815498154984,50.553224218230206,76.13376352705411,85.854797740113,0.0098878035863625,0.0129768257646033,0.1327213896279724,0.0695243102334089,5.17831004657352,1.0256613467424571,12.504672897196262,1.4799802273850715,0.0037341976964809,0.3776569451309935,0.0619618696186961,0.0,0.7614650762878016,0.1132264529058116,0.0521217712177121,0.5380952380952381,0.0103013530135301,28.11361343518056,0.0077362775401535,0.0232229773165579,-50.89630031332851,187800000.0,-8678100000.0,-9883100000.0,28723100000.0,273200000.0,37300000.0,0.0,36.53136531365313,25.3828125,0.0,2.463636363636364,3.545706371191136,0.0,0.0105748472318782,0.1021330441070137,2009-10-29,0.66,bmo,640692537.0,2025-04-25,2009-09-30,0.0151515151515151,56.24203125,5366211.640625
2009-06-30,CME,USD,1156375,2009-08-06,2009-08-06 16:47:12,2009,Q2,647800000.0,133600000.0,514200000.0,0.7937635073,0,39800000.0,74200000.0,114000000.0,0.0,114000000.0,247600000.0,400000.0,32900000.0,30100000.0,428900000.0,0.6620870639,398800000.0,0.6156221056,-23900000.0,374900000.0,0.5787280025,153100000.0,221800000.0,0.3423896264,0.67,0.67,331645000,332630000,https://www.sec.gov/Archives/edgar/data/1156375/000119312509167292/0001193125-09-167292-index.htm,https://www.sec.gov/Archives/edgar/data/1156375/000119312509167292/d10q.htm,1.953293431229176,0.6687874082226477,0.5539055315171343,0.4221381296265585,1.6707624116148292,57.23378914200425,-26.632996125375023,57.23378914200425,9.110645419047476,20634951900.0,23174851900.0,23.258512060414787,31.85389302253782,112.32962384322263,147.39251357142857,1.0871200550015014,1.0871200550015014,35.77470191417104,54.03322895779902,126.15597114861188,165.53465642857142,0.0107487529447548,0.0067846051048948,0.1574497004946974,0.0775631176812557,5.921893215201679,1.056147090499295,12.121580547112462,0.8282236248872858,0.0036976097821677,0.3440036068530207,0.0614387156529793,0.0,0.7218565733743044,0.2378878606423516,0.0674590923124421,0.7259136212624585,0.0128125964803951,29.34685407021436,0.0079242245529917,0.0206957041018176,-56.638875906466254,505700000.0,-8832700000.0,-10037500000.0,29045000000.0,280950000.0,42500000.0,0.0,39.23433158382217,25.935628742514968,0.0,2.293909348441926,3.47012987012987,0.0,0.0116851848924994,0.1317674018905757,2009-07-23,0.65,bmo,628462686.0,2025-04-25,2009-06-30,0.0307692307692307,55.99015873015873,6945771.428571428
2009-03-31,CME,USD,1156375,2009-05-08,2009-05-08 14:37:14,2009,Q1,647100000.0,133200000.0,513900000.0,0.7941585535,11800000,41700000.0,104900000.0,146600000.0,0.0,158400000.0,257500000.0,2400000.0,38900000.0,31000000.0,417400000.0,0.6450316798,386400000.0,0.5971256375,-35900000.0,350500000.0,0.5416473497,151400000.0,199100000.0,0.3076804203,0.6,0.6,331510000,332195000,https://www.sec.gov/Archives/edgar/data/1156375/000119312509105137/0001193125-09-105137-index.htm,https://www.sec.gov/Archives/edgar/data/1156375/000119312509105137/d10q.htm,1.951977315918072,0.6005852010497421,0.7683026153057223,0.6618201562547132,1.772797200687762,56.70748997013665,-27.254683116648064,56.70748997013665,9.46276130433471,16336812800.0,19095712800.0,20.51332596685083,25.24619502395302,64.14139301138594,74.4613163172288,0.8690210063247709,0.8690210063247709,29.5096782568382,45.74919214183038,74.97335217903415,87.03606563354603,0.0121871996966262,0.013429792131792,0.1648004425743785,0.0776164647818516,6.609726880689986,1.040698451492181,9.933161953727506,1.2792566549472626,0.0046704336356232,0.3832245102963335,0.0644413537320352,0.0182352032143409,0.6973306109155591,0.1385944248135061,0.0545510740225622,0.5684380032206119,0.0132900633596043,27.68208416027715,0.0073926212430015,0.0164801509783796,-61.29249494736207,426300000.0,-9035200000.0,-10215500000.0,28972000000.0,470200000.0,58750000.0,64869000.0,38.87343532684284,31.41891891891892,0.0,2.31520572450805,2.8645161290322583,0.0,0.010590932544643,0.106482459051009,2009-04-23,0.64,bmo,647100000.0,2025-04-25,2009-03-31,0.0,38.69081967213115,7942986.229508197
2008-12-31,CME,USD,1156375,2009-03-02,2009-03-02 14:50:46,2008,Q4,691769000.0,111887000.0,579882000.0,0.8382595924,0,71944000.0,-3832000.0,68112000.0,91141000.0,159253000.0,271140000.0,0.0,0.0,-28686000.0,391943000.0,0.5665807517,420629000.0,0.6080483514,-306692000.0,111163000.0,0.1606938154,49098000.0,62065000.0,0.089719256,0.21,0.21,299350000,299350000,https://www.sec.gov/Archives/edgar/data/1156375/000119312509042361/0001193125-09-042361-index.htm,https://www.sec.gov/Archives/edgar/data/1156375/000119312509042361/d10k.htm,2.310903624519793,0.2073325538667112,1.1173709704359445,0.8477735092700852,2.030973776515784,62.4304960748288,-30.67316853181894,62.4304960748288,12.269123100050107,12458947000.0,15833814000.0,50.18507612986385,18.010270769577705,37.2481486464266,49.09330091693232,0.6666613693108338,0.6666613693108338,22.88887475443392,40.39825688939463,47.3378895914615,62.39164476458048,0.0049815606407186,0.0203693779257588,0.196524517206213,0.0762638008944353,8.610606644333487,1.0251329522246315,0.0,5.389269314428422,0.0331050449127041,6.6455167969064695,0.1040000346936621,0.0,0.578724272484858,0.241278383186092,0.1166632213932685,1.1155589959084375,0.0,17.065672248203374,0.0078899044257767,0.0030591866984699,-94.54340738266244,468553000.0,-9182013000.0,-10358557000.0,29046350000.0,500420500.0,62065000.0,64869000.0,85.98390503188203,57.11119254247589,104.35904081796812,1.0467075200484188,1.5758732394366195,0.8624073132004502,0.0033210140380464,0.2695974611658593,2009-02-03,0.69,bmo,662975000.0,2025-04-25,2008-12-31,0.0434782608695652,51.63515625,7664724.765625
2008-09-30,CME,USD,1156375,2008-11-10,2008-11-10 16:48:16,2008,Q3,680900000.0,124900000.0,556000000.0,0.8165663093,0,16958000.0,38213000.0,55171000.0,96955000.0,152126000.0,260132000.0,8600000.0,46800000.0,34087000.0,454858000.0,0.6680246732,420771000.0,0.6179629902,-24771000.0,396000000.0,0.5815831987,227309000.0,168691000.0,0.2477470994,0.56,0.56,299350000,300430000,https://www.sec.gov/Archives/edgar/data/1156375/000119312508231891/0001193125-08-231891-index.htm,https://www.sec.gov/Archives/edgar/data/1156375/000119312508231891/d10q.htm,2.274594955737431,0.5635243026557542,1.1958510105227993,1.05517287456155,2.370947051945883,63.56692834474695,-30.52821112410222,63.56692834474695,9.899181560046769,22241705000.0,24575804000.0,32.96219863537473,32.66515641063299,62.13148573376018,70.41500193119867,1.1688467877045063,1.1688467877045063,36.09311793214863,54.02961803463938,68.6517160272419,77.80452470351352,0.0075844455269953,0.0142015191731029,0.1532690516880763,0.074296679061844,5.131489387896882,0.9947661600662072,8.990833333333333,2.122093057720922,0.0034776110914158,0.4585188302873301,0.0249052724335438,0.0,0.717547896764982,0.1176385140986317,0.0618475547070054,0.6791491283242215,0.0001152885886326,28.38985649430868,0.005945020047669,0.0152142848381517,-64.34472440287288,-50290000.0,-9138620000.0,-10667958000.0,28777885000.0,288643500.0,58164000.0,0.0,44.9327213981495,38.28422738190552,0.0,2.0029946373047087,2.3508375682288727,0.0,0.0088650547907483,0.1406781359612493,2008-10-29,0.8,bmo,656385542.0,2025-04-25,2008-09-30,0.0374999999999998,69.02546875,7062421.5625
2008-06-30,CME,USD,1156375,2008-08-07,2008-08-07 13:10:17,2008,Q2,563188000.0,104556000.0,458632000.0,0.8143497376,0,16074000.0,29260000.0,45334000.0,69602000.0,114936000.0,219492000.0,0.0,0.0,34467000.0,396788000.0,0.7045391592,343460000.0,0.6098496417,-9896000.0,333564000.0,0.5922782446,132382000.0,201182000.0,0.3572199692,0.74,0.73,272500000,273760000,https://www.sec.gov/Archives/edgar/data/1156375/000119312508169785/0001193125-08-169785-index.htm,https://www.sec.gov/Archives/edgar/data/1156375/000119312508169785/d10q.htm,2.06674495412844,0.7382825688073394,0.4691009174311926,0.3081174311926605,4.426157798165137,48.91144587155963,-5.765622018348624,48.91144587155963,0.6052770642201835,20884400000.0,19981694000.0,25.95212295334573,37.08246624572967,163.3763592270985,248.73633310307045,1.5669134010320391,1.5669134010320391,35.47961604295546,50.35861467584705,156.31458968943127,237.98496939091493,0.0096331232881959,0.0040203213882132,0.0123749575060534,0.0088854856358731,-2.2750335191588453,1.856955530639976,0.0,0.6353948166336949,0.0030024324376089,0.3116779831197622,0.0285410910743836,0.0,0.8026610127270745,0.343174528670891,0.0778922846367465,0.8262638438936186,0.0001306846026548,28.504131767132712,0.0119183559428684,0.0549207767890364,-14.128900917431192,1154122000.0,-1571132000.0,-2733371000.0,16443451000.0,244663500.0,57501000.0,0.0,37.92896865700264,54.39974750373006,0.0,2.37285650484946,1.6544194436532802,0.0,0.015094269974068,0.1609834862385321,2008-07-22,0.77,bmo,548941772.0,2025-04-25,2008-06-30,0.0259740259740259,91.4846875,4538835.390625
2008-03-21,CME,USD,1156375,2008-05-09,2008-05-09 16:29:47,2008,Q1,625110000.0,119806000.0,505304000.0,0.8083441314,0,14751000.0,39587000.0,54338000.0,50525000.0,104863000.0,224669000.0,0.0,0.0,34315000.0,432976000.0,0.6926396954,398661000.0,0.6377453568,8576000.0,407237000.0,0.6514645422,123689000.0,283548000.0,0.4535969669,1.06,1.05,268755000,270140000,https://www.sec.gov/Archives/edgar/data/1156375/000119312508109846/0001193125-08-109846-index.htm,https://www.sec.gov/Archives/edgar/data/1156375/000119312508109846/d10q.htm,2.325947424233968,1.055042696880058,1.4024073970716824,1.278063663931834,4.545883797510744,49.0291529459917,-6.419772655392458,49.0291529459917,0.6137634648657699,25370472000.0,24469068000.0,22.368762960768542,40.58561213226472,67.31282236325431,73.86173526723069,1.9253850888263715,1.9253850888263715,39.14361952296396,56.51368205166106,64.92122131895655,71.23745363712058,0.0111762997550853,0.0135388099992779,0.0125183371114296,0.0085743233033246,-2.081879827057389,1.4561999937763932,0.0,1.329242315234105,0.0024708645546681,0.2210807341261444,0.0235974468493545,0.0,0.7746257999117679,0.0886644875087555,0.0534593911471581,0.6561812755262331,0.0,34.11563599542574,0.0161216621455008,0.0653980289810682,-17.303336682108238,996901000.0,-1725346000.0,-2878944000.0,16278346000.0,223354000.0,55384500.0,21324500.0,36.27887891731055,38.915914061065386,0.0,2.4807822812037417,2.3126785576403366,0.0,0.0215186808966951,0.1243437331398485,2008-04-22,0.96,bmo,645264516.0,2025-04-25,2008-03-21,-0.0312499999999999,109.01065573770492,6087279.098360656
2007-12-31,CME,USD,1156375,2008-02-28,2008-02-27 21:14:31,2007,Q4,529539000.0,102450000.0,427089000.0,0.8065298307,0,42532000.0,-7116000.0,92916000.0,-20428000.0,92916000.0,195366000.0,0.0,0.0,15787000.0,328413000.0,0.6201866152,312626000.0,0.5903738913,24066000.0,336692000.0,0.6358209688,135634000.0,201058000.0,0.3796849713,3.74,3.74,53751000,53751000,https://www.sec.gov/Archives/edgar/data/1156375/000119312508040449/0001193125-08-040449-index.htm,https://www.sec.gov/Archives/edgar/data/1156375/000119312508040449/d10k.htm,9.851705084556569,3.740544361965359,4.517348514446243,3.8866439694145214,19.508846347044702,228.93782441256903,-47.019832189168575,228.93782441256903,3.0591988986251417,7374637199.999999,6693760199.999999,9.16978831978832,13.926523258910107,30.37179875788676,35.30037767278888,0.5992893500759042,0.5992893500759042,12.640731277582953,20.38214138904367,27.567666342684877,32.041205106480746,0.0272634428714676,0.0283283088149746,0.013362575216545,0.0080977742902819,-2.0732340071799835,1.2234980175723489,0.0,1.207671418197734,0.0062149498011915,0.227959096380149,0.0803189189087111,0.0,0.7304666649299226,0.1396183055203202,0.0640198361216076,0.6417119385186166,0.0431431868096589,138.80894059032593,0.0113871135337798,0.0367350197699808,-126.22221447042844,910992000.0,-2527363000.0,-3013505000.0,16121444000.0,196790000.0,55894000.0,21324500.0,33.09563601547761,51.79941434846267,37.46617862371889,2.719391763854011,1.7374713813279064,2.402166522075547,0.0163386909592733,0.6307045450317204,2008-02-05,0.72,bmo,508320000.0,2025-04-25,2007-12-31,0.0416666666666667,131.09890625,2997922.34375
2007-09-30,CME,USD,1156375,2007-11-08,2007-11-08 17:29:28,2007,Q3,565222000.0,106253000.0,458969000.0,0.8120154559,0,41164000.0,68278000.0,109442000.0,0.0,109442000.0,215695000.0,0.0,0.0,32872000.0,377887000.0,0.6685638563,345015000.0,0.6104061767,-10695000.0,334320000.0,0.5914844079,132748000.0,201572000.0,0.3566244768,0.78,0.77,258740000,260515000,https://www.sec.gov/Archives/edgar/data/1156375/000119312507240566/0001193125-07-240566-index.htm,https://www.sec.gov/Archives/edgar/data/1156375/000119312507240566/d10q.htm,2.184517276029992,0.7790523305248512,1.2010898971940944,0.8931668856767412,3.468926335317307,46.809132720105126,-10.354031073664682,46.809132720105126,0.6364497178634924,31478308400.0,30965949400.0,39.04102305875816,55.69193768112352,101.29133571451555,136.2119464469619,2.5990654586032407,2.5990654586032407,54.78546376468008,81.94499784327061,99.64265984490136,133.99488269046032,0.0064035207177778,0.0073414999644644,0.0135966996369947,0.0083819026437999,-1.3558524109059058,1.2069015528301954,0.0,1.5417319865854384,0.0014528099610333,0.2268767487547873,0.0728280215561319,0.0,0.7528262803531256,0.2563696624513306,0.1409570045044248,1.6492506417156578,0.00013888348295,28.64440937683149,0.012869599813317,0.0415090555233966,-25.07694693514725,754667000.0,-2679002000.0,-3132963000.0,15892974000.0,178577000.0,39323500.0,0.0,31.663257976511886,44.74292490564971,0.0,2.8424112283948446,2.0114912064820247,0.0,0.0166431695110266,0.3079230115173533,2007-10-24,0.82,bmo,538911627.0,2025-04-25,2007-09-30,0.048780487804878,112.04873015873017,4569123.095238095
2007-06-30,CME,USD,1156375,2007-08-03,2007-08-03 16:52:33,2007,Q2,329009000.0,74224000.0,254785000.0,0.7744013082,0,28265000.0,7116000.0,35381000.0,20428000.0,55809000.0,130033000.0,0.0,0.0,20428000.0,219404000.0,0.6668632165,198976000.0,0.6047737296,17212000.0,209433000.0,0.6365570547,83558000.0,125875000.0,0.3825883183,0.72,0.71,174410000,176210000,https://www.sec.gov/Archives/edgar/data/1156375/000119312507170774/0001193125-07-170774-index.htm,https://www.sec.gov/Archives/edgar/data/1156375/000119312507170774/d10q.htm,1.8864113296255949,0.7217189381342813,0.476090820480477,0.2822716587351642,7.901530875523193,9.980826787454848,9.980826787454848,9.980826787454848,19.554234275557597,18639196700.0,20874703700.0,37.0192585898709,56.65254354744095,224.4739772385139,378.6069082488676,10.70752977441985,10.70752977441985,63.4472117784012,95.14276722393392,251.39644366833264,424.0154313339156,0.00675324167806,0.0026412618951545,1.9591798046366065,0.6430289760061451,10.188998377422472,1.4205152818711912,0.0,0.6596623634558093,0.0016106917311516,0.238506454816286,0.0859095039953314,0.0,0.0,0.4071054374661287,0.102744909713716,1.6115560640732265,0.0001723357111811,12.730884238407883,0.0667736781807272,0.0237332837079091,-11.84648385987042,1477168000.0,1740756000.0,1426948000.0,1656621000.0,160191000.0,28389500.0,0.0,43.303040342361456,31.31278292735503,0.0,2.078376005205273,2.8742255266418835,0.0,0.0723105363416814,0.1938191617453127,2007-07-24,0.73,bmo,324554054.0,2025-04-25,2007-06-30,0.0136986301369863,107.07190476190476,2855714.285714286
2007-03-31,CME,USD,1156375,2007-05-08,2007-05-07 18:04:43,2007,Q1,332331000.0,83543000.0,248788000.0,0.7486150856,0,78245000.0,5983000.0,98234000.0,0.0,98234000.0,125377000.0,0.0,0.0,19989000.0,226943000.0,0.6828824275,206954000.0,0.6227345628,8403000.0,215357000.0,0.6480195949,85329000.0,130028000.0,0.3912605204,0.75,0.74,174255000,176145000,https://www.sec.gov/Archives/edgar/data/1156375/000119312507104547/0001193125-07-104547-index.htm,https://www.sec.gov/Archives/edgar/data/1156375/000119312507104547/d10q.htm,1.9071533098045967,0.7461937964477346,1.020096984304611,0.9267452870792804,7.799345786347594,9.329958968178818,9.329958968178818,9.329958968178818,5.317351008579381,18556414950.0,18343196950.0,35.67772893146091,55.83714715148452,104.39203491283044,114.90751718372654,11.413769381323071,11.413769381323071,55.19556391067941,80.82733087162856,103.19254347226833,113.58720013623136,0.0070071724711027,0.0087026508318084,0.5699222286737787,0.1896186221725526,-0.9395222588932024,1.428464652214818,0.0,1.3670670932414557,0.0016164221419288,0.2306810840741994,0.235442977031935,0.0,0.0,0.0915125705316809,0.0489481871989071,0.7903507919541347,0.0135918707553613,12.515751828046776,0.0482187654790091,0.0266095353358904,-10.215438581389344,1380379000.0,1625792000.0,1341339000.0,1545885000.0,144186000.0,28253500.0,12151500.0,43.893858833512375,33.34749769579737,0.0,2.0504007255631445,2.698853173962203,0.0,0.0799782506003227,0.0933516972253307,2007-04-24,0.72,bmo,323318918.0,2025-04-25,2007-03-31,0.0277777777777778,111.48737704918032,3979414.75409836
2006-12-31,CME,USD,1156375,2007-03-01,2007-02-28 20:47:10,2006,Q4,281316000.0,104150000.0,177166000.0,0.6297757682,0,12824000.0,5147000.0,17971000.0,940000.0,18911000.0,123061000.0,0.0,0.0,17480000.0,175735000.0,0.6246889619,158255000.0,0.5625524321,54371000.0,170748000.0,0.6069615664,68146000.0,102602000.0,0.3647215231,0.59,0.59,174065000,174255000,https://www.sec.gov/Archives/edgar/data/1156375/000119312507043084/0001193125-07-043084-index.htm,https://www.sec.gov/Archives/edgar/data/1156375/000119312507043084/d10k.htm,1.61615488466952,0.5894464711458364,0.7350012926205728,0.564444316778215,22.24202453106598,8.727153649498751,8.587711487088157,8.727153649498751,2.994168844971706,17745926750.0,17297602750.0,43.23971937681527,63.08182524278747,138.70723905329143,180.6201195928753,11.681930225424134,11.681930225424134,61.48815833439975,98.43003812558682,135.2030104425581,176.05702544529262,0.0057817211490518,0.0055364817732046,0.3430865280048871,0.1210215708561815,-2.551136654622016,1.462698440926284,0.0,1.2469347576070642,0.0012373543692216,0.214011422779283,0.0455857469891509,0.0,0.0056361248854929,0.2320498991699104,0.1055325683572921,1.482917082917083,0.0581516870707673,10.758451247345144,0.0458879353357619,0.023959929317251,6.84235630367966,1274898000.0,1494820000.0,1242839000.0,1467925000.0,126143000.0,25684000.0,12151500.0,40.40363861280553,22.0804608737398,21.001152184349497,2.227522151222177,4.076001878522229,4.28547915895157,0.0675416630460827,0.1705569758423577,2007-01-30,0.6,bmo,290693200.0,2025-04-25,2006-12-31,-0.0333333333333333,103.23476190476192,3557777.777777778
2006-09-30,CME,USD,1156375,2006-11-06,2006-11-06 16:40:28,2006,Q3,274705000.0,67309000.0,207396000.0,0.7549771573,0,21598000.0,4510000.0,26108000.0,24326000.0,50434000.0,117743000.0,0.0,0.0,18609000.0,175571000.0,0.6391256075,156962000.0,0.5713838481,13552000.0,170514000.0,0.6207167689,66714000.0,103800000.0,0.3778598861,0.6,0.59,173745000,175765000,https://www.sec.gov/Archives/edgar/data/1156375/000119312506225207/0001193125-06-225207-index.htm,https://www.sec.gov/Archives/edgar/data/1156375/000119312506225207/d10q.htm,1.5810814699703588,0.5974272640939308,0.8560246338024116,0.7487179487179487,17.75325908659242,8.179141845808513,8.179141845808513,8.179141845808513,0.0,16618709250.000002,15750085250.000002,40.02579299132948,60.49656631659417,111.73743864721308,127.75171232876714,11.694380877991112,11.694380877991112,57.33454159917002,89.70778346082213,105.89716432461508,121.07440654643852,0.0062459724421738,0.0078276837294087,0.0,0.0,-4.947422979877087,1.5871216451929702,0.0,1.4328516377649323,0.0013189953365361,0.2111753371868978,0.0786225223421488,0.0,0.0,0.1253546695353997,0.0678691687446533,0.9728657900229596,0.0001860177281083,10.485463869114,0.0659453428715684,0.0296942946618068,6.357018907018907,1201656000.0,1421085000.0,1173810000.0,1359724000.0,127341000.0,24589500.0,0.0,41.27900839081924,34.5190093449613,0.0,2.180284931941744,2.607259064146266,0.0,0.0730427806922175,0.1073066850844628,2006-10-24,0.57,bmo,265388135.0,2025-04-25,2006-09-30,0.0350877192982456,92.64904761904762,3385436.6666666665
2006-06-30,CME,USD,1156375,2006-08-07,2006-08-07 16:20:12,2006,Q2,282209000.0,73278000.0,208931000.0,0.7403413782,0,23774000.0,3987000.0,27761000.0,17596000.0,45357000.0,109013000.0,0.0,0.0,17596000.0,226659000.0,0.8031600693,209063000.0,0.7408091166,-69295000.0,179894000.0,0.6374495498,70361000.0,109533000.0,0.388127239,0.63,0.62,173195000,175480000,https://www.sec.gov/Archives/edgar/data/1156375/000119312506163790/0001193125-06-163790-index.htm,https://www.sec.gov/Archives/edgar/data/1156375/000119312506163790/d10q.htm,1.6294292560408787,0.6324258783452178,0.4573399924940096,0.3253615866508848,5.995450215075493,7.574364156009123,7.574364156009123,7.574364156009123,0.0,17012944850.0,16230799850.0,38.83063745629171,60.28491242306234,214.78550227878145,301.9102562509982,12.968745359578364,12.968745359578364,57.51340265547874,71.60889199193502,204.91105619310937,288.03037834288654,0.0064382151923568,0.0033122425598176,0.0,0.0,-3.450756422643707,1.532578521395404,0.0,0.7231519268165758,0.0012840222661393,0.1994376124090456,0.0842425294728375,0.0,0.0,0.2885783181204156,0.0809967081134903,1.2570391553013638,0.0001704410560967,10.381716517324511,0.0951373371966476,0.0317287938811713,-5.805160368370911,1125961000.0,1311842000.0,1099808000.0,1283785000.0,122335500.0,19883000.0,0.0,41.039903050576,28.69442397445345,0.0,2.192987636668817,3.1364978812652486,0.0,0.0834955733998454,0.1319784058431248,2006-07-25,0.62,bmo,282200000.0,2025-04-25,2006-06-30,0.0,92.66174603174602,3660039.6825396814
2006-03-31,CME,USD,1156375,2006-05-08,2006-05-08 16:01:27,2006,Q1,251717000.0,0.0,0.0,0.0,0,95488000.0,3096000.0,112875000.0,0.0,112875000.0,112875000.0,0.0,0.0,17387000.0,155840000.0,0.6191079665,138453000.0,0.550034364,-71660000.0,150501000.0,0.597897639,59088000.0,91413000.0,0.363157832,0.53,0.52,172905000,175220000,https://www.sec.gov/Archives/edgar/data/1156375/000119312506103491/0001193125-06-103491-index.htm,https://www.sec.gov/Archives/edgar/data/1156375/000119312506103491/d10q.htm,1.4558109944767357,0.5286891645701397,0.6698418206529597,0.5737196726526127,23.357814985107428,6.970180156733466,6.970180156733466,6.970180156733466,0.0,15474997500.0,14759315500.0,42.32165419579272,61.47776073924288,133.61363420509588,155.99953124527465,12.840414162543489,12.840414162543489,58.634559842998286,94.70813334188912,127.43431993023596,148.78492222703858,0.0059071415035769,0.0064102756720962,0.0,0.0,-4.592415297741273,1.324100446374233,0.0,1.2669860960694868,0.0014096286606831,0.2386312668876418,0.379346647226846,0.0,0.0,0.143499771194709,0.066026529793379,0.9256474519632414,0.0132172241048479,9.10570267959879,0.0684822285783628,0.0208181413637723,5.435493479078106,1025143000.0,1205179000.0,1002337000.0,1177703000.0,101482000.0,19978000.0,0.0,41.469427968710896,0.0,0.0,2.170273485998069,0.0,0.0,0.0758501434226782,0.096122148000347,2006-04-25,0.53,bmo,256540384.0,2025-04-25,2006-03-31,-0.0188679245283019,82.26822580645161,2732419.35483871
2005-12-31,CME,USD,1156375,2006-03-06,2006-03-06 17:27:57,2005,Q4,251562000.0,18166000.0,233396000.0,0.9277871857,0,72189000.0,16799000.0,88988000.0,0.0,88988000.0,107154000.0,0.0,0.0,-50492000.0,93916000.0,0.3733314253,144408000.0,0.5740453646,-18666000.0,125742000.0,0.4998449686,49462000.0,76280000.0,0.3032254474,0.44,0.44,172370000,172905000,https://www.sec.gov/Archives/edgar/data/1156375/000119312506046258/0001193125-06-046258-index.htm,https://www.sec.gov/Archives/edgar/data/1156375/000119312506046258/d10k.htm,1.459430295295005,0.4425364042466786,0.6848175436560886,0.5495445843244184,21.21467192666937,6.49001566397865,6.49001566397865,6.49001566397865,0.0,12669195000.0,12058304000.0,41.52200773466177,50.36211748992296,107.32785788109318,133.7471100554236,11.325088228668688,11.325088228668688,47.93372607945556,128.39456535627582,102.15265752867624,127.2980100290314,0.0060209034591384,0.0074767970656383,0.0,0.0,-6.50465309425444,1.3369327194659084,0.0,1.5474829575249085,0.0012535918817257,0.2082066072364971,0.2869630548334009,0.0,0.0,0.1975313871333932,0.092688879878519,1.3151898020192905,0.0,8.03875204229108,0.0768811412748833,0.0192170391752494,5.054812322329872,953495000.0,1118684000.0,932712000.0,1106824000.0,97084000.0,20554000.0,268284000.0,31.11837240918739,116.6888693163052,0.0,2.892182110830076,0.7712817900055194,0.0,0.0681872628910398,0.1352729593316702,2006-01-31,0.42,bmo,239582857.0,2025-04-25,2005-12-31,0.0476190476190476,72.4484126984127,4290682.53968254
2005-09-30,CME,USD,1156375,2005-11-04,2005-11-04 16:48:18,2005,Q3,225706000.0,60020000.0,165686000.0,0.7340788459,0,71253000.0,3961000.0,88509000.0,0.0,88509000.0,106020000.0,0.0,0.0,17256000.0,160878000.0,0.7127767981,143622000.0,0.6363233587,-53370000.0,128291000.0,0.5683987134,50825000.0,77466000.0,0.3432163966,0.45,0.44,171850000,174455000,https://www.sec.gov/Archives/edgar/data/1156375/000119312505216992/0001193125-05-216992-index.htm,https://www.sec.gov/Archives/edgar/data/1156375/000119312505216992/d10q.htm,1.313389583939482,0.4507768402676753,0.5789991271457666,0.4672970613907477,5.163171370381146,6.046383473959849,6.046383473959849,6.046383473959849,0.0,11593000999.999998,11007335999.999998,37.41319094828699,51.36328232302198,116.51140189545832,144.3621318722371,11.1570826247677,11.1570826247677,48.7684687159402,68.42039309290269,110.62538064944069,137.06912396488386,0.0066821351951923,0.0069270243313185,0.0,0.0,-3.64042939370206,1.466938157503102,0.0,1.2844473704592982,0.001366514157982,0.2045026205044793,0.3156894367008409,0.0,0.0,0.1929226841941287,0.0850486916608331,1.066325963781802,0.0,7.831048259483655,0.0819373618576401,0.0262601862206735,-3.927285423334303,883228000.0,1039071000.0,863889000.0,1028093000.0,102031500.0,22024000.0,268284000.0,42.74108796398855,26.32372542485838,804.5838053982006,2.105702130835541,3.418968954713757,0.1118590747118725,0.0745531344826292,0.1117020657550189,2005-10-25,0.44,bmo,189500000.0,2025-04-25,2005-09-30,0.0,59.64515625,4451132.8125
2005-06-30,CME,USD,1156375,2005-08-04,2005-08-04 15:50:47,2005,Q2,252186000.0,14334000.0,237852000.0,0.9431610002,0,72512000.0,3312000.0,88583000.0,0.0,88583000.0,102917000.0,0.0,0.0,16071000.0,165340000.0,0.6556271958,149269000.0,0.5919004227,-13065000.0,136204000.0,0.5400934231,53978000.0,82226000.0,0.3260529926,0.48,0.47,171252355,173857565,https://www.sec.gov/Archives/edgar/data/1156375/000119312505157728/0001193125-05-157728-index.htm,https://www.sec.gov/Archives/edgar/data/1156375/000119312505157728/d10q.htm,1.472598727182467,0.4801452219445391,0.5229417137066524,0.363516168872539,4.994751751005118,5.608273240972365,5.608273240972365,5.608273240972365,0.0,10121014180.5,9622046180.5,30.77194008130032,40.13313261045419,113.01450706828206,162.5787380608163,10.53800295752944,10.53800295752944,38.15456123853029,58.19551336942059,107.44286952710624,154.5635741329735,0.0081242846352713,0.0061508658015658,0.0,0.0,-3.0178299262126527,1.334608409462838,0.0,1.0891323912144577,0.0015594287013656,0.1919465862379296,0.2875338044142022,0.0,0.0,0.304862933392887,0.1082613626450318,1.6160767136261394,0.0,7.78380857937017,0.0919351860486974,0.0242015213881747,-8.812175166875807,808873000.0,960430000.0,789120000.0,952120000.0,97923000.0,23988000.0,0.0,34.57269634317528,166.34365843449143,0.0,2.603210322580645,0.5410485788698901,0.0,0.0856137355143008,0.1594255448341133,2005-07-26,0.48,bmo,259199999.0,2025-04-25,2005-06-30,-0.0208333333333333,42.80796875,4678765.546875
2005-03-31,CME,USD,1156375,2005-05-05,2005-05-05 17:08:54,2005,Q1,208187000.0,0.0,0.0,0.0,0,81257000.0,2238000.0,96048000.0,0.0,96048000.0,96048000.0,0.0,0.0,14791000.0,142649000.0,0.685196482,127858000.0,0.6141497788,-43215000.0,118142000.0,0.5674801981,47257000.0,70885000.0,0.3404871582,0.41,0.41,170830825,173588125,https://www.sec.gov/Archives/edgar/data/1156375/000119312505097630/0001193125-05-097630-index.htm,https://www.sec.gov/Archives/edgar/data/1156375/000119312505097630/d10q.htm,1.2186735034499774,0.4149426779388321,0.4946121404026469,0.4020527325791466,4.748967289714839,5.13906667605217,5.13906667605217,5.13906667605217,0.0,6629944318.25,6199325318.25,23.38274782482189,31.8461014292439,78.46552243623883,96.52962622846992,7.551954945603826,7.551954945603826,29.77767736818341,43.45859640270875,73.36913803479496,90.25996706972612,0.0106916433377694,0.0103595138515626,0.0,0.0,-3.0187312914917035,1.3095735814856204,0.0,1.192001128588559,0.0023760380545938,0.2222331946109896,0.3903077521651207,0.0,0.0,0.1871353334516835,0.0759509479458371,1.0138497050525777,0.0113984062405433,6.926716898720076,0.0853971700193768,0.0215788727051994,-8.906570286714942,738828000.0,877911000.0,718412000.0,871048000.0,88898000.0,22264000.0,0.0,42.78552455244564,0.0,0.0,2.1035151711107294,0.0,0.0,0.0807428087813001,0.0925594078235002,2005-04-26,0.39,bmo,212978048.0,2025-04-25,2005-03-31,0.0512820512820511,40.62622950819672,4731754.098360656
2004-12-31,CME,USD,1156375,2005-03-10,2005-03-10 17:24:54,2004,Q4,196023000.0,0.0,0.0,0.0,0,28549000.0,-2467000.0,42491000.0,-13116000.0,42491000.0,93936000.0,0.0,0.0,-41933000.0,60154000.0,0.3068721528,102087000.0,0.5207909276,-7996000.0,94091000.0,0.4799997959,37307000.0,56784000.0,0.2896802926,0.33,0.33,169789992,170830825,https://www.sec.gov/Archives/edgar/data/1156375/000119312505046676/0001193125-05-046676-index.htm,https://www.sec.gov/Archives/edgar/data/1156375/000119312505046676/d10k.htm,1.154502675281356,0.334436672804602,0.5972731302089938,0.4881500907309071,4.40256808540282,4.785894565564265,4.785894565564265,4.785894565564265,0.0,7766194234.08,7408632234.08,34.19182443153001,39.6187908259745,76.58137908195363,93.7006893341216,9.557251914639115,9.557251914639115,37.794708958030434,123.16109043588123,73.05550910729605,89.38663216920237,0.0073116893923174,0.0106722800771951,0.0,0.0,-5.944110117365429,1.3303882311762851,0.0,1.785908002254156,0.0011409706907812,0.1560474781628627,0.1456410727312611,0.0,0.0,0.1827020737395351,0.0945195206684929,1.2356118706235413,0.0,6.001084879858902,0.0740639675106927,0.0198721524595568,-7.292763462760514,669242000.0,812597000.0,649996000.0,800603000.0,81354500.0,19862500.0,0.0,36.19090616917402,0.0,0.0,2.486812559467174,0.0,0.0,0.0698796574439728,0.1091230394780865,2005-02-01,0.34,bmo,201939393.0,2025-04-25,2004-12-31,-0.0294117647058823,39.0590625,3275046.875
2004-09-30,CME,USD,1156375,2004-11-09,2004-11-08 19:44:04,2004,Q3,196700000.0,0.0,0.0,0.0,0,78955000.0,2878000.0,92510000.0,0.0,92510000.0,92510000.0,0.0,0.0,13555000.0,117745000.0,0.5986019319,104190000.0,0.5296898831,-4311000.0,99879000.0,0.5077732588,40451000.0,59428000.0,0.3021250635,0.35,0.34,169676400,172480955,https://www.sec.gov/Archives/edgar/data/1156375/000119312504189838/0001193125-04-189838-index.htm,https://www.sec.gov/Archives/edgar/data/1156375/000119312504189838/d10q.htm,1.1592655195419044,0.350243168761242,0.7044468175892463,0.6031068551666584,4.2137032610309975,4.418110002333854,4.418110002333854,4.418110002333854,0.0,5473760664.0,5190981664.0,23.02685882075789,27.82796473817997,45.7947984070678,53.48969212277565,7.301764777916064,7.301764777916064,26.39034907981698,44.08664201452291,43.42900127166856,50.72637041814468,0.0108568868183894,0.0186951907987184,0.0,0.0,-2.401622149560491,1.1731103132835454,0.0,2.0113078010365486,0.0016124197862809,0.148515851113953,0.4013980681240467,0.0,0.0,0.143857506191018,0.087417386883579,1.2150226116449971,0.0,5.9005753160980685,0.0807111775183591,0.0138342350060059,-16.31453755501649,610670000.0,749649000.0,592234000.0,738024000.0,82766000.0,16963000.0,0.0,38.38108795119472,0.0,0.0,2.344904868628105,0.0,0.0,0.0792744337683369,0.1013399624225879,2004-10-26,0.33,bmo,190914705.0,2025-04-25,2004-09-30,0.0303030303030303,27.36265625,3082554.6875
2004-06-30,CME,USD,1156375,2004-08-06,2004-08-05 18:15:59,2004,Q2,190532000.0,40630000.0,149902000.0,0.7867549808,0,34514000.0,2467000.0,36981000.0,13116000.0,50097000.0,90727000.0,0.0,0.0,13116000.0,112921000.0,0.5926616002,99805000.0,0.5238227699,-3531000.0,96274000.0,0.5052904499,38991000.0,57283000.0,0.3006476602,0.34,0.33,166268780,172241285,https://www.sec.gov/Archives/edgar/data/1156375/000119312504132841/0001193125-04-132841-index.htm,https://www.sec.gov/Archives/edgar/data/1156375/000119312504132841/d10q.htm,1.1459276961074714,0.3445204806338267,0.4116527468355755,0.274796026048907,8.507917120700592,4.165779047636002,4.165779047636002,4.165779047636002,0.0,4800179678.6,4577835678.6,20.9494076715605,25.193561599101464,70.13192605157425,105.05974345808713,6.9302763468415725,6.9302763468415725,24.026597519576764,40.54016240203328,66.88341995178611,100.19338320420223,0.0119335116256954,0.0095183936975721,0.0,0.0,-1.9690225910149577,1.1839471814502058,0.0,1.194857112930538,0.0018334730341941,0.1536406961925877,0.1811454243906535,0.0,0.0,0.3324567170721016,0.1194287573740894,1.5221753963475817,0.0,5.682597512879327,0.0832976027926309,0.0153435223485931,-9.411815014219748,555604000.0,692639000.0,535330000.0,679496000.0,79992000.0,750224500.0,0.0,38.56737975773099,38.20182131429978,0.0,2.333578287281991,2.3559086164907805,0.0,0.0827025333543158,0.1368567207866684,2004-07-22,0.33,bmo,190500000.0,2025-04-25,2004-06-30,0.0,24.198387096774194,2260225.806451613
2004-03-31,CME,USD,1156375,2004-05-05,2004-05-05 16:40:22,2004,Q1,169547000.0,40580000.0,128967000.0,0.7606563372,0,35585000.0,2514000.0,48380000.0,0.0,48380000.0,88960000.0,0.0,0.0,12795000.0,93382000.0,0.5507735318,80587000.0,0.4753077318,-3175000.0,77412000.0,0.4565813609,31352000.0,46060000.0,0.271665084,0.28,0.27,164661770,170233920,https://www.sec.gov/Archives/edgar/data/1156375/000119312504079344/0001193125-04-079344-index.htm,https://www.sec.gov/Archives/edgar/data/1156375/000119312504079344/d10q.htm,1.029668270904655,0.2797249173259828,0.2394119776557728,0.1846451668775332,3.85184733529829,3.662301212965219,3.662301212965219,3.662301212965219,0.0,3186205249.5,2998219249.5,17.293775778875382,18.7924601998266,80.82302393333673,104.79559431324826,5.28356322289861,5.28356322289861,17.68370569517597,32.10703614722323,76.05446830450002,98.61265785751874,0.0144560680788621,0.0095423858851438,0.0,0.0,-2.013086033710993,1.108963803149256,0.0,0.8558836300477638,0.0026922308289292,0.1862353452019105,0.2098828053578064,0.0,0.0,0.2287555172238851,0.0531887913086046,0.7027743142144638,0.0064819784484538,4.8010238845937545,0.076817777927654,0.0092430733640352,-22.392240773313684,474973000.0,603041000.0,453821000.0,589401000.0,66786500.0,753946500.0,7297000.0,41.58280594761335,3289.5088713652044,0.0,2.164356107026144,0.0273597073360827,0.0,0.0763795496491946,0.0547668107782395,2004-04-27,0.24,bmo,150666666.0,2025-04-25,2004-03-31,0.1250000000000001,17.45193548387097,1166717.741935484
2003-12-31,CME,USD,1156375,2004-03-11,2004-03-11 13:35:36,2003,Q4,125885000.0,0.0,0.0,0.0,0,22768000.0,-1534000.0,35921000.0,-13321000.0,35921000.0,82504000.0,0.0,0.0,-39863000.0,3518000.0,0.0279461413,43381000.0,0.3446081741,128871000.0,50120000.0,0.3981411606,20519000.0,29601000.0,0.2351431862,0.18,0.18,164342675,164661770,https://www.sec.gov/Archives/edgar/data/1156375/000119312504038979/0001193125-04-038979-index.htm,https://www.sec.gov/Archives/edgar/data/1156375/000119312504038979/d10k.htm,0.7659909393588732,0.1801175501128967,0.3195457296773342,0.1679782807478337,4.941905685787335,3.4257383239015677,3.4257383239015677,3.4257383239015677,0.0092185429012884,2378038507.25,2194429507.25,20.084106172511063,18.89056287286015,45.28303355707894,86.14208893899877,4.223906974751108,4.223906974751108,17.432017374985104,623.7718894968732,41.78671821860421,79.49103482032892,0.0124476537742153,0.0116087270731053,0.0026909652838835,0.0003109200030537,-52.19130187606595,1.1015407039453355,0.0,1.7740954697476436,0.0029074382012406,0.2335731900949292,0.1808634865154704,0.0,0.0,0.4743216223936018,0.1978710728045438,1.8937884893180263,0.0,3.726030175690041,0.0437085950115072,0.0060749458814489,-20.98511692109186,435404000.0,562995000.0,413738000.0,553607000.0,56716000.0,21255500.0,7297000.0,39.49104341263852,0.0,0.0,2.2789977732317106,0.0,0.0,0.0525777315961953,0.1515674489295005,2004-02-03,0.18,bmo,142517647.0,2025-04-25,2003-12-31,-0.0555555555555554,13.90953125,1034062.5
2003-09-30,CME,USD,1156375,2003-10-31,2003-10-31 16:40:03,2003,Q3,137261000.0,0.0,0.0,0.0,0,68798000.0,1827000.0,82129000.0,0.0,82129000.0,82129000.0,0.0,0.0,13331000.0,68463000.0,0.4987796971,55132000.0,0.4016581549,-2251000.0,52881000.0,0.3852587406,21484000.0,31397000.0,0.2287394089,0.19,0.19,163693370,169711575,https://www.sec.gov/Archives/edgar/data/1156375/000119312503070938/0001193125-03-070938-index.htm,https://www.sec.gov/Archives/edgar/data/1156375/000119312503070938/d10q.htm,0.8385251033685726,0.1918037364616538,0.2941292002235643,0.2348659570024125,21.92223179228334,3.28092701616443,3.28092701616443,3.28092701616443,0.0010079821803412,2252420771.2,1861051771.2,17.93499992992961,16.409765127749324,46.78216236110246,58.586609041252665,4.193936631996812,4.193936631996812,13.558489091584644,27.18332195784584,38.65353544769144,48.40690243978567,0.0139392250335504,0.0170687468751753,0.0003072248103585,4.347130775130302e-05,-5.71650380497495,1.1278630818979218,0.0,1.533490460872058,0.0020395833934493,0.146319712074402,0.5012203029265414,0.0,0.0,0.2014871123849876,0.0706755742709145,0.7277023479108844,0.0,3.762860131211665,0.0589468574784026,0.0082719312088949,2.282494703359092,414315000.0,537066000.0,396076000.0,521224000.0,63755500.0,23497000.0,0.0,38.15759756959369,0.0,0.0,2.3586390583383454,0.0,0.0,0.0584602264898541,0.0592632432211518,2003-10-22,0.18,bmo,130073684.0,2025-04-25,2003-09-30,0.0555555555555556,14.6865625,1290515.625
2003-06-30,CME,USD,1156375,2003-08-11,2003-08-11 17:29:55,2003,Q2,144295000.0,0.0,0.0,0.0,0,68166000.0,1534000.0,69700000.0,13321000.0,83021000.0,83021000.0,0.0,0.0,13321000.0,74595000.0,0.5169617797,61274000.0,0.4246439586,-1904000.0,59370000.0,0.4114487681,24357000.0,35013000.0,0.2426487404,0.21,0.21,163120075,169335000,https://www.sec.gov/Archives/edgar/data/1156375/000104746903027031/0001047469-03-027031-index.htm,https://www.sec.gov/Archives/edgar/data/1156375/000104746903027031/a2116188z10-q.htm,0.8845937570835471,0.2146455609464377,0.3221982334179284,0.2143942123616605,20.96080448712398,3.096081215019059,3.096081215019059,3.096081215019059,0.0039725337301371,2272262644.75,1880075644.75,16.224421248893268,15.74734152084272,43.234253187016,64.97376886509207,4.499235980124071,4.499235980124071,13.02938871582522,25.20377565185334,35.77212635329261,53.75945455650235,0.0154088701325511,0.015390826443766,0.0012830844717077,0.0001780097520774,-5.257550774180575,1.1225093558657375,0.0,1.5010710307600037,0.002006370174915,0.13020877959615,0.4724072213174399,0.0,0.0,0.334589112772799,0.1218683946082677,1.320096088882216,0.0,3.8668594499287954,0.0688181677266905,0.0096182954467412,2.0592069982802546,381636000.0,505033000.0,361577000.0,488732000.0,66512000.0,28197500.0,0.0,43.23393048962196,0.0,0.0,2.081698309192683,0.0,0.0,0.0693281429134333,0.1078040210562679,2003-07-22,0.19,bmo,130557142.0,2025-04-25,2003-06-30,0.1052631578947368,11.547301587301588,924261.9047619049
2003-03-31,CME,USD,1156375,2003-05-09,2003-05-08 19:58:13,2003,Q1,128600000.0,30205000.0,98395000.0,0.7651244168,0,38846000.0,5602000.0,52057000.0,0.0,52057000.0,82262000.0,0.0,0.0,13211000.0,59549000.0,0.4630559876,46338000.0,0.3603265941,-2584000.0,43754000.0,0.3402332815,17633000.0,26121000.0,0.203118196,0.16,0.15,162672415,169317955,https://www.sec.gov/Archives/edgar/data/1156375/000104746903017606/0001047469-03-017606-index.htm,https://www.sec.gov/Archives/edgar/data/1156375/000104746903017606/a2110531z10-q.htm,0.7905458340923998,0.1605742436417385,0.2331679897910165,0.1666477995055277,13.34655294814428,2.879105225062282,2.879105225062282,2.879105225062282,0.0090304185869497,1566535356.45,1211050356.45,14.993064550074653,12.181456893079316,41.30069487081467,57.78654160795308,3.344789178308577,3.344789178308577,9.417187841757388,20.33703935330568,31.92856199446349,44.67336886089491,0.0166743762867848,0.0173050674460568,0.0031365364865239,0.0006154980653081,-5.969621656115132,1.1830936653919493,0.0,1.4520883580261092,0.0029127973276903,0.174687033421385,0.3020684292379471,0.0,0.0,0.285288689691537,0.0841446345256609,0.8190901521459389,0.0048833592534992,3.2252097974062788,0.0566616618363886,0.0109444690019839,1.847658067902908,347596000.0,468351000.0,327722000.0,455034000.0,57286500.0,27414500.0,0.0,44.58569206842923,81.11173646747227,0.0,2.018584793118604,1.1095804863713172,0.0,0.0557722733590832,0.0665201902854887,2003-04-22,0.13,bmo,111453333.0,2025-04-25,2003-03-31,0.1538461538461537,9.020491803278688,592483.606557377
2002-12-31,CME,USD,1156375,2003-03-21,2003-03-21 16:58:23,2002,Q4,122281000.0,22887000.0,99394000.0,0.8128327377,0,36716000.0,13005000.0,49721000.0,0.0,49721000.0,72608000.0,0.0,0.0,-35504000.0,14169000.0,0.1158724577,49673000.0,0.4062200996,3308000.0,52981000.0,0.4332725444,19932000.0,33049000.0,0.2702709333,0.2,0.2,162672415,162672415,https://www.sec.gov/Archives/edgar/data/1156375/000104746903009665/0001047469-03-009665-index.htm,https://www.sec.gov/Archives/edgar/data/1156375/000104746903009665/a2104660z10-k.htm,0.7517008953238937,0.2031629025732482,0.2432618953865042,0.1583550597684309,19.38098109627253,2.742560869954503,2.742560869954503,2.742560869954503,0.014310969687147,1420130182.95,1083198182.95,10.742610842612486,11.613661835853485,35.887248128727386,55.12927728843168,3.183156332331404,3.183156332331404,8.858270564928322,76.44845669772037,27.37284400459921,42.04961890333851,0.0232718101458474,0.0181391821040585,0.005218104671414,0.0006938864076952,-23.779518667513585,1.1126968943351327,0.0,1.197373596780538,3.0278914226495208e-05,0.0013010983690883,0.3002592389659881,0.0,0.0,0.3490346709794804,0.1129529526255101,1.0620530565167243,0.0,3.540720139115038,0.0665607722153845,0.0098506236631956,1.7336851487696916,325637000.0,446139000.0,306254000.0,435200000.0,48778000.0,21912500.0,0.0,37.43713250627653,108.56075501376328,0.0,2.4040302762213703,0.8290288694896222,0.0,0.0740778098305685,0.0849068356180732,2003-03-21,,bmo,,2025-04-25,2002-12-31,,8.623529411764705,2762147.0588235296
2002-09-30,CME,USD,1156375,2002-10-29,2002-10-29 16:10:04,2002,Q3,129649000.0,5881000.0,123768000.0,0.9546390639,0,70670000.0,12353000.0,83023000.0,0.0,83023000.0,88904000.0,0.0,0.0,12353000.0,53098000.0,0.4095519441,40745000.0,0.3142716103,-8489000.0,32256000.0,0.2487948229,12902000.0,19354000.0,0.149279979,0.13,0.13,144098895,149617750,https://www.sec.gov/Archives/edgar/data/1156375/000091205702040135/0000912057-02-040135-index.htm,https://www.sec.gov/Archives/edgar/data/1156375/000091205702040135/a2091972z10-q.htm,0.8997223746927414,0.134310537218207,0.3793644635512299,0.3109253544241265,18.54397981330808,2.078919480957852,2.078919480957852,2.078919480957852,0.0224290408333804,1236368519.1,1042436519.1,15.970452091298956,9.53627501253384,22.61677311491604,27.59504774350504,4.127143970023701,4.127143970023701,8.04045167413555,19.63231231119816,19.069193266381298,23.266594926792248,0.0156539087666907,0.0362383862965182,0.0107887972760957,0.0011285586085766,-3.6523409544615615,1.070658213289109,0.0,2.824532396403844,3.477927441188922e-05,0.0022217629430608,0.5450871198389498,0.0,0.0,0.1804046390809644,0.0760669191432251,0.7983485792924796,0.0,2.506485153999324,0.0764373892649609,0.0067580827074232,0.9918552810554168,179754000.0,299570000.0,159487000.0,288593000.0,47646000.0,17333000.0,0.0,32.4120509992364,248.19248427138243,0.0,2.776744982973164,0.3626217782710568,0.0,0.064605935173749,0.0684391091271033,2003-01-30,0.18,bmo,,2025-04-25,2002-09-30,0.0,,
2002-06-30,CME,USD,1156375,2002-08-13,2002-08-13 15:59:47,2002,Q2,113080000.0,5308000.0,107772000.0,0.9530597807,0,53788000.0,12337000.0,66125000.0,0.0,66125000.0,71433000.0,0.0,0.0,12337000.0,53984000.0,0.4773965334,41647000.0,0.368296781,-10555000.0,31092000.0,0.2749557835,12150000.0,18942000.0,0.1675097276,0.15,0.15,144002115,148180410,https://www.sec.gov/Archives/edgar/data/1156375/000091205702031548/0000912057-02-031548-index.htm,https://www.sec.gov/Archives/edgar/data/1156375/000091205702031548/a2086616z10-q.htm,0.7852662441798164,0.1315397346768136,0.1938582638178612,0.0181594555052194,20.11041990598541,1.907826145470155,1.907826145470155,1.907826145470155,0.0316523128844322,1235538146.7,1191990146.7,16.306859712543556,10.926230515564203,44.2591398015475,472.4811268451243,4.497265130982671,4.497265130982671,10.541122627343476,22.08043395635744,42.69917419042843,455.82797196940726,0.015330971407554,0.0021164866556199,0.0165907742482646,0.0014739008315025,-0.8066834617664493,1.0547437466004437,0.0,1.1368763999185505,0.0,0.0,0.475663247258578,0.0,0.0,0.9063261212208052,0.2237442518570923,2.0508227283780496,-0.0404050229925716,2.376233629539449,0.0872988454001524,0.0061251929684776,0.7961740700822345,153383000.0,274731000.0,137476000.0,264713000.0,45998000.0,17235000.0,0.0,38.68137601697913,312.7957799547852,0.0,2.326701096685253,0.2877276669557675,0.0,0.068947443135285,0.1756988083126417,2002-08-13,,bmo,,2025-04-25,2002-06-30,,,
2002-03-31,CME,USD,1156375,2002-05-08,2002-05-08 14:30:46,2002,Q1,104069000.0,9210000.0,94859000.0,0.9115010234,0,52478000.0,10814000.0,63292000.0,0.0,63292000.0,72502000.0,0.0,0.0,10814000.0,42381000.0,0.4072394277,31567000.0,0.3033276,-2977000.0,28590000.0,0.274721579,11481000.0,17109000.0,0.1644005419,0.12,0.11,143873500,149014695,https://www.sec.gov/Archives/edgar/data/1156375/000091205702019074/0000912057-02-019074-index.htm,https://www.sec.gov/Archives/edgar/data/1156375/000091205702019074/a2079105z10-q.htm,0.7233368201927387,0.1189169652507237,0.1319492470816377,0.0807514934994978,13.26470823327437,1.885086551727733,1.885086551727733,1.885086551727733,0.039903109328681,1234434630.0,1174273630.0,18.037796335262144,11.861693972268398,65.02500158027813,106.25190480289208,4.551515150397841,4.551515150397841,11.283606357320624,27.70754890163045,61.85596449641804,101.07364692718195,0.013859786159758,0.0094115959789624,0.0211677863237148,0.0027468584092814,-1.419527618508294,1.0865877245837896,0.0,1.1095914431001228,0.0,0.0,0.5042615956721022,0.0,0.0,0.3880109565950274,0.070779963293584,0.681154059552432,0.03957950974834,2.245840014169376,0.0656627420860093,0.0081860303996509,0.8491921722902411,156060000.0,271214000.0,139584000.0,232511000.0,42190500.0,19928000.0,0.0,37.52846669036889,156.5667752442997,0.0,2.3981795137688677,0.5748346024216702,0.0,0.0630830266874128,0.0511977535821398,2002-05-08,,bmo,,2025-04-25,2002-03-31,,,
2001-12-31,CME,USD,1156375,2002-06-10,2002-06-07 20:21:15,2001,Q4,107333000.0,0.0,0.0,0.0,0,0.0,0.0,196655000.0,-150159000.0,46496000.0,81566000.0,0.0,0.0,10360000.0,36127000.0,0.3365880018,25767000.0,0.2400659629,-2377000.0,23390000.0,0.2179199314,9569000.0,13821000.0,0.1287674806,0.0961,0.0961,143873500,143873500,https://www.sec.gov/Archives/edgar/data/1156375/000091205702023501/0000912057-02-023501-index.htm,https://www.sec.gov/Archives/edgar/data/1156375/000091205702023501/a2082050z10-ka.txt,0.7460234164039938,0.096063555832033,0.2998606414662881,0.2998606414662881,13.195293087330189,1.740202330519519,1.740202330519519,1.740202330519519,0.0462211595603081,1234434630.0,1171983630.0,22.32896733232038,11.500979475091537,28.61329168791433,28.61329168791433,4.93046115932883,4.93046115932883,10.919136053217557,32.44065740305035,27.165723193176024,27.165723193176024,0.011196218628442,0.0349487927116885,0.0265607962647132,0.0032142979707387,-1.7286517009438924,1.0800651554378984,0.0,3.1214818030533245,0.0,0.0,0.0,0.0,0.0,0.0,0.0,0.0,0.0,1.9394137088512484,0.0570168589803677,0.0066804228952752,0.7692903835661189,144265000.0,250369000.0,127598000.0,220166000.0,,,,34.367249587731635,0.0,0.0,2.6187722636998,0.0,0.0,0.0552025210788875,0.0,2002-06-07,,bmo,,2025-04-25,2001-12-31,,,
2001-09-30,CME,USD,1156375,2001-09-30,2001-09-29 20:00:00,2001,Q3,101860000.0,0.0,0.0,0.0,0,63332000.0,2055000.0,65387000.0,0.0,65387000.0,65387000.0,0.0,0.0,9245000.0,45718000.0,0.4488317298,36473000.0,0.3580698999,-6531000.0,29942000.0,0.2939524838,12166000.0,17776000.0,0.1745140389,0.12,0.12,143873500,146996245,,,0.7079830545583446,0.1235529823073741,0.2492189319089338,0.198292249788877,,,,,,1234434630.0,,17.36097308168317,12.11893412526998,34.42756107764391,43.26946720880508,0.0,0.0,,,,,0.0144001144880389,0.0231109848238784,0.0,0.0,,0.0,0.0,1.7697053452445586,0.0,0.0,0.6217553504810525,0.0,0.0,0.2043451584114234,0.0719320636167288,0.7925365062195782,0.0,,0.0,0.0,,,,,,,,,,0.0,0.0,0.0,0.0,0.0,0.0,0.0509266821200568,2001-09-29,,bmo,,2025-04-25,2001-09-30,,,
2001-06-30,CME,USD,1156375,2001-06-30,2001-06-29 20:00:00,2001,Q2,95267000.0,0.0,0.0,0.0,0,70387000.0,788000.0,71175000.0,0.0,71175000.0,71175000.0,0.0,0.0,9146000.0,33238000.0,0.3488931109,24092000.0,0.2528892481,-569000.0,23523000.0,0.2469165608,9293000.0,14230000.0,0.1493696663,0.098,0.096,143873500,146991680,,,0.6621580763656962,0.0989063309087497,,,,,,,,1234434630.0,,21.68718605059733,12.957630973999391,0.0,0.0,0.0,0.0,,,0.0,0.0,0.0115275443949591,,0.0,0.0,,0.0,0.0,0.0,,,0.7388392622838968,0.0,0.0,0.0,,0.0,,,0.0,0.0,,,,,,,,,,0.0,0.0,0.0,0.0,0.0,0.0,,2001-06-29,,bmo,,2025-04-25,2001-06-30,,,
