date,symbol,reportedCurrency,cik,fillingDate,acceptedDate,calendarYear,period,revenue,costOfRevenue,grossProfit,grossProfitRatio,researchAndDevelopmentExpenses,generalAndAdministrativeExpenses,sellingAndMarketingExpenses,sellingGeneralAndAdministrativeExpenses,otherExpenses,operatingExpenses,costAndExpenses,interestIncome,interestExpense,depreciationAndAmortization,ebitda,ebitdaratio,operatingIncome,operatingIncomeRatio,totalOtherIncomeExpensesNet,incomeBeforeTax,incomeBeforeTaxRatio,incomeTaxExpense,netIncome,netIncomeRatio,eps,epsdiluted,weightedAverageShsOut,weightedAverageShsOutDil,link,finalLink,revenuePerShare,netIncomePerShare,operatingCashFlowPerShare,freeCashFlowPerShare,cashPerShare,bookValuePerShare,tangibleBookValuePerShare,shareholdersEquityPerShare,interestDebtPerShare,marketCap,enterpriseValue,peRatio,priceToSalesRatio,pocfratio,pfcfRatio,pbRatio,ptbRatio,evToSales,enterpriseValueOverEBITDA,evToOperatingCashFlow,evToFreeCashFlow,earningsYield,freeCashFlowYield,debtToEquity,debtToAssets,netDebtToEBITDA,currentRatio,interestCoverage,incomeQuality,dividendYield,payoutRatio,salesGeneralAndAdministrativeToRevenue,researchAndDdevelopementToRevenue,intangiblesToTotalAssets,capexToOperatingCashFlow,capexToRevenue,capexToDepreciation,stockBasedCompensationToRevenue,grahamNumber,roic,returnOnTangibleAssets,grahamNetNet,workingCapital,tangibleAssetValue,netCurrentAssetValue,investedCapital,averageReceivables,averagePayables,averageInventory,daysSalesOutstanding,daysPayablesOutstanding,daysOfInventoryOnHand,receivablesTurnover,payablesTurnover,inventoryTurnover,roe,capexPerShare,report_date,epsEstimated,time,revenueEstimated,updatedFromDate,fiscalDateEnding,surprise(%),QuarterAvgPrice,QuarterAvgVolume
2025-03-31,CMG,USD,1058090,2025-04-24,2025-04-23 19:32:55,2025,Q1,2875253000.0,868067000.0,2007186000.0,0.6980902202,0,172783000.0,0.0,172783000.0,1355153000.0,1527936000.0,2396003000.0,22253000.0,0.0,87211000.0,588714000.0,0.2047520688,479250000.0,0.1666809842,22253000.0,501503000.0,0.1744204771,114904000.0,386599000.0,0.1344573851,0.29,0.28,1354518000,1360719000,https://www.sec.gov/Archives/edgar/data/1058090/000105809025000031/0001058090-25-000031-index.htm,https://www.sec.gov/Archives/edgar/data/1058090/000105809025000031/cmg-20250331.htm,2.122713024116328,0.2854144426283002,0.411271758662491,0.3043628803751593,1.0444468069084354,2.5772060614919847,2.5610091560245047,2.5772060614919847,3.420463220127012,68010348780.0,71917830780.0,43.97990474626163,23.65369196380284,122.0847260781762,164.96755431579203,19.482338160780458,19.482338160780458,25.012696545312707,122.16089778738063,129.09900961270924,174.44563758747407,0.0056844143124536,0.0060617980556693,1.3271981900224357,0.5122767410422757,6.63731795065176,1.5222997275404062,0.0,1.440963375487262,0.0,0.0,0.0600931465857091,0.0,0.0024257819522884,0.2599470448323834,0.0503642635969773,1.6604556764628315,0.0130774578793587,4.068214130368234,0.0448515060237232,0.0428499621210231,-2.9838001414525315,570110000.0,3468933000.0,-3891574000.0,7104559000.0,156393000.0,214050500.0,45164500.0,3.180054068285469,22.540356907934527,4.290947588146998,28.301405594818597,3.992838284131993,20.974388092879405,0.1107456818812033,0.1069088782873317,2025-04-23,0.277,amc,2944484567.0,2025-05-11,2025-03-31,0.0469314079422381,54.3865,12189793.983333332
2024-12-31,CMG,USD,1058090,2025-02-05,2025-02-05 16:24:21,2024,Q4,2845310000.0,2141049000.0,704261000.0,0.2475164393,0,191216000.0,0.0,191216000.0,97313000.0,288529000.0,2429578000.0,23365000.0,0.0,83876000.0,513045000.0,0.1803125143,415732000.0,0.14611132,23365000.0,439097000.0,0.154323079,107333000.0,331764000.0,0.1166003001,0.24,0.24,1361358000,1368923000,https://www.sec.gov/Archives/edgar/data/1058090/000105809025000014/0001058090-25-000014-index.htm,https://www.sec.gov/Archives/edgar/data/1058090/000105809025000014/cmg-20241231.htm,2.0900527267625417,0.2437007752552965,0.3869445068820986,0.2599499911118162,1.0452173491469547,2.6852201992422278,2.6691046734216863,2.6852201992422278,3.335359251570858,82089887400.0,85881968400.0,61.858646055629904,28.850946786114697,155.83629933367502,231.96769402489508,22.45625890085913,22.45625890085913,30.18369471164829,167.39656053562553,163.03504071985876,242.68326829337212,0.0040414722264559,0.0043109451262324,1.2421175933772957,0.4933108976232387,7.391322398620004,1.523473435275435,0.0,1.587785293160198,0.0,0.0,0.0672039250556178,0.0,0.0023835406948913,0.3281982648973935,0.060761393310395,2.061197481997234,0.0161061536352805,3.8371578670217015,0.0377834292319966,0.0361302857030842,-2.8964078515717397,611819000.0,3633607000.0,-3768241000.0,7024011000.0,193240500.0,215998000.0,49395000.0,6.680214106722993,8.85666325245242,2.057299949697555,13.472622069017763,10.16184057523909,43.74665931102121,0.0907563466579274,0.1269945157702823,2025-02-04,0.24,amc,2848533715.0,2025-05-04,2024-12-31,0.0416666666666667,60.26796875,8927407.046875
2024-09-30,CMG,USD,1058090,2024-10-30,2024-10-29 19:10:08,2024,Q3,2793576000.0,2081395000.0,712181000.0,0.2549352514,0,126614000.0,0.0,126614000.0,112311000.0,238925000.0,2320320000.0,29307000.0,0.0,84349000.0,585567000.0,0.2096119812,473256000.0,0.1694086719,29307000.0,502563000.0,0.1798995266,115175000.0,387388000.0,0.1386710081,0.28,0.28,1367038000,1374605000,https://www.sec.gov/Archives/edgar/data/1058090/000105809024000050/0001058090-24-000050-index.htm,https://www.sec.gov/Archives/edgar/data/1058090/000105809024000050/cmg-20240930.htm,2.043524759370259,0.2833776383685018,0.3266141833657879,0.2186983829271754,1.0001353290837562,2.643597325019494,2.627548758703123,2.643597325019494,3.279676205050628,78768729560.0,82553624560.0,50.83322764257024,28.19637967966506,176.41609867097878,263.4678831584546,21.79605776366682,21.79605776366682,29.551236322190626,140.98066414261731,184.89302109322853,276.1277074211708,0.0049180430122961,0.0037955290337933,1.2406111074523962,0.4975151109616753,6.46364122295143,1.6189246582469716,0.0,1.1525757122058504,0.0,0.0,0.0453232702457352,0.0,0.0024345099188052,0.3304075754657397,0.0528086581499841,1.7489833904373495,0.0016681128417483,4.10555334298917,0.0442481210165215,0.0430922794019086,-2.833979925942073,642372000.0,3591959000.0,-3717516000.0,6939395000.0,172180000.0,212390500.0,42704000.0,5.647245680804818,9.569106296498262,2.15543902046464,15.936972656584269,9.405267034491484,41.75483469748034,0.1071939495802039,0.1079158004386125,2024-10-29,0.25,amc,2817040816.0,2025-04-24,2024-09-30,0.08,55.3521875,16898370.71875
2024-06-30,CMG,USD,1058090,2024-07-25,2024-07-25 16:08:34,2024,Q2,2973117000.0,2113717000.0,859400000.0,0.2890569056,0,175028000.0,0.0,175028000.0,98319000.0,273347000.0,2387064000.0,21861000.0,0.0,83562000.0,684372000.0,0.230186703,586053000.0,0.1971173687,21861000.0,607914000.0,0.204470258,152243000.0,455671000.0,0.1532637296,0.33,0.33,1372800000,1381518000,https://www.sec.gov/Archives/edgar/data/1058090/000105809024000032/0001058090-24-000032-index.htm,https://www.sec.gov/Archives/edgar/data/1058090/000105809024000032/cmg-20240630.htm,2.1657320804195805,0.331928175990676,0.4098033216783217,0.3074650349650349,1.0852381993006992,2.703831585081585,2.687850378787879,2.703831585081585,3.116810897435897,84852768000.0,88324998000.0,46.55374601411984,28.54000296658355,150.82845045487028,201.0309887985444,22.86015162373176,22.86015162373176,29.70787829742321,129.05992355034982,157.00044793788595,209.2573065332348,0.0053701371297634,0.0049743574658636,1.1527385487442818,0.479690263328862,5.073600322631552,1.712397762175552,0.0,1.234614447704594,0.0,0.0,0.0588702025517327,0.0,0.0024595746445982,0.2497253714151637,0.0472534380584417,1.6812666044374238,0.0152163537459171,4.493690291953535,0.0539596706687021,0.0512110952971354,-2.603159054487179,743142000.0,3689881000.0,-3421717000.0,6801772000.0,129453500.0,200173000.0,36753500.0,5.117992329262521,8.663979141957036,1.5141099778257925,17.585020494348527,10.38783664242186,59.44086051743532,0.122762149026623,0.1023382867132867,2024-07-24,0.32,amc,2940180901.0,2025-04-24,2024-06-30,0.0625,62.12492063492064,15033311.111111112
2024-03-31,CMG,USD,1058090,2024-04-25,2024-04-25 15:51:35,2024,Q1,2701848000.0,1959998000.0,741850000.0,0.2745713304,0,204625000.0,0.0,204625000.0,95933000.0,300558000.0,2260556000.0,19364000.0,0.0,83243000.0,537225000.0,0.1988361299,441292000.0,0.1633296914,19364000.0,460656000.0,0.1704966379,101369000.0,359287000.0,0.132978243,0.26,0.26,1372200000,1381200000,https://www.sec.gov/Archives/edgar/data/1058090/000105809024000015/0001058090-24-000015-index.htm,https://www.sec.gov/Archives/edgar/data/1058090/000105809024000015/cmg-20240331.htm,1.9689899431569744,0.2618328232036146,0.414833114706311,0.3181249089054074,1.0347383763299811,2.449591167468299,2.433602973327503,2.449591167468299,3.029803964436671,78956388000.0,82386491000.0,54.93963600130258,29.22310507474884,138.70638085567623,180.87235041726703,23.489634010833218,23.489634010833218,30.49264466394853,153.35565359020893,144.73220327668412,188.72998939365127,0.0045504487869936,0.005528761016778,1.2368610748903186,0.4942781981605823,6.384853646051468,1.6501369124071417,0.0,1.5843434357491364,0.0,0.0,0.075735200499806,0.0,0.0026082927755437,0.2331255687467719,0.0491156423307306,1.59416407385606,0.0133253240004619,3.798832169119797,0.0448855401694845,0.0428267640604531,-2.582496356216295,648416000.0,3339390000.0,-3404151000.0,6544077000.0,129165500.0,197256000.0,38628000.0,2.992485143501781,9.039774530382171,1.7424660637408813,30.075337281268087,9.956000528278118,51.65093419769679,0.1068883765915208,0.0967082058009036,2024-04-24,0.2338,amc,2676151097.0,2025-04-24,2024-03-31,0.1548331907613345,51.13672131147541,11660737.704918033
2023-12-31,CMG,USD,1058090,2024-02-08,2024-02-07 18:24:05,2023,Q4,2516320000.0,1878016000.0,638304000.0,0.2536656705,0,169247000.0,0.0,169247000.0,105610000.0,274857000.0,2152873000.0,18906000.0,0.0,85492000.0,469057000.0,0.186405942,363447000.0,0.1444359223,18906000.0,382353000.0,0.1519492751,100267000.0,282086000.0,0.1121025943,0.21,0.2,1372000000,1381050000,https://www.sec.gov/Archives/edgar/data/1058090/000156276224000023/0001562762-24-000023-index.htm,https://www.sec.gov/Archives/edgar/data/1058090/000156276224000023/cmg-20231231x10k.htm,1.8340524781341108,0.2056020408163265,0.1934832361516035,0.0681698250728863,0.9442033527696791,2.231929300291545,2.215938775510204,2.231929300291545,2.95307944606414,62755280000.0,66246296000.0,55.61715221599087,24.939308196095887,236.40290967720065,670.97135647767,20.49348068239672,20.49348068239672,26.32665797672792,141.23293331087692,249.5537766660765,708.296849105625,0.0044950161962467,0.0014903765866394,1.3231061779951518,0.5036602032578842,7.442626375898878,1.5725535476046089,0.0,0.9410569826223208,0.0,0.0,0.0672597284924016,0.0,0.0027272517074691,0.6476706384036707,0.0683259680803713,2.011065362840968,0.0148864214408342,3.213254958713702,0.0369243770729272,0.0351621947633526,-2.580672193877551,590088000.0,3040268000.0,-3361442000.0,6360613000.0,119808500.0,202593500.0,39743000.0,6.026479144147008,9.47177233846783,1.8838018419438387,14.93409299979228,9.501917569796506,47.77572566079015,0.0921185275848432,0.1253134110787172,2024-02-06,0.19,amc,2488500000.0,2025-04-24,2023-12-31,0.1052631578947368,41.60873015873016,11123571.42857143
2023-09-30,CMG,USD,1058090,2023-10-27,2023-10-26 19:05:33,2023,Q3,2471948000.0,1822105000.0,649843000.0,0.2628870025,0,159501000.0,0.0,159501000.0,95392000.0,254893000.0,2076998000.0,18392000.0,0.0,78546000.0,490342000.0,0.1983625869,394950000.0,0.1597727784,18392000.0,413342000.0,0.1672130644,100125000.0,313217000.0,0.1267085715,0.23,0.23,1377500000,1384050000,https://www.sec.gov/Archives/edgar/data/1058090/000105809023000041/0001058090-23-000041-index.htm,https://www.sec.gov/Archives/edgar/data/1058090/000105809023000041/cmg-20230930x10q.htm,1.794517604355717,0.2273807622504537,0.3488,0.2535549909255898,1.0555397459165154,2.0953277676951,2.07940108892922,2.0953277676951,2.9169372050816698,50471600000.0,53887374000.0,40.28485043915241,20.41774341531456,105.04587155963304,144.50514212418975,17.486524335190143,17.486524335190143,21.799558081318864,109.8975286636674,112.15507667460332,154.28483817769532,0.0062058068299796,0.0069201689663097,1.392114995111412,0.5078789806171856,6.966105289777339,1.5347359169335124,0.0,1.5339908114821357,0.0,0.0,0.0645244155621396,0.0,0.0027730543400594,0.2730648195940658,0.0530755501329316,1.6703587706566854,0.0144829098346728,3.2741163024728825,0.0423383025220441,0.0397002162606403,-2.539196370235935,581636000.0,2864375000.0,-3355836000.0,6252394000.0,66053500.0,184791000.0,38090500.0,2.589447674465644,10.251160059381869,1.9844794893817863,34.756446669103795,8.779494172235847,45.35194265375713,0.108517992151928,0.0952450090744101,2023-10-26,0.21,amc,2471540000.0,2025-04-24,2023-09-30,0.0952380952380953,38.98952380952381,13039285.714285716
2023-06-30,CMG,USD,1058090,2023-07-28,2023-07-28 11:52:40,2023,Q2,2514801000.0,1823946000.0,690855000.0,0.2747155739,0,156496000.0,0.0,156496000.0,102549000.0,259045000.0,2082991000.0,16446000.0,0.0,78771000.0,534359000.0,0.2124856003,431810000.0,0.1717074234,16446000.0,448256000.0,0.1782471058,106466000.0,341790000.0,0.1359113504,0.25,0.25,1380200000,1387350000,https://www.sec.gov/Archives/edgar/data/1058090/000105809023000030/0001058090-23-000030-index.htm,https://www.sec.gov/Archives/edgar/data/1058090/000105809023000030/cmg-20230630x10q.htm,1.822055499203014,0.2476380234748587,0.4220475293435733,0.3226184610925953,0.9824721054919576,2.0046993189392843,1.9888037965512244,2.0046993189392843,2.81697724967396,59044956000.0,62428082000.0,43.18803651364873,23.47897746183495,101.36299119328424,132.60245509546846,21.33985859916165,21.33985859916165,24.824263231961496,116.82797894299526,107.17083311874474,140.20023895184582,0.0057886400999265,0.0075413385014631,1.4051869140976534,0.514799796357069,6.331185588714703,1.584544667854416,0.0,1.7042921091898535,0.0,0.0,0.0622299736639201,0.0,0.0029048909391474,0.2355873718906113,0.0545697253977551,1.742163994363408,0.0121965913008623,3.342139282342852,0.0483179086551987,0.0453874485824041,-2.438632263440081,574169000.0,2744947000.0,-3229130000.0,6051791000.0,63427000.0,172323500.0,35301500.0,2.1825384990701053,7.995680793181377,1.776565753591389,41.23638599655653,11.256077165655606,50.659537829130095,0.12352876121387,0.0994290682509781,2023-07-26,0.25,amc,2526160000.0,2025-04-24,2023-06-30,0.0,39.55645161290322,14963225.806451611
2023-03-31,CMG,USD,1058090,2023-04-27,2023-04-26 17:44:08,2023,Q1,2368580000.0,1761490000.0,607090000.0,0.2563096877,0,148340000.0,0.0,148340000.0,91144000.0,239484000.0,2000974000.0,8949000.0,0.0,76585000.0,458750000.0,0.1936814463,367606000.0,0.1552010065,8949000.0,376555000.0,0.1589792196,84911000.0,291644000.0,0.1231303144,0.21,0.21,1388780952,1389400000,https://www.sec.gov/Archives/edgar/data/1058090/000105809023000020/0001058090-23-000020-index.htm,https://www.sec.gov/Archives/edgar/data/1058090/000105809023000020/cmg-20230331x10q.htm,1.7055101429703363,0.2100000000576044,0.3276513832830852,0.2409789675744343,0.7651206610155177,1.7869520721940315,1.771154764513216,1.7869520721940315,2.715759454051037,47454645129.84,50816513129.84,40.67857141741301,20.035061146273296,104.28767202999325,141.79660716425582,19.12194542411305,19.12194542411305,21.454421269216155,110.77169074624524,111.67580835327315,151.84201946962204,0.0061457418805269,0.0070523549187718,1.5197718485625693,0.5347222576662624,7.328322615803815,1.410863758986771,0.0,1.5602446818724198,0.0,0.0,0.0626282413935775,0.0,0.0031104271829133,0.2645263231920112,0.0508190561433432,1.5717046419011556,0.0084793420530444,2.905744060207793,0.0444981554258888,0.0414771782650848,-2.478721172725301,367350000.0,2459746000.0,-3310245000.0,5704895000.0,110245000.0,183586000.0,35133500.0,2.502854030685052,9.329908202714746,1.7677704670477834,35.95894882266317,9.64639716110095,50.911587040087866,0.1175185408301214,0.0866724157086509,2023-04-25,0.18,amc,2338970000.0,2025-04-24,2023-03-31,0.1666666666666666,31.422096774193548,14235403.225806452
2022-12-31,CMG,USD,1058090,2023-02-09,2023-02-08 20:00:47,2022,Q4,2180599000.0,1658057000.0,522542000.0,0.2396323212,0,135073000.0,0.0,135073000.0,91138000.0,226211000.0,1884268000.0,0.0,0.0,74012000.0,387469000.0,0.1776892496,296331000.0,0.1358943116,7057000.0,303388000.0,0.1391305783,79661000.0,223727000.0,0.1025988731,0.16,0.16,1384200000,1394950000,https://www.sec.gov/Archives/edgar/data/1058090/000105809023000010/0001058090-23-000010-index.htm,https://www.sec.gov/Archives/edgar/data/1058090/000105809023000010/cmg-20221231x10k.htm,1.5753496604536916,0.1616290998410634,0.2901119780378558,0.1863365120647305,0.6495708712613785,1.7107520589510186,1.6949024707412224,1.7107520589510186,2.6957159370033232,38411550000.0,41758960000.0,42.92234509022156,17.61513694173023,95.65272067594184,148.92411418734758,16.220936198677126,16.220936198677126,19.15022431909764,107.77367995891284,103.98846535997193,161.9022436580893,0.0058244720663446,0.0067148292635938,1.575749053113082,0.5386370040349309,8.639168552839067,1.275477285546926,0.0,1.7949241709762345,0.0,0.0,0.0619430716055542,0.0,0.0031669415131337,0.357708312062813,0.0658745601552601,1.9408474301464629,0.0094740023268835,2.494276367032877,0.0350092033436321,0.0323980731482507,-2.5477136613206186,253957000.0,2346084000.0,-3383644000.0,5529445000.0,168980500.0,176204000.0,34710000.0,6.381682280877869,10.018316619995574,1.9360733678033988,14.102864423331887,8.98354518166943,46.48584165077941,0.0944783897791533,0.1037754659731252,2023-02-07,0.18,amc,2231504406.0,2025-04-24,2022-12-31,-0.0555555555555554,29.87809523809524,15217777.777777778
2022-09-30,CMG,USD,1058090,2022-10-26,2022-10-26 15:44:39,2022,Q3,2220175000.0,1657629000.0,562546000.0,0.2533791255,0,140896000.0,0.0,140896000.0,85397000.0,226293000.0,1883922000.0,3712000.0,0.0,71416000.0,421650000.0,0.1899174615,336253000.0,0.1514533764,3712000.0,339965000.0,0.1531253167,82827000.0,257138000.0,0.1158187981,0.19,0.18,1388650000,1397800000,https://www.sec.gov/Archives/edgar/data/1058090/000105809022000043/0001058090-22-000043-index.htm,https://www.sec.gov/Archives/edgar/data/1058090/000105809022000043/cmg-20220930x10q.htm,1.5988009937709289,0.185171209448025,0.2534245490224318,0.1533107694523458,0.56450581500018,1.6760025924459008,1.660203795052749,1.6760025924459008,2.685462859611853,41742819000.0,45105364000.0,40.5840628378536,18.801589514340087,118.61518592399366,196.0723314309871,17.93553311640853,17.93553311640853,20.31613003479455,106.9734708881774,128.17009644292136,211.86671363817845,0.0061600535411851,0.005100158664416,1.602302330387676,0.5470043947600836,7.974730226491165,1.3173843349142944,0.0,1.368595851254968,0.0,0.0,0.0634616640580134,0.0,0.0032180715421352,0.3950437317784256,0.0626180368664632,1.946664612971883,0.0113279358609118,2.64250205474428,0.0408134906660526,0.0378394637155363,-2.5577172073596657,259575000.0,2305442000.0,-3412624000.0,5462188000.0,182425000.0,163211500.0,31604000.0,7.432116837636673,9.112883522187412,1.8325451593812607,12.1096051052689,9.876127548527782,49.11202299123015,0.1104838442867755,0.100113779570086,2022-10-25,0.18,amc,2234318455.0,2025-04-24,2022-09-30,0.0555555555555556,30.9984375,12542656.25
2022-06-30,CMG,USD,1058090,2022-07-27,2022-07-27 15:26:19,2022,Q2,2213339000.0,1655254000.0,558085000.0,0.2521461918,0,140820000.0,0.0,140820000.0,79667000.0,220487000.0,1875741000.0,0.0,0.0,69733000.0,417265000.0,0.1885228607,337598000.0,0.1525288264,10572000.0,348170000.0,0.1573053202,88228000.0,259942000.0,0.117443374,0.19,0.19,1395250000,1404600000,https://www.sec.gov/Archives/edgar/data/1058090/000105809022000036/0001058090-22-000036-index.htm,https://www.sec.gov/Archives/edgar/data/1058090/000105809022000036/cmg-20220630x10q.htm,1.5863386489876363,0.1863049632682315,0.2055445260705966,0.1336341157498656,0.5458641820462282,1.543951979931912,1.5282279161440602,1.543951979931912,2.597636982619602,36485787500.0,39589207500.0,35.090315820452254,16.48450034088768,127.22304261714308,195.6835636862909,16.937055258126104,16.937055258126104,17.88664434142262,94.877853402514,138.04442162448655,212.3280799987128,0.0071244727827239,0.0051102912332644,1.682459698477253,0.5537306258991135,7.437527710208141,1.2581410086060631,0.0,1.1032691908194905,0.0,0.0,0.0636233310848451,0.0,0.0033518523724374,0.3498532006443829,0.0453310586403619,1.4388166291425868,0.0129356596526786,2.5440190900336,0.0423993496476793,0.0398476437966292,-2.493215911127038,214676000.0,2132260000.0,-3344838000.0,5259897000.0,160753000.0,163743000.0,29654000.0,7.380658814578336,8.622416861702192,1.6015910549075851,12.19403338659027,10.437908702808029,56.194120043454646,0.1206675892060111,0.071910410320731,2022-07-26,0.18,amc,2245013459.0,2025-04-24,2022-06-30,0.0555555555555556,27.86193548387097,12672258.064516127
2022-03-31,CMG,USD,1058090,2022-04-28,2022-04-28 16:42:22,2022,Q1,2020539000.0,1601593000.0,418946000.0,0.207343684,0,147402000.0,0.0,147402000.0,81323000.0,228725000.0,1830318000.0,0.0,0.0,71665000.0,271544000.0,0.1343918628,190221000.0,0.0941436914,-213000.0,190008000.0,0.0940382739,31714000.0,158294000.0,0.0783424621,0.11,0.11,1402150000,1415050000,https://www.sec.gov/Archives/edgar/data/1058090/000105809022000027/0001058090-22-000027-index.htm,https://www.sec.gov/Archives/edgar/data/1058090/000105809022000027/cmg-20220331x10q.htm,1.4410291338301893,0.1128937702813536,0.2017630068109688,0.1331811860357308,0.6106636237207146,1.5219199087116215,1.5062732232642728,1.5219199087116215,2.535122490461078,44364026000.0,47302785000.0,70.06586794193083,21.9565304109448,156.81764710040932,237.57109349898252,20.78953026298525,20.78953026298525,23.41097350756407,174.1993378605309,167.20555174583424,253.30826282531865,0.0035680711214081,0.0042092663095995,1.665739751448012,0.5496336391146973,10.8224044722034,1.315152961721788,0.0,1.787193450162356,0.0,0.0,0.0729518212714528,0.0,0.0033923191857073,0.3399127613095701,0.0475922513745094,1.3418265541059091,0.0116751025345217,1.9661748962429413,0.027057583179709,0.0245595329819257,-2.394274507007096,262755000.0,2112021000.0,-3236804000.0,5211276000.0,166829500.0,166033000.0,31339000.0,6.2357816404434665,9.491456318802593,1.6775048342494006,14.432833795251293,9.482211894260088,53.65111215328956,0.0741785225589982,0.068581820775238,2022-04-26,0.11,amc,2006120069.0,2025-04-24,2022-03-31,0.0,30.11435483870968,16883951.612903226
2021-12-31,CMG,USD,1058090,2022-02-11,2022-02-11 15:36:45,2021,Q4,1960633000.0,1564615000.0,396018000.0,0.2019847672,0,159777000.0,0.0,159777000.0,77945000.0,237722000.0,1802337000.0,0.0,0.0,66262000.0,265113000.0,0.1352180648,158296000.0,0.0807371905,9263000.0,167559000.0,0.0854616851,34084000.0,133475000.0,0.0680775035,0.0948,0.0938,1407500000,1423750000,https://www.sec.gov/Archives/edgar/data/1058090/000105809022000011/0001058090-22-000011-index.htm,https://www.sec.gov/Archives/edgar/data/1058090/000105809022000011/cmg-20211231x10k.htm,1.3929896980461811,0.0948312611012433,0.3114884547069271,0.2248767317939609,0.7647026642984014,1.6322373001776198,1.6166500888099469,1.6322373001776198,2.501111190053286,49220275000.0,51925215000.0,92.19006368233752,25.10427754709831,112.26740340312942,155.50741831324996,21.42458084752417,21.42458084752417,26.48390341282637,195.8606895927397,118.4371493088819,164.05345419159974,0.0027117889934584,0.0064305613895899,1.5323208149826717,0.5291351606308051,10.202970054278742,1.5813121936814538,0.0,3.284660048698258,0.0,0.0,0.0814925587807611,0.0,0.0032976309184576,0.2780575703663154,0.0621768581881463,1.8397573269747367,0.0192034919334725,1.8662020886890784,0.0210230849659579,0.0201288821522001,-2.214994493783304,507882000.0,2275435000.0,-2974020000.0,5417393000.0,294177500.0,167436500.0,30638000.0,8.88981772723401,9.385369563758497,1.88822170310268,10.123942105616456,9.589393298643673,47.66389447389265,0.0580989425317775,0.0866117229129662,2022-02-08,0.1,amc,1959884943.0,2025-04-24,2021-12-31,0.0999999999999999,35.21390625,10976718.75
2021-09-30,CMG,USD,1058090,2021-10-27,2021-10-26 20:53:41,2021,Q3,1952315000.0,1492962000.0,459353000.0,0.2352863139,0,145930000.0,0.0,145930000.0,73743000.0,219673000.0,1712635000.0,0.0,126000.0,63191000.0,313423000.0,0.1605391548,239680000.0,0.122767074,-126000.0,239554000.0,0.1227025352,35120000.0,204434000.0,0.1047136348,0.15,0.14,1407500000,1423750000,https://www.sec.gov/Archives/edgar/data/1058090/000156276221000375/0001562762-21-000375-index.htm,https://www.sec.gov/Archives/edgar/data/1058090/000156276221000375/cmg-20210930x10q.htm,1.3870799289520426,0.1452461811722913,0.1995047957371225,0.1224561278863232,0.7265669626998223,1.6418529307282417,1.6262657193605683,1.6418529307282417,2.479349911190053,51162625000.0,53931075000.0,62.566188843343085,26.206132207148947,182.20113389101968,296.8410044268582,22.13962001083557,22.13962001083557,27.624166694411507,172.07121047274768,192.06018098097243,312.9033053487819,0.0039957683953862,0.0033688068194311,1.5100380456513198,0.5265218744676591,8.832950995938397,1.7845713802229002,1902.2222222222224,1.3735631059412818,0.0,0.0,0.0747471591418393,0.0,0.0033102645359903,0.38619957763984,0.0555473886130055,-2.564098926561688,0.0184708922484332,2.3163850144747657,0.0341398313371163,0.0309484578907561,-2.119909058614565,667642000.0,2288969000.0,-2798053000.0,5502850000.0,377500500.0,155981500.0,26804500.0,18.19495317097907,10.351288244442928,1.7150470005264702,4.9464265807262375,8.694569977636974,52.47669595782074,0.0884647939251584,0.0770486678507993,2021-10-21,0.12,amc,1931320000.0,2025-04-24,2021-09-30,0.1666666666666668,36.38015625,12689609.375
2021-06-30,CMG,USD,1058090,2021-07-23,2021-07-23 14:10:42,2021,Q2,1892538000.0,1429656000.0,462882000.0,0.2445826715,0,146044000.0,0.0,146044000.0,71313000.0,217357000.0,1647013000.0,851000.0,0.0,62082000.0,316838000.0,0.1674143399,245525000.0,0.1297331943,851000.0,246376000.0,0.130182855,58402000.0,187974000.0,0.0993237652,0.13,0.13,1406700000,1425050000,https://www.sec.gov/Archives/edgar/data/1058090/000105809021000039/0001058090-21-000039-index.htm,https://www.sec.gov/Archives/edgar/data/1058090/000105809021000039/cmg-20210630x10q.htm,1.3453742802303263,0.1336276391554702,0.1826153408686998,0.0933966019762564,0.7042930262316058,1.5455733276462642,1.5299772517238928,1.5455733276462642,2.380181275325229,43621767000.0,46301699000.0,58.0156923297903,23.049348018375326,169.81048718298072,332.0249275009324,20.06375203642054,20.06375203642054,24.465399902141996,146.13682386582417,180.24290635887652,352.4230977081922,0.0043091789472902,0.0030118220566351,1.5399989329202386,0.5297405850908812,8.458366736313195,1.732895584127083,0.0,1.366598572142956,0.0,0.0,0.0771683316266304,0.0,0.0034711114106676,0.4885610292543356,0.0663151809897608,1.060913963042486,0.0249876092316244,2.155679611071245,0.0328719798547359,0.0298441775561382,-2.042195030923438,612324000.0,2152219000.0,-2698486000.0,5246359000.0,336440000.0,143834000.0,24731500.0,17.13456215938597,8.829109939733755,1.5838145679799898,5.2525415684870485,10.193552987144477,56.82483405540761,0.0864582978789949,0.0892187388924433,2021-07-20,0.13,amc,1930210000.0,2025-04-24,2021-06-30,0.1538461538461537,28.534761904761904,14441507.936507937
2021-03-31,CMG,USD,1058090,2021-04-29,2021-04-28 19:59:18,2021,Q1,1741575000.0,1352819000.0,388756000.0,0.2232209351,0,155103000.0,0.0,155103000.0,72211000.0,227314000.0,1580133000.0,0.0,2168000.0,63122000.0,233653000.0,0.1341618937,161442000.0,0.0926988502,-2168000.0,159274000.0,0.091454,32173000.0,127101000.0,0.0729804918,0.0904,0.089,1406250000,1429100000,https://www.sec.gov/Archives/edgar/data/1058090/000105809021000022/0001058090-21-000022-index.htm,https://www.sec.gov/Archives/edgar/data/1058090/000105809021000022/cmg-20210331x10q.htm,1.2384533333333334,0.0903829333333333,0.2175808,0.1559850666666666,0.7526122666666667,1.4915776,1.4759765333333332,1.4915776,2.312128,39965625000.0,42520111000.0,78.60997356433073,22.947978123250508,130.6181427773039,182.19692825296096,19.053651650440447,19.053651650440447,24.41474584786759,181.97973490603587,138.96687289401353,193.8424236622081,0.0031802580342481,0.0054885667370396,1.5490889050030727,0.528416136517799,10.932819180579749,1.746815362995861,74.46586715867159,2.4073217362569923,0.0,0.0,0.0890590413849532,0.0,0.0035678629852144,0.283093606298595,0.0497360148141768,0.7706933829221201,0.0318045447368043,1.7416360333323375,0.0233214664029925,0.0207440037081042,-1.953128355555556,622847000.0,2075592000.0,-2594677000.0,5116801000.0,349927000.0,134703500.0,25374500.0,16.152844408078895,9.807320861105588,1.616890360055558,5.571774092926087,9.176818141733992,55.66240125082291,0.0605955287430793,0.0615957333333333,2021-04-21,0.1,amc,1574184355.0,2025-04-24,2021-03-31,0.0999999999999999,28.92295081967213,14421229.50819672
2020-12-31,CMG,USD,1058090,2021-02-10,2021-02-09 21:59:51,2020,Q4,1607710000.0,1294483000.0,313227000.0,0.1948280473,0,124024000.0,0.0,124024000.0,72317000.0,196341000.0,1490824000.0,846000.0,0.0,108442000.0,237689000.0,0.1478432056,116886000.0,0.0727034104,846000.0,117732000.0,0.0732296247,-73227000.0,190959000.0,0.1187770182,0.14,0.13,1399600000,1427600000,https://www.sec.gov/Archives/edgar/data/1058090/000105809021000010/0001058090-21-000010-index.htm,https://www.sec.gov/Archives/edgar/data/1058090/000105809021000010/cmg-20201231x10k.htm,1.1486924835667334,0.1364382680765933,0.0822549299799942,-0.0081951986281794,0.6799106887682195,1.443365961703344,1.4276907687910831,1.443365961703344,2.2556816233209487,38810908000.0,41359973000.0,50.81052477233333,24.14049051134844,337.12265035961224,-3383.6885789014823,19.21203681932148,19.21203681932148,25.72601588594958,174.0087803810862,359.2645582154894,-3605.9261551874456,0.004920240464356,-0.0002955354716256,1.5627925856440288,0.5276795718996286,10.724370921666548,1.7273640566334914,0.0,0.6028728679978425,0.0,0.0,0.0771432658875045,0.0,0.0036669532614305,1.0996317014697197,0.0787418128891404,1.1673890190147729,0.013713294064228,2.104978128235301,0.0353347246832859,0.032034956803077,-1.9344621677622176,598038000.0,1998196000.0,-2542524000.0,4971473000.0,258542500.0,139657000.0,25954500.0,21.68019729926417,8.481455530895346,1.838610472288937,4.1512537343493,10.611386179195016,48.95000945358291,0.0945278409611238,0.0904501286081737,2021-02-02,0.07,amc,1715465361.0,2025-04-24,2020-12-31,0.0,26.2309375,16515312.5
2020-09-30,CMG,USD,1058090,2020-10-28,2020-10-28 17:05:00,2020,Q3,1601414000.0,1289189000.0,312225000.0,0.1949683217,0,133150000.0,0.0,133150000.0,71979000.0,205129000.0,1494318000.0,0.0,595000.0,-27959000.0,167276000.0,0.1044551877,107096000.0,0.0668758984,-595000.0,106501000.0,0.0665043518,26257000.0,80244000.0,0.0501082169,0.0574,0.0564,1398650000,1422700000,https://www.sec.gov/Archives/edgar/data/1058090/000105809020000041/0001058090-20-000041-index.htm,https://www.sec.gov/Archives/edgar/data/1058090/000105809020000041/cmg-20200930x10q.htm,1.1449712222500268,0.0573724663067958,0.1743037929431952,0.1161741679476638,0.718707324920459,1.290949129517749,1.2752632896006864,1.290949129517749,2.210381439244986,34784425500.0,37212979500.0,108.37079875130851,21.72106994193881,142.6819209155421,214.07512908725005,19.26489544114764,19.26489544114764,23.23757597972791,222.4645466175662,152.6435846425202,229.02127247102845,0.002306894503691,0.0046712572556358,1.7118846734522752,0.5488552180181971,14.518245295200746,1.5108573224716453,179.99327731092436,3.0381087682568166,0.0,0.0,0.0831452703673128,0.0,0.0038956680469632,0.3334960416752123,0.050769507447793,0.7521578640615026,0.0123746888687122,1.2909148102541472,0.0160430438603038,0.0143045057125148,-1.938119257855789,409563000.0,1783647000.0,-2614774000.0,4686937000.0,147824000.0,158923500.0,24821000.0,7.294915618322308,10.982997838175784,1.7776757325729586,12.337359979045006,8.194483994813252,50.62790606346214,0.0444420814073658,0.0581296249955314,2020-10-21,0.07,amc,1477900686.0,2025-04-24,2020-09-30,0.1428571428571427,24.100625,15991875.0
2020-06-30,CMG,USD,1058090,2020-07-29,2020-07-28 18:20:04,2020,Q2,1364738000.0,1197976000.0,166762000.0,0.1221934173,0,102647000.0,0.0,102647000.0,69054000.0,171701000.0,1369677000.0,623000.0,0.0,105202000.0,109293000.0,0.0800835032,-4939000.0,-0.0036190097,623000.0,-4316000.0,-0.0031625118,-12491000.0,8175000.0,0.0059901607,0.0058,0.0058,1395550000,1416650000,https://www.sec.gov/Archives/edgar/data/1058090/000105809020000031/0001058090-20-000031-index.htm,https://www.sec.gov/Archives/edgar/data/1058090/000105809020000031/cmg-20200630x10q.htm,0.9779212496865036,0.0058579054852925,0.0880384077962093,0.0251227114757622,0.6496814875855398,1.221379384472072,1.2056587008706243,1.221379384472072,2.154257461216008,29376327500.0,31777079500.0,898.3586391437309,21.52525063418766,239.1001896436653,837.8872646891044,17.234612166881004,17.234612166881004,23.284380958103316,290.7512786729251,258.6404217740229,906.3627923559612,0.0002782852962134,0.0011934779798461,1.7637905867775576,0.5598327339994998,21.96620094608072,1.590677537203842,0.0,15.028990825688073,0.0,0.0,0.0752137040223105,0.0,0.0040853767200005,0.7146391886832381,0.0643361582955849,0.8346039048687287,0.0171219677330007,0.4012247654473099,0.001931203490712,0.0015285545203143,-1.879184909175594,427165000.0,1682557000.0,-2515290000.0,4581317000.0,142969000.0,145473000.0,23756500.0,10.93700036197424,12.059565467087822,1.816413684414379,8.228947336685842,7.462955464325985,49.54818429977666,0.0047961391519839,0.0629156963204471,2020-07-22,0.00883,amc,1194145749.0,2025-04-24,2020-06-30,0.1325028312570782,18.514920634920635,29448095.23809524
2020-03-31,CMG,USD,1058090,2020-04-29,2020-04-28 18:29:51,2020,Q1,1410772000.0,1161905000.0,248867000.0,0.1764048337,0,106470000.0,0.0,106470000.0,71276000.0,177746000.0,1339651000.0,2743000.0,0.0,101335000.0,185358000.0,0.1313876374,71121000.0,0.0504128236,2743000.0,73864000.0,0.0523571491,-2524000.0,76388000.0,0.0541462405,0.055,0.054,1389600000,1416150000,https://www.sec.gov/Archives/edgar/data/1058090/000105809020000020/0001058090-20-000020-index.htm,https://www.sec.gov/Archives/edgar/data/1058090/000105809020000020/cmg-20200331x10q.htm,1.0152360391479562,0.0549712147380541,0.1310240356937248,0.0751424870466321,0.6342062464018423,1.203238341968912,1.187450345423143,1.203238341968912,2.11797351755901,18189864000.0,20632685000.0,59.53115672618736,12.893553316907338,99.9053336335825,174.2023789001896,10.878975131876413,10.878975131876413,14.625102426189349,111.31262206109258,113.3221929906465,197.59701392480224,0.0041994816453822,0.0057404497361827,1.7602277484719082,0.5652823938132576,13.178934818027816,1.6153635878911676,0.0,2.383502644394408,0.0,0.0,0.075469317508428,0.0,0.004213780959449,0.4264984538998522,0.0550429126747624,0.7662998963832832,0.0123301284686682,1.2199295671235484,0.0155860297329789,0.0147337791580328,-1.8360956390328151,409706000.0,1650081000.0,-2458967000.0,4488727000.0,114171000.0,123119500.0,24715500.0,7.661252137127757,10.102435224910812,1.807505777150456,11.7474269726543,8.908743089792445,49.79237197343047,0.0456860563868853,0.0558815486470926,2020-04-21,0.05,amc,1332904714.0,2025-04-24,2020-03-31,0.1999999999999999,15.810483870967742,34299112.90322581
2019-12-31,CMG,USD,1058090,2020-02-05,2020-02-04 21:00:06,2019,Q4,1440224000.0,1163779000.0,276445000.0,0.1919458362,0,112416000.0,0.0,112416000.0,65873000.0,178289000.0,1342068000.0,0.0,0.0,101479000.0,210359000.0,0.1460599185,98156000.0,0.0681532873,2840000.0,100996000.0,0.0701252027,28580000.0,72416000.0,0.0502810674,0.0522,0.051,1388450000,1418600000,https://www.sec.gov/Archives/edgar/data/1058090/000105809020000010/0001058090-20-000010-index.htm,https://www.sec.gov/Archives/edgar/data/1058090/000105809020000010/cmg-20191231x10k.htm,1.0372890633440166,0.0521560012964096,0.1343865461485829,0.0652828693867262,0.6343634988656416,1.212161763117145,1.196360689978033,1.212161763117145,2.053738341315856,23242653000.0,25613540000.0,80.24004708904108,16.138220860088428,124.5660408705765,256.42255245912486,13.81003799109461,13.81003799109461,17.784414091141375,121.76108462200332,137.27250802566067,282.5791575649257,0.0031156512124498,0.0038998129860648,1.6942774502592357,0.5586159083055219,11.270670615471646,1.6084837374529886,0.0,2.576626712328767,0.0,0.0,0.0780545248516897,0.0,0.0042978848114368,0.5142157361902363,0.0666194980780767,0.9454862582406212,0.0178715255404714,1.192679330747964,0.0152629316920896,0.0142476437065988,-1.7620803773992582,405611000.0,1661087000.0,-2349374000.0,4391706000.0,80781500.0,117149500.0,24983500.0,6.764572733130402,8.956545873400362,2.01811512323216,13.304609699769053,10.048516612557853,44.59606836296751,0.0430272616109317,0.0691036767618567,2020-02-04,0.05,amc,1384830769.0,2025-04-24,2019-12-31,0.1999999999999999,16.0459375,22459375.0
2019-09-30,CMG,USD,1058090,2019-10-23,2019-10-22 18:42:15,2019,Q3,1403697000.0,1111809000.0,291888000.0,0.2079423123,0,115070000.0,0.0,115070000.0,61197000.0,176267000.0,1288076000.0,4411000.0,0.0,92390000.0,217002000.0,0.1545931921,115621000.0,0.0823689158,4411000.0,120032000.0,0.0855113319,21450000.0,98582000.0,0.0702302562,0.071,0.0694,1388750000,1419400000,https://www.sec.gov/Archives/edgar/data/1058090/000105809019000038/0001058090-19-000038-index.htm,https://www.sec.gov/Archives/edgar/data/1058090/000105809019000038/cmg-20190930x10q.htm,1.0107629162916292,0.0709861386138613,0.1688770477047704,0.0997767776777677,0.5871186318631864,1.1682786678667867,1.15248100810081,1.1682786678667867,2.023070387038704,23344887500.0,25767861500.0,59.20169883954474,16.631001918505206,99.5398737037795,168.47607620972107,14.388690354754267,14.388690354754267,18.35713939689263,118.74481110773172,109.87115184540863,185.96226680619205,0.0042228517914254,0.0059355608374638,1.7316676600221763,0.5689701994982925,11.165675892388087,1.5058791613500542,0.0,2.3790144245399767,0.0,0.0,0.0819763809426108,0.0,0.0044429485430859,0.4091750238777459,0.0683644689701552,1.0386730165602338,0.0180494793392021,1.3660017598005514,0.0212402601926282,0.0200533035204652,-1.7628865886588658,320737000.0,1600508000.0,-2360734000.0,4247586000.0,51337500.0,108745000.0,22507500.0,3.4182376965969152,9.59109883082436,1.932337298942534,26.32935681728659,9.38370061527814,46.57571949227096,0.0607613068408397,0.0691002700270027,2019-10-22,0.06,amc,1183221031.0,2025-04-24,2019-09-30,0.3333333333333334,15.94625,23345156.25
2019-06-30,CMG,USD,1058090,2019-07-24,2019-07-23 17:53:00,2019,Q2,1434231000.0,1134569000.0,299662000.0,0.2089356596,0,121395000.0,0.0,121395000.0,58247000.0,179642000.0,1314211000.0,3947000.0,0.0,90975000.0,217600000.0,0.1517189351,120020000.0,0.0836824751,3947000.0,123967000.0,0.0864344726,32939000.0,91028000.0,0.0634681582,0.0656,0.0644,1386000000,1415000000,https://www.sec.gov/Archives/edgar/data/1058090/000105809019000029/0001058090-19-000029-index.htm,https://www.sec.gov/Archives/edgar/data/1058090/000105809019000029/cmg-20190630x10q.htm,1.0347987012987012,0.0656767676767676,0.085089466089466,0.0289740259740259,0.5178787878787878,1.1097034632034632,1.0938744588744589,1.1097034632034632,1.945181818181818,20110860000.0,22506969000.0,55.23262073208243,14.022050841182487,170.52639611986365,500.7933662034962,13.075565212811815,13.075565212811815,15.692708496748432,103.43276194852942,190.84376854851016,560.4604063947407,0.0045263106600115,0.0019968315626482,1.7528843359346808,0.5786315432745686,11.011530330882351,1.5182392552547297,0.0,1.295579382168124,0.0,0.0,0.0846411770488854,0.0,0.0047086401475584,0.6594875099631997,0.0542283634923523,0.8549161857653201,0.0147584315218399,1.2805620142014456,0.0206282128476823,0.0196292379642935,-1.6997723665223663,284134000.0,1516110000.0,-2288856000.0,4064679000.0,49543500.0,102610500.0,19962000.0,3.097534497580934,7.853757682432713,1.6772536531493458,29.05536647623678,11.45948266284202,53.65914680287552,0.0591840702084263,0.0561154401154401,2019-07-23,0.07,amc,1351556030.0,2025-04-24,2019-06-30,0.1428571428571427,14.098888888888888,28389682.53968254
2019-03-31,CMG,USD,1058090,2019-04-25,2019-04-24 19:27:48,2019,Q1,1308217000.0,1033722000.0,274495000.0,0.2098237525,0,102671000.0,0.0,102671000.0,61663000.0,164334000.0,1198056000.0,3129000.0,0.0,91886000.0,209929000.0,0.1604695551,110161000.0,0.0842069779,3129000.0,113290000.0,0.0865987829,25158000.0,88132000.0,0.0673680284,0.0636,0.0626,1384800000,1405900000,https://www.sec.gov/Archives/edgar/data/1058090/000105809019000015/0001058090-19-000015-index.htm,https://www.sec.gov/Archives/edgar/data/1058090/000105809019000015/cmg-20190331x10q.htm,0.944697429231658,0.0636424032351242,0.1318464760254188,0.0854672154823801,0.5307798960138648,1.0714897458116694,1.0556470248411325,1.0714897458116694,1.9292071057192377,19539528000.0,21933433000.0,55.42688240366722,14.935999149988112,107.01840826811114,165.09254361877402,13.168581458809449,13.168581458809449,16.76589816521265,104.4802433203607,120.12987660271332,185.31902327742807,0.0045104467211285,0.0060572087514089,1.800490497702182,0.5775756991379493,11.403403055318703,1.4402501775070615,0.0,2.0716765760450238,0.0,0.0,0.0784816280479461,0.0,0.0047430732624189,0.3517671608765425,0.0490943016334446,0.6989748166205951,0.0146413018635287,1.2386783704691295,0.0203970620970955,0.0191443850964355,-1.7041993428653956,256079000.0,1461860000.0,-2303937000.0,3994695000.0,56018500.0,109642500.0,20167500.0,3.420877423240946,9.247418551602848,1.6350624249072767,26.309039718451483,9.73244581693562,55.04376996805112,0.0593961850628016,0.0463792605430387,2019-04-24,0.06,amc,1158156814.0,2025-04-24,2019-03-31,0.1666666666666668,11.601475409836064,35908688.524590164
2018-12-31,CMG,USD,1058090,2019-02-08,2019-02-07 21:44:15,2018,Q4,1225061000.0,1016752000.0,208309000.0,0.170039696,0,103720000.0,0.0,103720000.0,64977000.0,168697000.0,1185449000.0,0.0,0.0,53217000.0,104589000.0,0.0853745242,39612000.0,0.0323347164,3858000.0,43470000.0,0.0354839473,11451000.0,32019000.0,0.0261366577,0.023,0.023,1388150000,1397300000,https://www.sec.gov/Archives/edgar/data/1058090/000105809019000007/0001058090-19-000007-index.htm,https://www.sec.gov/Archives/edgar/data/1058090/000105809019000007/cmg-20181231x10k.htm,0.8825134171379174,0.0230659510859777,0.0929690595396751,0.0372178799121132,0.4875539386953859,1.038316464359039,1.0225119763714297,1.038316464359039,0.0,11993616000.0,11743663000.0,93.6445235641338,9.790219425808184,92.93414435705708,232.1464849798699,8.321162474615619,8.321162474615619,9.586186320517918,112.28392087121972,90.9973499670683,227.30843527407868,0.0026696702645807,0.0043076249898279,0.0,0.0,-2.389859354234193,1.810693570968244,0.0,4.0305755957400295,0.0,0.0,0.0846651717751197,0.0,0.0096838780358399,0.5996745573592654,0.0631731807640599,1.454253340098089,0.0170971078174882,0.7340773307493539,0.0160709645504582,0.0142713940538755,-0.0647404819363901,364804000.0,1419400000.0,-9385000.0,1765997000.0,55438500.0,108278500.0,19920000.0,4.577796534213399,10.008723857931924,1.907987395156341,19.660113621774297,8.992155371403808,47.17012294131292,0.0222147600252265,0.0557511796275618,2019-02-06,0.02397,amc,975806395.0,2025-04-24,2018-12-31,0.2515644555694616,9.039523809523809,35612142.85714286
2018-09-30,CMG,USD,1058090,2018-10-26,2018-10-25 18:33:09,2018,Q3,1225007000.0,996257000.0,228750000.0,0.1867336268,0,109524000.0,0.0,109524000.0,61235000.0,170759000.0,1167016000.0,0.0,0.0,52654000.0,119226000.0,0.0973267908,57991000.0,0.0473393213,2493000.0,60484000.0,0.0493744117,22280000.0,38204000.0,0.0311867606,0.0274,0.0272,1390100000,1400850000,https://www.sec.gov/Archives/edgar/data/1058090/000105809018000055/0001058090-18-000055-index.htm,https://www.sec.gov/Archives/edgar/data/1058090/000105809018000055/cmg-20180930x10q.htm,0.8812366016833322,0.0274829148982087,0.1417732537227537,0.0831486943385367,0.4825660024458672,1.032901949500036,1.017119631681174,1.032901949500036,0.0,12427494000.0,12084466000.0,81.32325149199036,10.144835090738257,63.0584384942079,107.51822468313362,8.65522618514497,8.65522618514497,9.864813833716868,101.35764011205607,61.3178776023828,104.55046935155946,0.0030741515546094,0.0093007488074425,0.0,0.0,-2.877124117222753,1.9689636680520173,0.0,5.158595958538373,0.0,0.0,0.0894068360425695,0.0,0.0098342710832356,0.4135093033758036,0.0665253341409477,1.5477266684392448,0.0200602935330165,0.7991939804996199,0.0200369819411691,0.0172952280580714,-0.0565813610531616,390285000.0,1413898000.0,-1964000.0,1773664000.0,52300500.0,99541500.0,19568000.0,3.568020427638373,9.34873230501768,1.6518328102086108,25.22407083290436,9.626973696925187,54.48493300519552,0.0266074770325601,0.0586245593842169,2018-10-25,0.03702,amc,1134259259.0,2025-04-24,2018-09-30,0.0804970286331713,9.513492063492064,38335079.365079366
2018-06-30,CMG,USD,1058090,2018-07-27,2018-07-26 19:06:29,2018,Q2,1266520000.0,1016881000.0,249639000.0,0.1971062439,0,85153000.0,0.0,85153000.0,96529000.0,181682000.0,1198563000.0,0.0,0.0,49193000.0,164486000.0,0.1298724063,67957000.0,0.053656476,2323000.0,70280000.0,0.0554906358,23396000.0,46884000.0,0.0370179705,0.0338,0.0336,1390950000,1396750000,https://www.sec.gov/Archives/edgar/data/1058090/000105809018000047/0001058090-18-000047-index.htm,https://www.sec.gov/Archives/edgar/data/1058090/000105809018000047/cmg-20180630x10q.htm,0.910543153959524,0.0337064596139329,0.0677968295050145,0.0167662389014702,0.4126151191631618,1.0007599122901614,0.9849872389374168,1.0007599122901614,0.0,12003898500.000002,11778240500.000002,64.00850236754543,9.477859410036952,127.29208818476808,514.7248617126196,8.623446936689255,8.623446936689255,9.29968772699997,71.60634035723406,124.89915908464296,505.0486900218688,0.0039057311256005,0.0019427855042259,0.0,0.0,-1.3718979122843282,2.0291473444437877,0.0,2.011389813155874,0.0,0.0,0.0672338376022486,0.0,0.0103066678818503,0.7526987762719772,0.0560441208982092,1.442908543898522,0.0091178978618576,0.8711897929005804,0.0255626256752519,0.022254890745309,-0.0792519501060426,365513000.0,1370068000.0,-15941000.0,1721401000.0,41363500.0,97299000.0,19127500.0,3.981966332943814,8.460901521416961,1.8454371750480143,22.601898779356127,10.63716434616149,48.76893194571004,0.0336808651105921,0.0510305906035443,2018-07-26,0.06,amc,1240022648.0,2025-04-24,2018-06-30,0.0,8.17453125,44995937.5
2018-03-31,CMG,USD,1058090,2018-04-26,2018-04-25 18:49:03,2018,Q1,1148397000.0,924103000.0,224294000.0,0.1953105067,0,77063000.0,0.0,77063000.0,54423000.0,131486000.0,1055589000.0,0.0,0.0,46915000.0,147231000.0,0.1282056641,92808000.0,0.0808152581,1394000.0,94202000.0,0.0820291241,34756000.0,59446000.0,0.0517643289,0.0426,0.0426,1395550000,1397500000,https://www.sec.gov/Archives/edgar/data/1058090/000105809018000042/0001058090-18-000042-index.htm,https://www.sec.gov/Archives/edgar/data/1058090/000105809018000042/cmg-20180331x10q.htm,0.8228992153631185,0.0425968256243058,0.1441123571351796,0.1028927662928594,0.3802099530650998,0.9774246712765576,0.96170398767511,0.9774246712765576,0.0,9015253000.0,8783415000.0,37.91362328836255,7.850293060675011,44.82613516577498,62.78381107582595,6.6092049749091855,6.6092049749091855,7.648413397109188,59.657375145180026,43.67337755325285,61.16925037606552,0.0065939358551557,0.0159276728007522,0.0,0.0,-1.5746547941669893,1.716320919089622,0.0,3.383171281499176,0.0,0.0,0.067104842663295,0.0,0.0104598740180905,0.2860239861572425,0.0500906916336423,1.2261323670467867,0.0105338136550339,0.96788002168316,0.0338509371852732,0.0286417040672029,-0.1247370212461036,263119000.0,1342106000.0,-102960000.0,1628775000.0,38248500.0,90514500.0,18632000.0,2.0917766242858526,9.64187974717104,1.6950058597364146,43.025626615713165,9.33427945172271,53.0971615720524,0.0435806736581271,0.0412195908423202,2018-04-25,0.02939,amc,846473239.0,2025-04-24,2018-03-31,0.3610071452875128,6.298524590163934,62426639.34426229
2017-12-31,CMG,USD,1058090,2018-02-08,2018-02-08 17:17:44,2017,Q4,1110100000.0,945030000.0,165070000.0,0.1486983155,0,57690000.0,0.0,57690000.0,47351000.0,105041000.0,1050071000.0,0.0,0.0,41442000.0,107380000.0,0.0967300243,60029000.0,0.0540753085,1437000.0,61466000.0,0.0553697865,17673000.0,43793000.0,0.0394495991,0.0314,0.0314,1395550000,1395550000,https://www.sec.gov/Archives/edgar/data/1058090/000105809018000018/0001058090-18-000018-index.htm,https://www.sec.gov/Archives/edgar/data/1058090/000105809018000018/cmg-20171231x10k.htm,0.795456988284189,0.0313804593171151,0.0632517645372792,0.0265128443982659,0.3646956397119415,0.9777112966214038,0.9619906130199564,0.9777112966214038,0.0,8066279000.0,7881710000.0,46.04776448290823,7.266263399693721,91.38084988274746,218.00754054054053,5.911765589671991,5.911765589671991,7.1,73.4001676289812,89.28991401479534,213.0191891891892,0.0054291452105735,0.004586997300738,0.0,0.0,-1.71883963494133,1.9436511440506588,0.0,2.0156417692325257,0.0,0.0,0.0519682911449419,0.0,0.0107244883393981,0.5808362882486887,0.0461859291955679,1.2371748467738044,0.0096018376722817,0.8308568861536964,0.0248398176283278,0.0216394984961109,-0.0895786607430762,305642000.0,1342506000.0,-51712000.0,1665947000.0,43331000.0,84366500.0,20747000.0,4.037960544095126,7.811942478016571,1.8913685279832384,22.28847929968277,11.520822158287414,47.58459214501511,0.0320958338372012,0.0367389201390132,2018-02-06,0.02962,amc,1093531343.0,2025-04-24,2017-12-31,0.0128291694800809,5.964761904761905,67635158.73015873
2017-09-30,CMG,USD,1058090,2017-10-25,2017-10-24 18:12:19,2017,Q3,1128074000.0,946940000.0,181134000.0,0.1605692534,0,99182000.0,0.0,99182000.0,51085000.0,150267000.0,1097207000.0,0.0,0.0,41546000.0,81952000.0,0.0726477164,30867000.0,0.0273625666,1275000.0,32142000.0,0.0284928116,12532000.0,19610000.0,0.0173836114,0.0138,0.0138,1420750000,1421950000,https://www.sec.gov/Archives/edgar/data/1058090/000105809017000044/0001058090-17-000044-index.htm,https://www.sec.gov/Archives/edgar/data/1058090/000105809017000044/cmg-20170930x10q.htm,0.7939989442196024,0.0138025690656343,0.0951976068977652,0.0587443251803624,0.3859630476860813,0.976333626605666,0.960891782509238,0.976333626605666,0.0,8751820000.0,8638340000.0,111.57343192248854,7.758196714045355,64.70750894626327,104.86119265285582,6.309318692029419,6.309318692029419,7.657600476564481,105.4073115970324,63.86848253630261,103.50151567798132,0.0022406767963692,0.0095364164253835,0.0,0.0,-1.3847130027333072,2.028237302181186,0.0,6.897093319734829,0.0,0.0,0.0879215370622849,0.0,0.0106274193134296,0.3829222488392038,0.0459109952006694,1.2465941366196505,0.015734783356411,0.5506432847382542,0.0108169938816417,0.0096012706383253,-0.0636530001759634,332534000.0,1365187000.0,-21315000.0,1686259000.0,30898000.0,83840500.0,20380000.0,2.9404453963126533,8.240701628403066,2.056159841172619,30.607607987844585,10.921400149933683,43.77091615050384,0.0141371439941288,0.0364532817174027,2017-10-24,0.07074,amc,1382558646.0,2025-04-24,2017-09-30,-0.5759117896522477,6.736825396825397,75190634.92063493
2017-06-30,CMG,USD,1058090,2017-07-26,2017-07-25 18:37:04,2017,Q2,1169409000.0,949009000.0,220400000.0,0.1884712705,0,70075000.0,0.0,70075000.0,43600000.0,113675000.0,1062684000.0,0.0,0.0,41081000.0,150325000.0,0.1285478391,106725000.0,0.0912640488,1049000.0,107774000.0,0.0921610831,41044000.0,66730000.0,0.0570630122,0.0466,0.0464,1432450000,1440000000,https://www.sec.gov/Archives/edgar/data/1058090/000105809017000033/0001058090-17-000033-index.htm,https://www.sec.gov/Archives/edgar/data/1058090/000105809017000033/cmg-20170630x10q.htm,0.8163698558413907,0.0465845230200007,0.0649258263813745,0.0253942545987643,0.3976425006108415,1.0123885650459004,0.9970728472197984,1.0123885650459004,0.0,11917984000.0,11742847000.0,44.65002247864529,10.191459104556234,128.1462318419836,327.63316472399384,8.21818843797666,8.21818843797666,10.041693710241669,78.11639447862963,126.26309903981593,322.81853419837256,0.0055991013245193,0.0030521940623514,0.0,0.0,-1.1650557126226508,2.4794704707134456,0.0,1.393720965083171,0.0,0.0,0.0599234314085149,0.0,0.0106059749070726,0.6088728320591809,0.048423605428041,1.3784231153087805,0.0174361579225061,1.0301149762551944,0.0366957699288955,0.032605105413239,-0.0142999755663373,396180000.0,1428257000.0,45610000.0,1746399000.0,23261000.0,82408000.0,18722500.0,1.9194310972465576,7.679421375350498,1.8138289520963449,46.88889334402566,11.719632977672395,49.618791174317685,0.0460144697682244,0.0395315717826102,2017-07-25,0.04707,amc,1098832758.0,2025-04-24,2017-06-30,0.0622477161674102,9.28015873015873,45403730.15873016
2017-03-31,CMG,USD,1058090,2017-04-26,2017-04-25 19:54:31,2017,Q1,1068829000.0,879217000.0,189612000.0,0.1774016236,0,69441000.0,0.0,69441000.0,46998000.0,116439000.0,995656000.0,0.0,0.0,39279000.0,120171000.0,0.112432391,73173000.0,0.0684609044,1188000.0,74361000.0,0.0695724012,28241000.0,46120000.0,0.0431500268,0.032,0.032,1437500000,1442500000,https://www.sec.gov/Archives/edgar/data/1058090/000105809017000021/0001058090-17-000021-index.htm,https://www.sec.gov/Archives/edgar/data/1058090/000105809017000021/cmg-20170331x10q.htm,0.7435332173913044,0.0320834782608695,0.1047506086956521,0.0650372173913043,0.4014191304347826,0.9792848695652174,0.9640229565217392,0.9792848695652174,0.0,12808125000.0,12685712000.0,69.4282578057242,11.983324741375842,85.05917159763314,136.99848113722177,9.098476119574745,9.098476119574745,11.868794727687964,105.5638381972356,84.24622291288958,135.68912515643217,0.0036008393109842,0.0072993509979017,0.0,0.0,-1.0186567474681911,2.167529046137574,0.0,3.2649392888117954,0.0,0.0,0.0649692326836191,0.0,0.0106383185065719,0.3791232509181227,0.0534117244199025,1.453397489752794,0.0153962888357258,0.8407879985689724,0.0258455342164134,0.0226042641287678,-0.0362810434782608,357641000.0,1385783000.0,9424000.0,1702202000.0,33570500.0,81101500.0,16669000.0,1.817297247735606,8.58218164571431,1.8752025950362647,49.52409415253451,10.486843988549618,47.9948141274087,0.032762150481416,0.0397133913043478,2017-04-25,0.02389,amc,848360000.0,2025-04-24,2017-03-31,0.2557555462536625,8.254032258064516,44367822.58064516
2016-12-31,CMG,USD,1058090,2017-02-07,2017-02-06 19:05:02,2016,Q4,1034560000.0,894914000.0,139646000.0,0.1349810547,0,65069000.0,0.0,65069000.0,44027000.0,109096000.0,1004010000.0,0.0,0.0,38072000.0,74577000.0,0.0720857176,30550000.0,0.0295294618,588000.0,31138000.0,0.0300978194,15163000.0,15975000.0,0.015441347,0.011,0.011,1445150000,1450150000,https://www.sec.gov/Archives/edgar/data/1058090/000105809017000009/0001058090-17-000009-index.htm,https://www.sec.gov/Archives/edgar/data/1058090/000105809017000009/cmg-20161231x10k.htm,0.7158841642736048,0.0110542158253468,0.0471715738850638,0.0010933121129294,0.2890468117496453,0.97048264885998,0.9553015257931704,0.97048264885998,0.0,10910882500.0,10823002500.0,170.74933489827856,10.546398952211568,160.0540193633563,6905.6218354430375,7.779634194252663,7.779634194252663,10.461454628054438,145.12520616275796,158.76488924746957,6850.001582278481,0.0014641345464035,0.0001448095513813,0.0,0.0,-1.1783793931104765,1.853750802894323,0.0,4.2672926447574335,0.0,0.0,0.0628953371481596,0.0,0.0108281760601509,0.9768226492592048,0.064365527373956,1.7490544231981509,0.0152499613362202,0.4913026610381646,0.0089854058202286,0.0079709045766713,-0.1136319759194547,240581000.0,1380554000.0,-101236000.0,1566078000.0,45837500.0,76522500.0,16700500.0,3.963337070832044,7.88083547692851,1.5104356396257073,22.70813670185913,11.420108980003318,59.58545841933551,0.0113904311821877,0.0460782617721343,2017-02-02,0.01039,amc,1072221818.0,2025-04-24,2016-12-31,-0.0375360923965351,7.88952380952381,63175952.38095238
2016-09-30,CMG,USD,1058090,2016-10-26,2016-10-25 19:36:50,2016,Q3,1036982000.0,890290000.0,146692000.0,0.1414605075,0,78405000.0,0.0,78405000.0,58561000.0,136966000.0,1027256000.0,0.0,0.0,37434000.0,68287000.0,0.0658516734,9726000.0,0.0093791406,672000.0,10398000.0,0.010027175,2599000.0,7799000.0,0.0075208634,0.0054,0.0054,1453150000,1458550000,https://www.sec.gov/Archives/edgar/data/1058090/000105809016000088/0001058090-16-000088-index.htm,https://www.sec.gov/Archives/edgar/data/1058090/000105809016000088/cmg-20160930x10q.htm,0.7136097443484843,0.0053669614286205,0.0697842617761414,0.0246822420259436,0.2471520489970065,0.9916526167291746,0.9765550700203008,0.9916526167291746,0.0,12308180500.0,12154052500.0,394.5435472496474,11.869232542127056,121.3740718096384,343.1616945939164,8.541297483726805,8.541297483726805,11.720601225479324,177.98486534772357,119.8541767333616,338.8644854601723,0.0006336436161299,0.0029140781612684,0.0,0.0,-2.25706210552521,1.677633909244756,0.0,13.002564431337351,0.0,0.0,0.0756088340974096,0.0,0.0106137637860643,0.646306467995306,0.0632026399686783,1.7508147673238232,0.0176965463238513,0.3460471503320947,0.0040810231783526,0.0038135166403109,-0.1535189072015965,189398000.0,1419081000.0,-157116000.0,1490009000.0,47267500.0,74968500.0,17674000.0,4.002422414275272,7.549652360466814,1.858248435902908,22.48638216671004,11.921078707051231,48.43270590795344,0.0054121386240302,0.0451020197501978,2016-09-30,,,,,,,8.2225,54547187.5
2016-06-30,CMG,USD,1058090,2016-07-22,2016-07-21 18:11:16,2016,Q2,998383000.0,843338000.0,155045000.0,0.1552961138,0,70756000.0,0.0,70756000.0,43394000.0,114150000.0,957488000.0,0.0,0.0,36074000.0,84289000.0,0.0844255161,40895000.0,0.0409612343,786000.0,41681000.0,0.0417485073,16085000.0,25596000.0,0.0256374558,0.0176,0.0174,1460350000,1467000000,https://www.sec.gov/Archives/edgar/data/1058090/000105809016000081/0001058090-16-000081-index.htm,https://www.sec.gov/Archives/edgar/data/1058090/000105809016000081/cmg-20160630x10q.htm,0.6836600814873147,0.0175273050980929,0.0807929605916389,0.0371109665491149,0.1849857910774814,1.0175937275310714,1.0025706166329988,1.0175937275310714,0.0,11770421000.0,11580461000.0,114.9634806219722,11.78948459659269,99.76116657908568,217.18647476704493,7.920646307004575,7.920646307004575,11.599216933781925,137.3899441208224,98.15114505110776,213.68135436848416,0.0021746036101852,0.0046043382815279,0.0,0.0,-2.253674856742873,1.4020533182896489,0.0,4.609548366932334,0.0,0.0,0.0708705977565723,0.0,0.0104381958321438,0.5406658417100334,0.0638943171107681,1.7683373066474468,0.0195646360164385,0.633484572730632,0.0137586743766708,0.0123065916424222,-0.2059888040538227,111179000.0,1464104000.0,-228050000.0,1402453000.0,53576000.0,75930500.0,16925500.0,4.364767829580432,8.03112156691623,1.8105907714344665,20.619653441830685,11.20640489004053,49.70753271248379,0.0172242660542124,0.043681994042524,2016-07-21,0.02145,amc,1067255172.0,2025-04-24,2016-06-30,-0.0675990675990676,8.69390625,53261093.75
2016-03-31,CMG,USD,1058090,2016-04-27,2016-04-26 19:19:48,2016,Q1,834459000.0,777628000.0,56831000.0,0.0681052035,0,62010000.0,0.0,62010000.0,41425000.0,103435000.0,881063000.0,0.0,0.0,34788000.0,-5179000.0,-0.0062064164,-46604000.0,-0.0558493587,2126000.0,-44478000.0,-0.0533016002,-18046000.0,-26432000.0,-0.0316756126,-0.0177,-0.0177,1494650000,1494650000,https://www.sec.gov/Archives/edgar/data/1058090/000105809016000069/0001058090-16-000069-index.htm,https://www.sec.gov/Archives/edgar/data/1058090/000105809016000069/cmg-20160331x10q.htm,0.5582972602281471,-0.0176844077208711,0.0412665172448399,-0.0008309637707824,0.1678018265145686,1.0305114909845114,1.015833138192888,1.0305114909845114,0.0,14079603000.0,13828798000.0,-133.1681579146489,16.87273191373093,228.27223204007848,-11336.234299516907,9.141091664102154,9.141091664102154,16.572171910183723,-2670.167599922765,224.20593719094012,-11134.297906602254,-0.0018773256603897,-8.821271452043073e-05,0.0,0.0,48.42730256806333,1.377908024253299,0.0,-2.3334972760290555,0.0,0.0,0.0743116198638878,0.0,0.0102479423772199,1.020136513237893,0.075403345161356,1.808698401747729,0.0125889947858432,,-0.0148194435621708,-0.012474508950715,-0.1988885357776068,102777000.0,1518315000.0,-225826000.0,1366318000.0,77584000.0,81157500.0,15964000.0,6.334607212577251,8.866115932039483,1.9542120396899287,14.207668601978444,10.15100644858105,46.05436778205508,-0.0171608059449934,0.0420974810156223,2016-04-26,-0.01867,amc,900880681.0,2025-04-24,2016-03-31,0.0712372790573112,9.51360655737705,83001721.31147541
2015-12-31,CMG,USD,1058090,2016-02-05,2016-02-04 20:00:11,2015,Q4,997507000.0,801977000.0,195530000.0,0.1960186746,0,46875000.0,0.0,46875000.0,45042000.0,91917000.0,893894000.0,0.0,0.0,34140000.0,148655000.0,0.1490265231,103613000.0,0.1038719528,1795000.0,105408000.0,0.1056714389,37534000.0,67874000.0,0.0680436328,0.0438,0.0434,1551350000,1565600000,https://www.sec.gov/Archives/edgar/data/1058090/000105809016000058/0001058090-16-000058-index.htm,https://www.sec.gov/Archives/edgar/data/1058090/000105809016000058/cmg-20151231x10k.htm,0.6429928771714958,0.04375157121217,0.061077770973668,0.0123602024043574,0.4275012086247461,1.371691752344732,1.357549875914526,1.371691752344732,0.0,14892960000.0,14644955000.0,54.8551728202257,14.930180941086128,157.17665931421695,776.6863102998697,6.998656938477631,6.998656938477631,14.68155611940568,98.5163970266725,154.55927516806855,763.7525423728814,0.004557455334601,0.0012875210837872,0.0,0.0,-1.6683259897077125,2.910056368819256,0.0,1.396013200931137,0.0,0.0,0.0469921514335237,0.0,0.0080508141821152,0.7976317372537017,0.0757668868489143,2.213766842413591,-0.0018185336042754,1.16202734956488,0.0272862108581827,0.0251094380693174,0.0940856350920166,534705000.0,2106035000.0,217555000.0,1773864000.0,67039000.0,81479500.0,16283500.0,8.700841197104381,9.618492799668818,1.6881656207098208,10.343827448540468,9.356975346813051,53.31230472645084,0.0318960663993075,0.0487175685693106,2015-12-31,,,,,,,12.2303125,63708671.875
2015-09-30,CMG,USD,1058090,2015-10-21,2015-10-20 18:52:57,2015,Q3,1216890000.0,872397000.0,344493000.0,0.2830929665,0,70066000.0,0.0,70066000.0,39668000.0,109734000.0,982131000.0,0.0,0.0,33145000.0,274427000.0,0.2255150424,234759000.0,0.1929171905,1518000.0,236277000.0,0.1941646328,91394000.0,144883000.0,0.1190600629,0.093,0.0918,1559350000,1577400000,https://www.sec.gov/Archives/edgar/data/1058090/000105809015000044/0001058090-15-000044-index.htm,https://www.sec.gov/Archives/edgar/data/1058090/000105809015000044/cmg-20150930x10q.htm,0.7803828518292878,0.092912431461827,0.1201994420752236,0.0769474460512393,0.6154763202616474,1.5400570750633276,1.5259877513066342,1.5400570750633276,0.0,22454640000.0,21850478000.0,38.74616069518163,18.45248132534576,119.8008888509494,187.14071407140716,9.350302812256402,9.350302812256402,17.956000953249678,79.62218732121839,116.57753970752216,182.10552721938865,0.0064522521848491,0.0053435726424471,0.0,0.0,-2.201539935939248,4.394101799839505,0.0,1.2936852494771642,0.0,0.0,0.0575779240522972,0.0,0.0074421914826783,0.3598352477952121,0.0554240728414236,2.0348468848996832,0.017253819161962,1.7943062913749628,0.0532430916742585,0.04951600880798,0.2887762529258986,828989000.0,2379549000.0,526799000.0,2031885000.0,35602500.0,79351500.0,17026500.0,2.784039642038311,7.969422178205565,1.8078466569692468,32.327125893260366,11.29316504854369,49.78298333713764,0.060330511749382,0.0432519960239843,2015-10-20,0.09,amc,1224853594.0,2025-04-24,2015-09-30,0.0,14.21609375,26757421.875
2015-06-30,CMG,USD,1058090,2015-07-22,2015-07-21 18:18:34,2015,Q2,1197783000.0,862659000.0,335124000.0,0.2797869063,0,70212000.0,0.0,70212000.0,37496000.0,107708000.0,970367000.0,0.0,0.0,32440000.0,264912000.0,0.221168609,227416000.0,0.1898641073,1742000.0,229158000.0,0.1913184609,88954000.0,140204000.0,0.1170529219,0.0902,0.089,1556000000,1576300000,https://www.sec.gov/Archives/edgar/data/1058090/000105809015000031/0001058090-15-000031-index.htm,https://www.sec.gov/Archives/edgar/data/1058090/000105809015000031/cmg-20150630x10q.htm,0.7697834190231363,0.0901053984575835,0.1018065552699228,0.0664389460154241,0.5650578406169666,1.4471143958868895,1.4330147814910026,1.4471143958868895,0.0,18827600000.0,18239915000.0,33.57179538386922,15.718706977808168,118.85285744045552,182.1220944292361,8.361467506916965,8.361467506916965,15.228063013083338,68.85273222806065,115.1429824949025,176.4373325336867,0.0074467271452548,0.0054908219847457,0.0,0.0,-2.218415926798333,3.789924755570539,0.0,1.1298607743003053,0.0,0.0,0.0586182973042696,0.0,0.0078179788926329,0.3474001174160885,0.0459448831716596,1.696424167694205,0.0181527037869129,1.712845128212006,0.054666732683731,0.0503554772589731,0.2301748071979434,728215000.0,2229771000.0,434717000.0,1897213000.0,27521000.0,78759500.0,16290500.0,2.5218090422054744,8.49787691312558,1.7244473192767942,35.68866575293487,10.590880630547678,52.19063464214411,0.0622655670579248,0.0353676092544987,2015-07-21,0.09,amc,1195108314.0,2025-04-24,2015-06-30,0.0,12.64857142857143,27680634.92063492
2015-03-31,CMG,USD,1058090,2015-04-22,2015-04-21 18:13:05,2015,Q1,1089043000.0,789903000.0,299140000.0,0.2746815323,0,63061000.0,0.0,63061000.0,38278000.0,101339000.0,891242000.0,0.0,0.0,30643000.0,236079000.0,0.2167765644,197801000.0,0.1816282736,1223000.0,199024000.0,0.182751278,76383000.0,122641000.0,0.1126135515,0.079,0.0776,1551800000,1579600000,https://www.sec.gov/Archives/edgar/data/1058090/000105809015000012/0001058090-15-000012-index.htm,https://www.sec.gov/Archives/edgar/data/1058090/000105809015000012/cmg-20150331x10q.htm,0.7017934012114964,0.0790314473514628,0.1564112643381879,0.1181569789921381,0.5738716329423895,1.3753924474803454,1.3612546719938137,1.3753924474803454,0.0,20188918000.0,19645961000.0,41.15450379563115,18.53821933569198,83.17815251381226,110.10775758633478,9.45911839477795,9.45911839477795,18.03965591808588,83.21774067155486,80.94117477412152,107.14654006413753,0.0060746692814344,0.0090820122207638,0.0,0.0,-2.299895374006159,3.553303430631385,0.0,1.9791016054989767,0.0,0.0,0.0579049679397415,0.0,0.0081143787501585,0.2445750023689946,0.0545093260780336,1.937245047808635,0.0155971802766281,1.563884028793202,0.0502297342135805,0.0457311934610594,0.2225061219229282,707574000.0,2112395000.0,415310000.0,1848982000.0,36403500.0,72839500.0,15692000.0,1.7751365189436965,8.666810988184626,1.8289334260029395,50.70032588454376,10.384442457865536,49.20900822327436,0.0574610159422096,0.0382542853460497,2015-04-21,0.07,amc,1027252577.0,2025-04-24,2015-03-31,0.1428571428571427,13.648852459016394,21777622.95081967
2014-12-31,CMG,USD,1058090,2015-02-04,2015-02-04 16:40:22,2014,Q4,1069811000.0,784963000.0,284848000.0,0.2662601151,0,60929000.0,0.0,60929000.0,36047000.0,96976000.0,881939000.0,0.0,0.0,29750000.0,223919000.0,0.2093070645,187872000.0,0.1756123278,885000.0,188757000.0,0.1764395767,67523000.0,121234000.0,0.1133228206,0.0782,0.0768,1551200000,1577100000,https://www.sec.gov/Archives/edgar/data/1058090/000119312515033771/0001193125-15-033771-index.htm,https://www.sec.gov/Archives/edgar/data/1058090/000119312515033771/d861905d10k.htm,0.6896667096441464,0.0781549767921609,0.085295899948427,0.0258644920061887,0.4886906910778752,1.2972982207323362,1.2831549767921608,1.2972982207323362,0.0,21235928000.0,20816463000.0,43.79119718890741,19.85016792685811,160.5000944743823,529.2970763440592,10.552700821767775,10.552700821767775,19.458075304890304,92.96425493147076,157.3297987317759,518.8420777149124,0.0057089099190767,0.0018892981743015,0.0,0.0,-1.873289001826553,3.4980708965854057,0.0,1.091368757939192,0.0,0.0,0.0569530505855707,0.0,0.0086807472113707,0.6967674645343169,0.0861740999111057,3.0988235294117645,0.0133518911284329,1.5103913491249763,0.0528862271926501,0.048389504497924,0.1864815948942754,613801000.0,1990430000.0,344563000.0,1742724000.0,35138000.0,79005500.0,15608500.0,4.317987008920268,7.98148447761232,1.7578917732428152,20.843045570557408,11.27609785528565,51.19769110357422,0.0602444183944395,0.0594314079422382,2015-02-03,0.08,amc,1055870312.0,2025-04-24,2014-12-31,0.0,13.0828125,20955156.25
2014-09-30,CMG,USD,1058090,2014-10-21,2014-10-20 20:23:52,2014,Q3,1084222000.0,772218000.0,312004000.0,0.2877676343,0,71172000.0,0.0,71172000.0,33396000.0,104568000.0,876786000.0,0.0,0.0,27961000.0,240832000.0,0.2221242513,207436000.0,0.1913224413,785000.0,208221000.0,0.1920464628,77420000.0,130801000.0,0.1206404223,0.0844,0.083,1551000000,1577350000,https://www.sec.gov/Archives/edgar/data/1058090/000119312514376599/0001193125-14-376599-index.htm,https://www.sec.gov/Archives/edgar/data/1058090/000119312514376599/d736480d10q.htm,0.6990470664087686,0.0843333333333333,0.1220664087685364,0.0849548678272082,0.5090967117988394,1.2209954867827209,1.2068504190844616,1.2209954867827209,0.0,20674830000.0,20232212000.0,39.51581027667984,19.068816164955148,109.2028522382147,156.90684172579972,10.91732127128829,10.91732127128829,18.66058058220549,84.00964988041456,106.8649782120692,153.54769475960993,0.0063265816454113,0.0063732083891379,0.0,0.0,-1.8378703826733989,3.297796864740024,0.0,1.44742777195893,0.0,0.0,0.065643382997209,0.0,0.0090022662617513,0.3040274659976231,0.0530887585752733,2.058581595794142,0.0191427585863411,1.5221165974294522,0.0599925674205752,0.0541593481715562,0.1730975177304964,608884000.0,1871825000.0,330581000.0,1683507000.0,19595500.0,83023000.0,15703500.0,1.5729343252581112,10.302557049952217,1.851355446259994,57.21790068077471,8.735695377723477,48.61303116147309,0.0690693243719914,0.0371115409413281,2014-10-20,0.08,amc,1003211566.0,2025-04-24,2014-09-30,0.0,13.1059375,19360781.25
2014-06-30,CMG,USD,1058090,2014-07-22,2014-07-21 17:57:21,2014,Q2,1050073000.0,763349000.0,286724000.0,0.2730514926,0,74879000.0,0.0,74879000.0,32003000.0,106882000.0,870231000.0,0.0,0.0,27009000.0,211845000.0,0.2017431169,179842000.0,0.1712661882,1144000.0,180986000.0,0.1723556362,70716000.0,110270000.0,0.1050117468,0.071,0.07,1552450000,1573700000,https://www.sec.gov/Archives/edgar/data/1058090/000119312514274455/0001193125-14-274455-index.htm,https://www.sec.gov/Archives/edgar/data/1058090/000119312514274455/d760141d10q.htm,0.6763973074817224,0.0710296627910721,0.1163663886115494,0.0805455892299268,0.5182968855679732,1.1292048053077397,1.1150729492093143,1.1292048053077397,0.0,18396532500.0,17926482500.0,41.70792713339984,17.51928913513632,101.83352892008436,147.1216501523476,10.49411049643076,10.49411049643076,17.071653589798043,84.6207486605773,99.2315793261114,143.36254328510992,0.0059940643705546,0.0067970961375465,0.0,0.0,-2.218839245674904,3.693441143349232,0.0,1.6382787702911037,0.0,0.0,0.0713083757034034,0.0,0.0096325840299053,0.3078277139045574,0.0529582229045028,2.0589433151912324,0.0324186985095322,1.3433757189330944,0.0538165596207434,0.0488862820933986,0.1951911494734129,650563000.0,1731095000.0,367551000.0,1684418000.0,18412000.0,72188500.0,15362000.0,1.734907954018435,9.154816473199022,1.830067243161385,51.87595099298488,9.8308906861735,49.17852080917408,0.0629023738273188,0.0358207993816225,2014-07-21,0.06,amc,927088285.0,2025-04-24,2014-06-30,0.1666666666666668,10.83031746031746,27632142.85714286
2014-03-31,CMG,USD,1058090,2014-04-17,2014-04-17 17:01:46,2014,Q1,904163000.0,669983000.0,234180000.0,0.259001972,0,66917000.0,0.0,66917000.0,31613000.0,98530000.0,768513000.0,0.0,0.0,25754000.0,167263000.0,0.1849920866,135650000.0,0.1500282582,689000.0,136339000.0,0.1507902889,53270000.0,83069000.0,0.091873921,0.0534,0.0528,1553050000,1574300000,https://www.sec.gov/Archives/edgar/data/1058090/000119312514147849/0001193125-14-147849-index.htm,https://www.sec.gov/Archives/edgar/data/1058090/000119312514147849/d698182d10q.htm,0.5821853771610701,0.0534876533273236,0.1157580245323717,0.0853468980393419,0.4552300312288722,1.0592273268729275,1.045100930427224,1.0592273268729275,0.0,17642648000.0,17231056000.0,53.0963656719113,19.51268521273266,98.13574519685388,133.10384162718412,10.724798833822785,10.724798833822785,19.057466408158707,103.01773853153416,95.84629932472272,129.99861182364126,0.0047084201872644,0.007512931165435,0.0,0.0,-2.4607474456395018,3.4799508893602416,0.0,2.164200845080596,0.0,0.0,0.0740098853857103,0.0,0.0101772990425295,0.2627129014673653,0.0522361565337223,1.8338898811835056,0.0302589245523207,1.1290485557444616,0.0428581080592463,0.0389311542497425,0.1393293841151283,563549000.0,1623094000.0,280144000.0,1568535000.0,22127500.0,62875500.0,14123000.0,1.6505652188819937,8.963824455247371,2.0421115162623527,54.52677602219274,10.040357265956333,44.07202999605315,0.0504968593335209,0.0304111264930298,2014-04-17,0.06,bmo,979549999.0,2025-04-24,2014-03-31,-0.1666666666666666,11.024590163934429,26911639.34426229
2013-12-31,CMG,USD,1058090,2014-02-05,2014-02-04 20:22:21,2013,Q4,844147000.0,627914000.0,216233000.0,0.2561556222,0,55844000.0,0.0,55844000.0,31285000.0,87129000.0,715043000.0,0.0,0.0,24903000.0,160389000.0,0.1900012676,129104000.0,0.152940187,390000.0,129494000.0,0.1534021918,49872000.0,79622000.0,0.0943224344,0.0514,0.0506,1550950000,1571250000,https://www.sec.gov/Archives/edgar/data/1058090/000119312514035451/0001193125-14-035451-index.htm,https://www.sec.gov/Archives/edgar/data/1058090/000119312514035451/d629534d10k.htm,0.5442773783809923,0.0513375672974628,0.0903091653502691,0.0495206163964022,0.3727870015152003,0.9918359715013378,0.9776904477900642,0.9918359715013378,0.0,16533127000.0,16209924000.0,51.91130278063852,19.58560179684344,118.03896048263309,215.26387948544345,10.747744895624226,10.747744895624226,19.20272653933497,101.06630753979388,115.73143897476172,211.05572626425703,0.0048159068759346,0.0046454612004129,0.0,0.0,-2.015119490738143,3.3444445559861062,0.0,1.759124362613348,0.0,0.0,0.0661543546325462,0.0,0.0109188365981844,0.4516545889408488,0.0749407389945116,2.540296349837369,0.0154416233191612,1.0703574326071517,0.0438563094469418,0.0400645888149039,0.0866944453399529,467079000.0,1516349000.0,195315000.0,1452256000.0,21124000.0,64644500.0,12776500.0,2.9503984495591404,8.45972537640505,1.8696190879642751,30.50435442489069,10.6386432177832,48.13814780742104,0.0517601385436277,0.0407885489538669,2014-01-30,0.05,amc,844100000.0,2025-04-24,2013-12-31,0.0,10.169375,20032265.625
2013-09-30,CMG,USD,1058090,2013-10-18,2013-10-17 18:16:19,2013,Q3,826907000.0,605400000.0,221507000.0,0.2678741382,0,52726000.0,0.0,52726000.0,31627000.0,84353000.0,689753000.0,0.0,0.0,24618000.0,168781000.0,0.2041112241,137154000.0,0.1658638759,765000.0,137919000.0,0.1667890101,54540000.0,83379000.0,0.100832379,0.054,0.0532,1544850000,1564800000,https://www.sec.gov/Archives/edgar/data/1058090/000119312513402791/0001193125-13-402791-index.htm,https://www.sec.gov/Archives/edgar/data/1058090/000119312513402791/d601430d10q.htm,0.5352668543871574,0.0539722303136226,0.078300158591449,0.0417043725928083,0.3444819885425769,0.9487924393954106,0.9345910606207722,0.9487924393954106,0.0,13254813000.0,12946737000.0,39.742660022307774,16.029387827167987,109.57832211768984,205.73382277616528,9.043073746948645,9.043073746948645,15.65682356056969,76.70731302694024,107.03143962566756,200.95203874152145,0.0062904697335224,0.0048606494863413,0.0,0.0,-1.8253002411408867,3.3599817471535576,0.0,1.4507489895537249,0.0,0.0,0.0637629140882832,0.0,0.011477782102633,0.4673781848845091,0.0683692362018945,2.29649037289788,0.0196987085609385,1.0734011325337058,0.0478806322851958,0.044127710449311,0.0671060297116224,424084000.0,1443803000.0,158092000.0,1382046000.0,14768000.0,66786000.0,11889500.0,1.5863331668494765,10.44603567888999,1.859613478691774,56.7346140651801,8.615708654133519,48.39715404908466,0.0568851817031919,0.0365957859986406,2013-10-17,0.06,amc,864203759.0,2025-04-24,2013-09-30,-0.1666666666666666,8.08578125,17107578.125
2013-06-30,CMG,USD,1058090,2013-07-19,2013-07-18 18:33:13,2013,Q2,816786000.0,591174000.0,225612000.0,0.27621923,0,50952000.0,0.0,50952000.0,28242000.0,79194000.0,670368000.0,0.0,0.0,23597000.0,174660000.0,0.2138381412,146418000.0,0.1792611529,330000.0,146748000.0,0.1796651755,58895000.0,87853000.0,0.1075593852,0.0568,0.0564,1545050000,1558800000,https://www.sec.gov/Archives/edgar/data/1058090/000119312513294535/0001193125-13-294535-index.htm,https://www.sec.gov/Archives/edgar/data/1058090/000119312513294535/d540633d10q.htm,0.5286469693537426,0.056860943011553,0.0922319666030225,0.0639901621306753,0.3131264360376687,0.8850477330830717,0.8708481926151257,0.8850477330830717,0.0,11232513500.0,10950881500.0,31.96394403150717,13.75208867438962,78.8229967088412,113.61121394182142,8.214246224522704,8.214246224522704,13.407283547955034,62.698279514485286,76.84667340336695,110.7626481773678,0.0078213126563346,0.0088019480234766,0.0,0.0,-1.612458490782091,3.0377051782361923,0.0,1.6220618533231648,0.0,0.0,0.0623810888041665,0.0,0.0121281574587422,0.3062040799141071,0.0534228059736577,1.8491757426791544,0.0231957942472079,1.0640980199446697,0.0539012093695766,0.0491625032456776,0.0382924500825216,372303000.0,1345504000.0,113522000.0,1290061000.0,15218000.0,59967000.0,11350500.0,1.6485223791788792,9.637517888134456,1.7157385135340864,54.59434529777421,9.338504067609191,52.45554569653949,0.0642461879581086,0.0282418044723471,2013-07-18,0.06,amc,813903546.0,2025-04-24,2013-06-30,0.0,7.17421875,24544140.625
2013-03-31,CMG,USD,1058090,2013-04-19,2013-04-18 18:06:13,2013,Q1,726751000.0,535334000.0,191417000.0,0.2633873225,0,44211000.0,0.0,44211000.0,27162000.0,71373000.0,606707000.0,0.0,0.0,22936000.0,147206000.0,0.2025535569,120044000.0,0.1651789953,266000.0,120310000.0,0.1655450079,43726000.0,76584000.0,0.105378596,0.0494,0.049,1550600000,1561450000,https://www.sec.gov/Archives/edgar/data/1058090/000119312513161154/0001193125-13-161154-index.htm,https://www.sec.gov/Archives/edgar/data/1058090/000119312513161154/d496863d10q.htm,0.4686901844447311,0.0493899135818392,0.0807751837998194,0.0572391332387462,0.3272945956403972,0.830704888430285,0.8165561718044628,0.830704888430285,0.0,9954852000.0,9607922000.0,32.496513632090256,13.697747921915484,79.47985628742515,112.1610275477438,7.728376333659656,7.728376333659656,13.220376717747897,65.26854883632461,76.70995608782435,108.25217734212156,0.0076931329566727,0.0089157528409262,0.0,0.0,-2.356765349238482,3.160150673197303,0.0,1.6354591037292383,0.0,0.0,0.0608337656226135,0.0,0.012809823258421,0.291377245508982,0.0502166491686973,1.591166724799442,0.0211723134883887,0.9608017275487292,0.0499261549868646,0.0452963836352441,0.0646496517477105,393398000.0,1266152000.0,150935000.0,1290934000.0,20943500.0,57664500.0,11263500.0,1.9164060317770464,9.520430236076916,1.9217722020271453,46.96290791599354,9.453354288438788,46.83177324818476,0.059455426674047,0.0235360505610731,2013-04-18,0.04541,amc,658759148.0,2025-04-24,2013-03-31,0.1010790574763268,6.2335,27285166.666666668
2012-12-31,CMG,USD,1058090,2013-02-08,2013-02-08 17:19:53,2012,Q4,699161000.0,527372000.0,171789000.0,0.245707355,0,0.0,0.0,34648000.0,34953000.0,69601000.0,596973000.0,0.0,0.0,22141000.0,137141000.0,0.196150815,102188000.0,0.146158038,462000.0,102650000.0,0.14681883,41297000.0,61353000.0,0.0877523203,0.0396,0.0396,1550600000,1550600000,https://www.sec.gov/Archives/edgar/data/1058090/000119312513046377/0001193125-13-046377-index.htm,https://www.sec.gov/Archives/edgar/data/1058090/000119312513046377/d445653d10k.htm,0.4508970721011221,0.0395672642847929,0.0812756352379724,0.0428827550625564,0.3049522765381143,0.8035121888301303,0.789363472204308,0.8035121888301303,0.0022758932026312,9226070000.0,8907046000.0,37.594208922139096,13.1959162481889,73.20767143287893,138.75041357114927,7.404990344530895,7.404990344530895,12.73962077404203,64.94808992205103,70.67625728024376,133.9526273047192,0.0066499603839988,0.0072071857247994,0.0028324314606164,0.0021148617429361,-2.326248167943941,2.925347333718665,0.0,2.05411308330481,0.0,0.0,0.0,0.0,0.0131476202262045,0.4723787155031501,0.0851477699700069,2.688767445011517,0.0171977555956353,0.8457762886594898,0.0412136286407315,0.0372575191531327,0.0486747065652005,359755000.0,1223987000.0,123866000.0,1248397000.0,33588000.0,61897000.0,10530000.0,3.3999035987419206,10.017596686968592,1.89361589162868,26.471338785400576,8.98419080068143,47.5281182408075,0.0492428924350242,0.0383928801754159,2013-02-05,0.0401,amc,702785641.0,2025-04-24,2012-12-31,-0.0024937655860348,5.4920967741935485,48252338.70967742
2012-09-30,CMG,USD,1058090,2012-10-19,2012-10-18 18:29:14,2012,Q3,700528000.0,508726000.0,191802000.0,0.2737963365,0,48606000.0,0.0,48606000.0,25533000.0,74139000.0,582865000.0,0.0,0.0,21362000.0,143196000.0,0.2044115296,117663000.0,0.1679633077,547000.0,118210000.0,0.1687441473,45910000.0,72300000.0,0.1032078661,0.0456,0.0454,1582150000,1592300000,https://www.sec.gov/Archives/edgar/data/1058090/000119312512427457/0001193125-12-427457-index.htm,https://www.sec.gov/Archives/edgar/data/1058090/000119312512427457/d404279d10q.htm,0.4427696488954903,0.0456973106216224,0.0777814998577884,0.0479657428183168,0.3627285655595234,0.8264804222102835,0.8126138482444775,0.8264804222102835,0.0022519988623076,9999188000.0,9581602000.0,34.57533886583679,14.27378777150949,81.25325445710293,131.76070313220626,7.646884100531043,7.646884100531043,13.677685974008178,66.91249755579764,77.85995676975833,126.25811382413788,0.0072305871236744,0.007589516268721,0.0027248060592712,0.0020882602031994,-2.916184809631554,4.121424940219541,0.0,1.7021023513139697,0.0,0.0,0.0693848068885183,0.0,0.0128583610996333,0.3833271034112886,0.0673392069981499,2.2082670161969853,0.0208057351026654,0.9218343034242884,0.0465189940414051,0.042926711101453,0.1332724457225926,497346000.0,1285677000.0,258090000.0,1354939000.0,42780500.0,60527000.0,10234000.0,5.237135417856246,11.515943749680575,1.762756375730747,17.184967127857913,7.815251789719483,51.05640305098354,0.0552914617135305,0.0298157570394716,2012-10-18,0.05,amc,709757709.0,2025-04-24,2012-09-30,0.0,6.48,44960634.92063492
2012-06-30,CMG,USD,1058090,2012-07-20,2012-07-19 18:40:25,2012,Q2,690932000.0,489523000.0,201409000.0,0.2915033607,0,42295000.0,0.0,42295000.0,25324000.0,67619000.0,557142000.0,0.0,0.0,20543000.0,159114000.0,0.2302889431,133790000.0,0.1936370005,377000.0,134167000.0,0.1941826403,52484000.0,81683000.0,0.1182214748,0.0516,0.0512,1584800000,1597550000,https://www.sec.gov/Archives/edgar/data/1058090/000119312512307689/0001193125-12-307689-index.htm,https://www.sec.gov/Archives/edgar/data/1058090/000119312512307689/d365423d10q.htm,0.4359742554265522,0.0515415194346289,0.089285083291267,0.058702044422009,0.3341323826350328,0.7958259717314488,0.781982584553256,0.7958259717314488,0.0022696870267541,12044480000.0,11643280000.0,36.86348444596795,17.43222198421842,85.12060155902161,129.46738184046177,9.549826557513528,9.549826557513528,16.851557027319622,73.17571049687645,82.28524583212602,125.15484085949844,0.0067817788729774,0.0077239532134222,0.0028519891375448,0.0021821040773254,-2.521462599142753,4.133276485753686,0.0,1.7322943574550396,0.0,0.0,0.0612144176272049,0.0,0.0133091969286748,0.3425324560597601,0.0701487266474848,2.359343815411576,0.0252369263545471,0.9606803814188288,0.054358923368016,0.0502210308213493,0.1143354050984351,470333000.0,1239286000.0,233258000.0,1296927000.0,44387500.0,52557000.0,10260500.0,5.835205201090701,10.288382772617426,1.931186072973078,15.423622117552515,8.747730521801287,46.60348438690023,0.0647648119883446,0.0305830388692579,2012-06-30,,,,,,,8.205714285714286,32621190.47619048
2012-03-31,CMG,USD,1058090,2012-04-20,2012-04-19 17:41:06,2012,Q1,640603000.0,465263000.0,175340000.0,0.273710863,0,49334000.0,0.0,49334000.0,23782000.0,73116000.0,538379000.0,0.0,0.0,20084000.0,126006000.0,0.1966990476,102224000.0,0.1595746508,434000.0,102658000.0,0.1602521374,39994000.0,62664000.0,0.0978203349,0.04,0.0394,1570500000,1592300000,https://www.sec.gov/Archives/edgar/data/1058090/000119312512170975/0001193125-12-170975-index.htm,https://www.sec.gov/Archives/edgar/data/1058090/000119312512170975/d329098d10q.htm,0.4078974848774275,0.0399006685768863,0.0187048710601719,-0.0079516077682266,0.2958745622413244,0.744855141674626,0.7308857051894301,0.744855141674626,0.002310729067176,13129380000.0,12762818000.0,52.380074684029104,20.495345791387177,446.94240196078425,-1051.3597053171045,11.223658846208094,11.223658846208094,19.923131799257888,101.28738314048536,434.4641203703704,-1022.0065663036517,0.004772807246039,-0.0009511492545725,0.0031022529588517,0.0023756716558608,-2.9090836944272493,4.427942864942552,0.0,0.4687859057832248,0.0,0.0,0.0770118154301494,0.0,0.0143620447665832,1.4251089324618735,0.0653509271733039,2.0844453296156145,0.0315952313679455,0.8177437913425891,0.0444705220363425,0.0416198147086699,0.0922572429162687,426940000.0,1147856000.0,193714000.0,1221995000.0,26183500.0,47768000.0,9465000.0,6.17858486457291,9.508299606889008,1.9376782593930744,14.566442312065124,9.46541481873296,46.44733952281122,0.0535683602682521,0.0266564788283986,2012-04-19,0.0386,amc,627592893.0,2024-09-30,2012-03-31,0.0207253886010361,7.625967741935484,23338064.51612903
2011-12-31,CMG,USD,1058090,2012-02-10,2012-02-10 17:21:46,2011,Q4,596749000.0,441060000.0,155689000.0,0.2608952843,0,0.0,0.0,41133000.0,20688000.0,61821000.0,502881000.0,571000.0,157000.0,19198000.0,113637000.0,0.1904267959,93868000.0,0.1572989649,414000.0,94282000.0,0.1579927239,36809000.0,57473000.0,0.096310174,0.0368,0.0362,1564050000,1589200000,https://www.sec.gov/Archives/edgar/data/1058090/000119312512052969/0001193125-12-052969-index.htm,https://www.sec.gov/Archives/edgar/data/1058090/000119312512052969/d280751d10k.htm,0.3815408714555161,0.0367462677024391,0.0768690259262811,0.0396067900642562,0.2917093443304242,0.6676423387999105,0.6536152936287203,0.6676423387999105,0.0024417377961062,10557337500.0,10159756500.0,45.923031249456265,17.691420513482218,87.81170203032596,170.4253232602063,10.110203634079213,10.110203634079213,17.025175576331087,89.40535653000343,84.5047826195447,164.00724006005134,0.0054438915114724,0.005867672602112,0.0035069036779394,0.0025692692386487,-3.498693207318039,3.183121312391634,597.8853503184713,2.0918866250239243,0.0,0.0,0.0,0.0,0.0153924625414296,0.4847496818518302,0.0976625013196503,3.035732888842588,0.0146812143799151,0.7429674908756388,0.0451271079379477,0.0409535909657403,0.0549306288162143,343739000.0,1022287000.0,120110000.0,1117629000.0,7077000.0,47696500.0,8840500.0,1.2652053040725666,9.464426608624676,1.8187321452863552,71.13470020264633,9.509292397912985,49.4850218781555,0.0550388517428219,0.0372622358620248,2012-02-01,0.0366,amc,603293370.0,2024-09-30,2011-12-31,-0.0109289617486338,6.478095238095238,33425793.65079365
2011-09-30,CMG,USD,1058090,2011-10-21,2011-10-21 13:42:28,2011,Q3,591854000.0,434123000.0,157731000.0,0.2665032255,0,0.0,0.0,39702000.0,20019000.0,59721000.0,493844000.0,567000.0,119000.0,18741000.0,118029000.0,0.1994224927,98010000.0,0.1655982725,448000.0,98458000.0,0.166355216,38025000.0,60433000.0,0.1021079523,0.0386,0.038,1566550000,1591600000,https://www.sec.gov/Archives/edgar/data/1058090/000119312511277141/0001193125-11-277141-index.htm,https://www.sec.gov/Archives/edgar/data/1058090/000119312511277141/d227353d10q.htm,0.3778072835211132,0.0385771280840062,0.0741457342568063,0.0516849127062653,0.2838300724522039,0.6379885736171843,0.6239839136957007,0.6379885736171843,0.0001589480067664,9493293000.0,9083548000.0,39.27197474889547,16.039923697398343,81.73093247699155,117.24891622512877,9.498602718919877,9.498602718919877,15.347616135060337,76.96030636538478,78.20330081874769,112.18827423518223,0.006365862720133,0.008528863482882,0.0001300727106452,9.677133603250922e-05,-3.471562073727643,3.797240799420755,823.6134453781513,1.922012807572022,0.0,0.0,0.0,0.0,0.0163312795478247,0.3029280345750863,0.0594504725827653,1.8774878608398693,0.0179824754077863,0.7441537177980487,0.049510328681633,0.0457328932054117,0.0698412115795857,359286000.0,977502000.0,143797000.0,1100571000.0,9038500.0,44634500.0,8607500.0,0.8766520121516455,10.160691785507794,1.81773368377165,102.6633130962706,8.857664605904796,49.51220346715328,0.0604668009417264,0.0224608215505409,2011-10-20,0.037,amc,576323684.0,2024-09-30,2011-09-30,0.0270270270270268,6.30953125,49536875.0
2011-06-30,CMG,USD,1058090,2011-07-21,2011-07-21 17:15:32,2011,Q2,188121000.0,424242000.0,147319000.0,0.7831076807,0,0.0,0.0,43574000.0,19882000.0,63456000.0,487698000.0,475000.0,2481000.0,18505000.0,103745000.0,0.5514801644,83863000.0,0.4457928674,-2006000.0,81857000.0,0.4351295177,31200000.0,50657000.0,0.2692788152,0.0326,0.0318,1558350000,1588050000,https://www.sec.gov/Archives/edgar/data/1058090/000119312511193785/0001193125-11-193785-index.htm,https://www.sec.gov/Archives/edgar/data/1058090/000119312511193785/d10q.htm,0.1207180671864472,0.0325068181088972,0.0682844033753649,0.0482356338434883,0.2467738312959219,0.6026001860942664,0.5885218339910803,0.6026001860942664,0.0039817755959829,9599436000.0,9253359000.0,47.37467674753736,51.02798730604239,90.21093683923657,127.70641762452108,10.222366574305,10.222366574305,49.1883362304049,89.19330088197022,86.9586696864046,123.10237068965516,0.0052770808618339,0.0078304600395273,0.0039656593494359,0.0029471794843385,-3.3358426912140344,3.761940451045854,33.80209592906086,2.1006178810430938,0.0,0.0,0.0,0.0,0.0173625592660858,0.293606863952035,0.1660792787620733,1.6883544987841124,0.0693968243843058,0.6638854038457719,0.0452749934700093,0.0407983943842105,0.0471643084031186,324296000.0,917123000.0,117193000.0,1041844000.0,13890000.0,38093500.0,8592500.0,5.890251487074808,8.540455683312826,1.7919725062582206,15.27948343079922,10.538079387947738,50.22398484669113,0.0539442550119161,0.0200487695318766,2011-07-19,0.0336,amc,585541463.0,2024-09-30,2011-06-30,-0.0238095238095238,5.574126984126984,49710317.46031746
2011-03-31,CMG,USD,1058090,2011-04-21,2011-04-21 14:23:47,2011,Q1,509384000.0,380896000.0,128488000.0,0.2522419236,0,0.0,0.0,33512000.0,20155000.0,53667000.0,434563000.0,475000.0,188000.0,18494000.0,94976000.0,0.1864526565,74821000.0,0.1468852575,287000.0,75108000.0,0.1474486831,28726000.0,46382000.0,0.0910550783,0.0298,0.0292,1554100000,1585850000,https://www.sec.gov/Archives/edgar/data/1058090/000119312511105016/0001193125-11-105016-index.htm,https://www.sec.gov/Archives/edgar/data/1058090/000119312511105016/d10q.htm,0.3277678399073419,0.0298449263239173,0.0439514831735409,0.0269397078695064,0.2110153786757609,0.555141882761727,0.5410250305643137,0.555141882761727,0.0025358728524547,8469845000.0,8190659000.0,45.65265081281532,16.627622775744822,124.00036600541688,202.30360427066665,9.817310077357646,9.817310077357646,16.0795372449861,86.2392499157682,119.9130224727326,195.63520194902907,0.0054761332704435,0.0049430656641296,0.0043500636340243,0.0032407787194908,-2.9395426212938007,3.7965050732807217,397.9840425531915,1.4726618084601786,0.0,0.0,0.0,0.0,0.0189446960636584,0.3870580484591172,0.0519019050460948,1.4295447172055802,0.0175172365052691,0.61056022903785,0.0436373625376273,0.0408250565963334,0.0312721189112669,277816000.0,840807000.0,81851000.0,983147000.0,22327000.0,34817000.0,7918000.0,2.732948031347667,8.489482693438628,2.0646580693942704,32.93147142487717,10.601352667761418,43.5907530327306,0.053760898340879,0.0170117753040344,2011-04-20,0.0288,amc,502421917.0,2024-09-30,2011-03-31,0.0138888888888889,4.864193548387097,52355080.64516129
2010-12-31,CMG,USD,1058090,2011-02-17,2011-02-17 15:19:20,2010,Q4,482521000.0,357379000.0,125142000.0,0.2593503702,0,0.0,0.0,31331000.0,19819000.0,51150000.0,408529000.0,402000.0,91000.0,17815000.0,92209000.0,0.1910984185,73992000.0,0.1533446213,311000.0,74303000.0,0.1539891528,27858000.0,46445000.0,0.096254878,0.0298,0.0298,1554100000,1554100000,https://www.sec.gov/Archives/edgar/data/1058090/000119312511039010/0001193125-11-039010-index.htm,https://www.sec.gov/Archives/edgar/data/1058090/000119312511039010/d10k.htm,0.310482594427643,0.0298854642558393,0.0598384917315488,0.0327900392510134,0.2249559230422752,0.5217637217682259,0.5076468695708127,0.5217637217682259,0.0024921176243484,6604925000.0,6383869000.0,35.55240068898698,13.688367967404528,71.02451744717457,129.61253164308562,8.145449410696866,8.145449410696866,13.230240756360862,69.23260202366363,68.64744341093608,125.27461292411546,0.0070318739425504,0.0077153033531796,0.0046641089295117,0.0033719535843723,-2.397336485592513,3.301160466136818,813.0989010989011,2.0022607385079128,0.0,0.0,0.0,0.0,0.0195603621595838,0.4520243023818485,0.0871174518829232,2.359584619702498,0.0073261060140387,0.5923224618231239,0.0463121039302189,0.0422355515220075,0.0413811852519142,283167000.0,788934000.0,95489000.0,981987000.0,21861500.0,34673000.0,7136500.0,5.443783793865967,8.48804770285887,1.7875140956799362,16.53261837867471,10.603144933986057,50.349253310791774,0.0572777734614421,0.0270484524805353,2011-02-10,0.0258,amc,423418367.0,2024-09-30,2010-12-31,0.1395348837209302,4.3684375,49440468.75
2010-09-30,CMG,USD,1058090,2010-10-22,2010-10-22 14:52:03,2010,Q3,476874000.0,344995000.0,131879000.0,0.2765489416,0,0.0,0.0,35465000.0,18830000.0,54295000.0,399290000.0,395000.0,14000.0,17319000.0,95298000.0,0.1998389512,77584000.0,0.1626928707,381000.0,77965000.0,0.1634918238,29737000.0,48228000.0,0.1011336328,0.031,0.0304,1551550000,1581450000,https://www.sec.gov/Archives/edgar/data/1058090/000119312510234548/0001193125-10-234548-index.htm,https://www.sec.gov/Archives/edgar/data/1058090/000119312510234548/d10q.htm,0.3073532918694209,0.0310837549547227,0.0433373078534368,0.0243073055976281,0.1939969707711643,0.4904959556572459,0.4763559021623538,0.4904959556572459,0.0024646321420514,5337332000.0,5130146000.0,27.66718503773741,11.192331727039008,79.37733491969065,141.5212387972636,7.01330961106607,7.01330961106607,10.757864760922171,53.83267224915528,76.29604402141582,136.02762899718937,0.0090359752775356,0.0070660772086128,0.0050063795203599,0.0036905337325438,-2.1740855002203614,3.33935011069968,5541.714285714285,1.3942108318818944,0.0,0.0,0.0,0.0,0.0212510812488921,0.4391136228435455,0.0619157261666603,1.704832842542872,0.0129111673104425,0.585700659098552,0.0516571344160922,0.0477300798074486,0.0284517095807418,241966000.0,739090000.0,74057000.0,922328000.0,9162000.0,32926000.0,6766500.0,2.7435549012946816,9.29778692444818,1.8717662574819924,32.80415491504437,9.679722791167476,48.082926829268295,0.0633720922592963,0.0190300022558087,2010-10-21,0.0262,amc,411012500.0,2024-09-30,2010-09-30,0.1603053435114503,3.0490625,34625390.625
2010-06-30,CMG,USD,1058090,2010-07-27,2010-07-27 11:55:40,2010,Q2,466841000.0,341452000.0,125389000.0,0.2685903766,0,0.0,0.0,31865000.0,18565000.0,50430000.0,391882000.0,427000.0,85000.0,17053000.0,92439000.0,0.1980096007,74959000.0,0.1605664455,342000.0,75301000.0,0.161299029,28840000.0,46461000.0,0.0995221071,0.0296,0.0292,1568650000,1590100000,https://www.sec.gov/Archives/edgar/data/1058090/000119312510167036/0001193125-10-167036-index.htm,https://www.sec.gov/Archives/edgar/data/1058090/000119312510167036/d10q.htm,0.2976068594013961,0.0296184617346125,0.0440436043731871,0.0300506805214675,0.1957364612883689,0.4781270519236286,0.4641411404711057,0.4781270519236286,0.0024989640773913,4298101000.0,4099894000.0,23.12746712296335,9.206777039720162,62.21107556919337,91.17929951844545,5.73069436037194,5.73069436037194,8.782206361480675,44.35242700591741,59.34221077161342,86.9745645855873,0.0108096575673768,0.0109674016501706,0.0051132378862261,0.0038003333590983,-2.144192386330445,3.3741125937120926,881.8705882352941,1.4870321344783797,0.0,0.0,0.0,0.0,0.0217406815033266,0.3177061471435395,0.0470181496483813,1.2871635489356712,0.014998682634987,0.5644742911000198,0.0508991653796181,0.0470642221351056,0.0343947024511522,238774000.0,728075000.0,80240000.0,902313000.0,3650500.0,28175000.0,6336000.0,0.7300772639935225,7.963022621041904,1.6758431639000504,123.27462371270134,11.3022409056304,53.70430953129915,0.0619468436589183,0.0139929238517196,2010-07-22,0.0278,amc,444419178.0,2024-09-30,2010-06-30,0.0503597122302159,2.7523809523809524,34697460.31746032
2010-03-31,CMG,USD,1058090,2010-04-23,2010-04-23 13:54:46,2010,Q1,409686000.0,302691000.0,106995000.0,0.2611634276,0,0.0,0.0,27696000.0,18003000.0,45699000.0,348390000.0,275000.0,79000.0,16734000.0,78305000.0,0.1911341857,61296000.0,0.1496170238,196000.0,61492000.0,0.1500954389,23645000.0,37847000.0,0.092380506,0.024,0.0238,1574150000,1590700000,https://www.sec.gov/Archives/edgar/data/1058090/000119312510091448/0001193125-10-091448-index.htm,https://www.sec.gov/Archives/edgar/data/1058090/000119312510091448/d10q.htm,0.2602585522345392,0.0240428167582504,0.0380313184893434,0.0255147222310453,0.1893097862338404,0.4665241558936568,0.4525871105040815,0.4665241558936568,0.0024997617761966,3541837500.0,3352691500.0,23.395761222818187,8.645249044390093,59.16176691666527,88.18438153570362,4.82290139015413,4.82290139015413,8.183563753704057,42.81580358853202,56.00233016519952,83.47503983666965,0.0106856963370002,0.0113398765471312,0.0052506948047261,0.0038840740875044,-2.4155034799821213,3.261628370831339,775.8987341772151,1.5818162602055643,0.0,0.0,0.0,0.0,0.0220987296176765,0.3291128668548616,0.0480929297071415,1.177423210230668,0.0114404690421444,0.5023668807282136,0.0422655606428625,0.0389840477198447,0.0288419146841152,226778000.0,712440000.0,68657000.0,886286000.0,4138500.0,25684500.0,5964000.0,0.7719570597970152,7.771985291931375,1.8773600800816672,116.58679567444509,11.580052794674623,47.939657903072536,0.0515360597184832,0.0125165962582981,2010-04-21,0.019,amc,327071428.0,2024-09-30,2010-03-31,0.2526315789473684,2.0814754098360657,24138360.655737706
2009-12-31,CMG,USD,1058090,2010-02-19,2010-02-19 13:29:38,2009,Q4,387544000.0,292532000.0,95012000.0,0.24516442,0,0.0,0.0,27483000.0,17144000.0,44627000.0,337159000.0,302000.0,72000.0,15940000.0,66627000.0,0.1719211238,50385000.0,0.1300110439,230000.0,50615000.0,0.1306045249,19019000.0,31596000.0,0.0815288071,0.02,0.02,1574150000,1574150000,https://www.sec.gov/Archives/edgar/data/1058090/000119312510035029/0001193125-10-035029-index.htm,https://www.sec.gov/Archives/edgar/data/1058090/000119312510035029/d10k.htm,0.246192548359432,0.0200717847727344,0.0518247943334497,0.0283734078709144,0.1712454340437696,0.4468830797573293,0.432946034367754,0.4468830797573293,0.0025092907283295,2770504000.0,2554816000.0,21.92131915432333,7.148875998596289,33.9605785731797,62.029912233566186,3.93839033009648,3.93839033009648,6.592325000516071,38.34505530790821,31.31669526844815,57.20078810675264,0.0114044231663264,0.0161212544721104,0.0055127434214547,0.0040332603574604,-3.2372461614660724,2.911847914402905,699.7916666666666,2.581972401569819,0.0,0.0,0.0,0.0,0.0228173540439207,0.4525128708016671,0.0952562805771731,2.315934755332497,0.0090647771607869,0.4492428879770739,0.03659607606292,0.0336282922115104,0.0113720102912683,195301000.0,681522000.0,39410000.0,853651000.0,6436000.0,28892500.0,5736000.0,1.1061195631979854,7.762227722095361,1.7271956572272436,81.36552592903632,11.594609591755846,52.10758817242608,0.0449150699185882,0.0234513864625353,2010-02-11,0.0162,amc,317045454.0,2024-09-30,2009-12-31,0.2222222222222221,1.74921875,25665625.0
2009-09-30,CMG,USD,1058090,2009-10-27,2009-10-27 16:07:18,2009,Q3,387581000.0,288687000.0,98894000.0,0.2551569865,0,0.0,0.0,27090000.0,16995000.0,44085000.0,332772000.0,132000.0,74000.0,15451000.0,70392000.0,0.18161881,54809000.0,0.1414130208,58000.0,54867000.0,0.1415626669,20403000.0,34464000.0,0.0889207675,0.0218,0.0216,1581250000,1597450000,https://www.sec.gov/Archives/edgar/data/1058090/000119312509214832/0001193125-09-214832-index.htm,https://www.sec.gov/Archives/edgar/data/1058090/000119312509214832/d10q.htm,0.2451105138339921,0.0217954150197628,0.0407468774703557,0.0227402371541501,0.1507958893280632,0.4311032411067194,0.4172287747035573,0.4311032411067194,0.0025125691699604,3067625000.0,2833078000.0,22.252386548282264,7.914797164979707,47.61101022799584,85.31133544691028,4.500082149741375,4.500082149741375,7.309641081477162,40.24715876804182,43.970728376092254,78.78853106401914,0.011234750010187,0.0117217717289434,0.0057196757432351,0.0042388774313207,-3.332012160472781,3.088757803892765,740.6621621621622,1.869516016713092,0.0,0.0,0.0,0.0,0.0238514316403553,0.4419146063230432,0.0734633534667592,1.8427933467089508,0.0097218387898271,0.4597952438492935,0.0413409289053506,0.0383837483850848,0.0058939130434782,182006000.0,659743000.0,31005000.0,825971000.0,8572500.0,28610500.0,5786500.0,1.882987040128386,10.14922736389238,1.8262685884712508,47.796399062769765,8.86767009675933,49.28081256401502,0.0505572979776494,0.0180066403162055,2009-10-22,0.0176,amc,315822222.0,2024-09-30,2009-09-30,0.2272727272727272,1.766875,24517109.375
2009-06-30,CMG,USD,1058090,2009-07-24,2009-07-24 13:37:28,2009,Q2,388836000.0,287608000.0,101228000.0,0.2603359771,0,0.0,0.0,27365000.0,16541000.0,43906000.0,331514000.0,293000.0,186000.0,15197000.0,72812000.0,0.187256324,57322000.0,0.1474194776,107000.0,57429000.0,0.1476946579,22036000.0,35393000.0,0.0910229505,0.0222,0.022,1592800000,1609750000,https://www.sec.gov/Archives/edgar/data/1058090/000119312509154760/0001193125-09-154760-index.htm,https://www.sec.gov/Archives/edgar/data/1058090/000119312509154760/d10q.htm,0.2441210447011552,0.02222061778001,0.032427800100452,0.016942491210447,0.1307753641386238,0.4074962330487192,0.3937223756906077,0.4074962330487192,0.0025778503264691,2548480000.0,2344101000.0,18.001299692029498,6.554125646802251,49.34038063154634,94.43711554139183,3.92641666409885,3.92641666409885,6.02850816282443,32.19388287644894,45.38345820990881,86.86359593863484,0.0138878861125062,0.0105890570065293,0.0060395032816688,0.0044885204943326,-2.8069411635444705,2.9564008796422128,308.18279569892474,1.4593563699036534,0.0,0.0,0.0,0.0,0.0251208293686644,0.4775318967686976,0.063432912590398,1.623017700862012,0.0111589461881101,0.4513683705476198,0.0445777403372997,0.0415703547098895,-0.003983864892014,158355000.0,627121000.0,15018000.0,785925000.0,6205500.0,23664000.0,5740500.0,2.0914730117581706,7.718630914300019,1.78837167255431,43.03187250996016,11.660098921592477,50.32510936132984,0.0545296274612516,0.015485308890005,2009-07-22,0.0176,amc,311040000.0,2024-09-30,2009-06-30,0.25,1.5788888888888888,35122857.14285714
2009-03-31,CMG,USD,1058090,2009-04-23,2009-04-22 18:25:11,2009,Q1,354456000.0,271071000.0,83385000.0,0.2352478164,0,0.0,0.0,25612000.0,16584000.0,42196000.0,313267000.0,198000.0,73000.0,14720000.0,56107000.0,0.1582904507,41189000.0,0.1162034216,125000.0,41314000.0,0.1165560747,15922000.0,25392000.0,0.071636536,0.0158,0.0156,1600150000,1618100000,https://www.sec.gov/Archives/edgar/data/1058090/000119312509084791/0001193125-09-084791-index.htm,https://www.sec.gov/Archives/edgar/data/1058090/000119312509084791/d10q.htm,0.2215142330406524,0.0158685123269693,0.039378183295316,0.0224147736149735,0.128071743274068,0.3953041902321657,0.3815936005999437,0.3953041902321657,0.0025078898853232,2128199500.0,1927205500.0,20.953444982671712,6.004128862256528,33.77504721397851,59.335865837678085,3.364497601755445,3.364497601755445,5.437079637529059,34.348753274992426,30.58522321499421,53.73199598516742,0.0119312122759168,0.016853213244341,0.0062287960085116,0.0046103494153398,-3.5823337551464167,2.600489753543378,564.2328767123288,2.481529615626969,0.0,0.0,0.0,0.0,0.0256716892952133,0.430781926965133,0.0765793215518992,1.8440217391304348,0.0095131694766064,0.3756860549062735,0.0330456392750986,0.0304950399923137,-0.0073147829890947,141829000.0,610607000.0,8392000.0,759719000.0,3651500.0,23276000.0,5277500.0,0.8569469835466179,7.524154188386069,1.914406188784488,105.024,11.961477362986498,47.01196670135276,0.0401425350883572,0.0169634096803424,2009-04-22,0.55,bmo,249967948.0,2024-09-30,2009-03-31,-0.9716363636363636,1.094983606557377,30940000.0
2008-12-31,CMG,USD,1058090,2009-02-19,2009-02-19 17:25:05,2008,Q4,345344000.0,272447000.0,72897000.0,0.2110851788,0,0.0,0.0,35890000.0,14345000.0,50235000.0,322682000.0,0.0,0.0,14124000.0,31137000.0,0.090162273,22662000.0,0.0656215252,5407000.0,28069000.0,0.0812783775,11096000.0,16973000.0,0.0491480958,0.0106,0.0106,1600150000,1600150000,https://www.sec.gov/Archives/edgar/data/1058090/000119312509033199/0001193125-09-033199-index.htm,https://www.sec.gov/Archives/edgar/data/1058090/000119312509033199/d10k.htm,0.2158197668968534,0.0106071305815079,0.029900321844827,0.0035959128831672,0.1175102334156172,0.3890822735368559,0.3753716839046339,0.3890822735368559,0.0024747679905008,1984186000.0,1900102000.0,29.22562304837094,5.7455348869532985,41.47112550945762,344.83594021550226,3.186986620408294,3.186986620408294,5.502055921052632,61.02392651829014,39.7137004911694,330.2228015293709,0.0085541375657322,0.0028999297444896,0.0063605261889847,0.004800087274314,-2.700452837460256,2.7487628275251343,0.0,2.818888823425441,0.0,0.0,0.0,0.0,0.0265932107856506,0.8797366495976591,0.1218813704595997,2.9801047861795524,0.032935276130467,0.304727002172432,0.0183132889880656,0.0211357755346518,-0.0056372840046245,134284000.0,600651000.0,8677000.0,742122000.0,5852500.0,26569500.0,5137000.0,1.0236749444032618,7.891810150231054,1.5819957643137932,87.91853360488798,11.404227710339054,56.890164961369805,0.0272619219711206,0.0263044089616598,2009-02-11,0.0098,bmo,325378846.0,2024-09-30,2008-12-31,0.0612244897959185,1.0074875,24350546.875
2008-09-30,CMG,USD,1058090,2008-10-23,2008-10-22 19:31:14,2008,Q3,340543000.0,267808000.0,72735000.0,0.2135853622,0,0.0,0.0,25529000.0,16148000.0,41677000.0,309485000.0,931000.0,78000.0,13769000.0,45758000.0,0.1343677597,31058000.0,0.0912014048,853000.0,31911000.0,0.093706228,12434000.0,19477000.0,0.057193952,0.0118,0.0118,1643100000,1658500000,https://www.sec.gov/Archives/edgar/data/1058090/000119312508214577/0001193125-08-214577-index.htm,https://www.sec.gov/Archives/edgar/data/1058090/000119312508214577/d10q.htm,0.207256405574828,0.0118538129146126,0.0334873105714807,0.0099074919359746,0.1291357799281845,0.3850660337167549,0.3717138336072059,0.3850660337167549,4.747124338141318e-05,1823841000.0,1611658000.0000002,23.410188940801977,5.355684891482134,33.1468840303146,112.03642729897416,2.882622466816922,2.882622466816922,4.732612327958584,35.2213383452074,29.29062392090581,99.00227286688371,0.0106791107338852,0.008925668410788,0.0,0.0,-4.637068927837755,2.962776399125893,398.1794871794872,2.825024387739385,0.0,0.0,0.0,0.0,0.0263715578079115,0.7041419042945677,0.1137712418108726,2.813857215484058,0.0,0.3204703828400253,0.0252441241721356,0.0240462727474752,0.013110127198588,158979000.0,610763000.0,40759000.0,746951000.0,6575500.0,27407000.0,5318000.0,2.055335155912763,9.829467379615249,1.8432981837734497,43.78847884788479,9.156142090327874,48.825524156791246,0.0307838445271233,0.023579818635506,2008-10-22,0.0118,bmo,340500000.0,2024-09-30,2008-09-30,0.0,1.39859375,42419453.125
2008-06-30,CMG,USD,1058090,2008-07-24,2008-07-23 19:48:38,2008,Q2,340754000.0,264276000.0,76478000.0,0.2244375708,0,0.0,0.0,24087000.0,14077000.0,38164000.0,302440000.0,925000.0,75000.0,12707000.0,51946000.0,0.1524442853,38314000.0,0.1124388855,850000.0,39164000.0,0.1149333537,14696000.0,24468000.0,0.0718054667,0.0148,0.0148,1642800000,1664200000,https://www.sec.gov/Archives/edgar/data/1058090/000119312508156509/0001193125-08-156509-index.htm,https://www.sec.gov/Archives/edgar/data/1058090/000119312508156509/d10q.htm,0.2074226929632335,0.0148940832724616,0.0288483077672266,0.0050943511078646,0.1190753591429267,0.3707310689067445,0.3573764304845386,0.3707310689067445,4.565376186997809e-05,2710620000.0,2515003000.0,27.695561549779303,7.954770890437089,57.19572923700203,323.888158680846,4.45066555890693,4.45066555890693,7.38069985972285,48.41572017094675,53.06809166103984,300.5141593977775,0.0090267171348252,0.0030874855199179,0.0,0.0,-3.765775998151927,3.0905112560488117,510.85333333333335,1.936897171816249,0.0,0.0,0.0,0.0,0.0278853926757469,0.8234090141796083,0.1145195654343015,3.070984496734084,0.0,0.3524744483926174,0.0334566890218346,0.0319919667057609,0.0149159970781592,149043000.0,587098000.0,42619000.0,710322000.0,5295000.0,25623500.0,4867000.0,1.4193817240589983,8.70623893202561,1.7541888026154475,63.407889839970224,10.337414433796203,51.30576587070472,0.0401748990619617,0.023753956659362,2008-07-23,0.015,bmo,345405405.0,2024-09-30,2008-06-30,-0.0133333333333332,1.96828125,33479765.625
2008-03-31,CMG,USD,1058090,2008-04-24,2008-04-24 10:31:09,2008,Q1,305327000.0,278534000.0,26793000.0,0.0877518202,0,0.0,0.0,24391000.0,13633000.0,38024000.0,316558000.0,1343000.0,74000.0,12170000.0,40306000.0,0.1320092884,26793000.0,0.0877518202,1269000.0,28062000.0,0.0919080199,10778000.0,17284000.0,0.0566081611,0.0106,0.0104,1640400000,1666500000,https://www.sec.gov/Archives/edgar/data/1058090/000119312508088851/0001193125-08-088851-index.htm,https://www.sec.gov/Archives/edgar/data/1058090/000119312508088851/d10q.htm,0.1861296025359668,0.010536454523287,0.0294117288466227,0.0097561570348695,0.114095342599366,0.3543532065349914,0.3409790295049987,0.3543532065349914,4.511094854913436e-05,3723708000.0,3536546000.0,53.860622541078456,12.195803188057392,77.18009409911498,232.67358160459884,6.406037699494736,6.406037699494736,11.582814490693584,87.74242048330274,73.30084772110183,220.97888027993,0.0046416099221528,0.0042978665351848,0.0,0.0,-4.643527018309929,2.774462032817973,362.0675675675675,2.791425595926869,0.0,0.0,0.0,0.0,0.0291768404589776,0.6682902563889983,0.1056015354030269,2.6493837304847987,0.0060427017590976,0.289838912210437,0.024411899332661,0.0236769393679117,0.0138469275786393,134742000.0,559342000.0,40025000.0,671928000.0,10062000.0,22781000.0,4457500.0,1.53749914026601,8.298376499816898,1.4808605053602075,58.53661809815951,10.845494899151156,60.775474579969455,0.02973432814766,0.0196555718117532,2008-04-23,0.0096,bmo,281815384.0,2024-09-30,2008-03-31,0.0833333333333335,2.2301639344262294,46788852.45901639
2007-12-31,CMG,USD,1058090,2008-02-26,2008-02-26 16:41:24,2007,Q4,288910000.0,225021000.0,63889000.0,0.2211380707,0,0.0,0.0,13911000.0,22067000.0,35978000.0,260999000.0,0.0,0.0,11688000.0,49184000.0,0.1702398671,27911000.0,0.0966079402,970000.0,28881000.0,0.0999653871,11343000.0,17538000.0,0.0607040255,0.0106,0.0106,1640400000,1640400000,https://www.sec.gov/Archives/edgar/data/1058090/000119312508038764/0001193125-08-038764-index.htm,https://www.sec.gov/Archives/edgar/data/1058090/000119312508038764/d10k.htm,0.1761216776396001,0.0106912948061448,0.0252072665203608,0.0028401609363569,0.1043501584979273,0.3426664228237015,0.3292922457937088,0.3426664228237015,0.0024603755181663,4822776000.0,4675636000.0,68.7475196715703,16.693004741961165,116.63303506650544,1035.152607855763,8.579772642365374,8.579772642365374,16.18371119033609,95.0641672088484,113.07463119709794,1003.570723331187,0.003636494832022,0.0009660411348153,0.0071800893063635,0.0055891374642543,-2.991623292127521,2.7536322833249205,0.0,2.3577374843197627,0.0,0.0,0.0,0.0,0.0303815874202862,0.8873276904474002,0.1269980270672527,3.139202600958248,0.0270014883527742,0.2871059461208416,0.026119938775104,0.0250479879344621,0.0149463545476713,128543000.0,540171000.0,41839000.0,645412000.0,10609500.0,22419000.0,4368000.0,4.644076009830051,7.951257882597624,1.7326382870932044,19.379527770324657,11.318963782696176,51.94390581717452,0.0312002988738858,0.0223671055840039,2008-02-14,0.011,bmo,299801886.0,2024-09-30,2007-12-31,-0.0363636363636364,2.659375,32227968.75
2007-09-30,CMG,USD,1058090,2007-10-31,2007-10-31 16:57:02,2007,Q3,286431000.0,220455000.0,65976000.0,0.2303381966,0,0.0,0.0,21629000.0,12951000.0,34580000.0,255035000.0,0.0,0.0,11167000.0,42563000.0,0.1485977426,31396000.0,0.1096110407,1523000.0,32919000.0,0.1149282026,12315000.0,20604000.0,0.0719335547,0.0126,0.0124,1635300000,1658550000,https://www.sec.gov/Archives/edgar/data/1058090/000119312507231213/0001193125-07-231213-index.htm,https://www.sec.gov/Archives/edgar/data/1058090/000119312507231213/d10q.htm,0.1751550174279948,0.0125995230232984,0.0266214150308811,0.0014651745857029,0.1025236959579282,0.328237632238733,0.3148217452455207,0.328237632238733,4.58631443771785e-05,4006485000.000001,3838903000.000001,48.61295136866628,13.987609581365149,92.03117103872836,1672.1556761268782,7.464104536977869,7.464104536977869,13.402540227838468,90.1934309141743,88.18172003491524,1602.2132721202006,0.0051426624584891,0.000598030443144,0.0001397254302145,0.0001097506903318,-3.9372694593896105,2.68516567979959,0.0,2.112890700834789,0.0,0.0,0.0,0.0,0.0321042719358704,0.9449625580006432,0.1436227224008574,3.683890033133339,0.0,0.3050440068274742,0.0320469717135692,0.0311507828516482,0.0171175013758943,118393000.0,514828000.0,42049000.0,609627000.0,6314500.0,22440500.0,4411000.0,1.982990667909549,10.189018166972852,1.797917942437232,45.38599271113928,8.833039506370703,50.05790190735695,0.0383853701885548,0.0251562404451782,2007-10-30,0.0106,bmo,244825806.0,2024-09-30,2007-09-30,0.1698113207547169,1.9653968253968253,27266984.126984127
2007-06-30,CMG,USD,1058090,2007-08-01,2007-07-31 18:35:56,2007,Q2,274346000.0,210566000.0,63780000.0,0.2324801528,0,0.0,0.0,20679000.0,12419000.0,33098000.0,243664000.0,0.0,0.0,10576000.0,41258000.0,0.1503867379,30682000.0,0.1118368775,1456000.0,32138000.0,0.1171440444,12157000.0,19981000.0,0.0728313881,0.0122,0.012,1632100000,1653250000,https://www.sec.gov/Archives/edgar/data/1058090/000119312507166908/0001193125-07-166908-index.htm,https://www.sec.gov/Archives/edgar/data/1058090/000119312507166908/d10q.htm,0.1680938667973776,0.0122425096501439,0.0191728448011763,0.0004190919674039,0.0957153360700937,0.3128674713559218,0.2994252803137062,0.3128674713559218,4.534035904662705e-05,2790891000.0,2634748000.0,34.91931084530304,10.172887521596817,89.18864246452767,4080.25,5.465572987147275,5.465572987147275,9.603741261035337,63.860293761209945,84.19877284929055,3851.970760233918,0.0071593623685052,0.0002450830218736,0.0001449187377969,0.0001145807042997,-3.7845508749818215,2.930723992424494,0.0,1.5660877833942246,0.0,0.0,0.0,0.0,0.0339700820490746,0.9781413779879842,0.1115671451378915,2.894099848714069,0.0,0.293566633558802,0.032568456414073,0.0320262736939287,0.0171328349978555,116218000.0,488692000.0,41210000.0,582416000.0,5849000.0,19787000.0,4280000.0,2.072638201395318,8.51547733252282,1.888339048089435,43.42291864514087,10.568990613863374,47.66093254866456,0.039130017566501,0.0187537528337724,2007-07-31,0.009,bmo,205725000.0,2024-09-30,2007-06-30,0.3333333333333332,1.5371428571428571,25000317.46031746
2007-03-31,CMG,USD,1058090,2007-05-02,2007-05-01 19:58:40,2007,Q1,236095000.0,187171000.0,48924000.0,0.2072216692,0,0.0,0.0,18819000.0,11456000.0,30275000.0,217446000.0,0.0,0.0,10164000.0,28813000.0,0.1220398568,18649000.0,0.0789893899,1415000.0,20064000.0,0.08498274,7624000.0,12440000.0,0.0526906542,0.0076,0.0076,1627900000,1647650000,https://www.sec.gov/Archives/edgar/data/1058090/000119312507098149/0001193125-07-098149-index.htm,https://www.sec.gov/Archives/edgar/data/1058090/000119312507098149/d10q.htm,0.145030407273174,0.0076417470360587,0.0188875238036734,-0.000836046440199,0.0976116469070581,0.2986430370415873,0.286630014128632,0.2986430370415873,0.0025124393390257,2018596000.0,1863784000.0,40.56663987138264,8.549931171774073,65.65180342797672,-1483.1711976487877,4.152114217306612,4.152114217306612,7.894212075647515,64.68552389546386,60.61677562038573,-1369.4224834680383,0.006162699222628,-0.0006742310001605,0.0084128508868461,0.0065310319828947,-5.372991358067539,2.660010793308149,0.0,2.471623794212219,0.0,0.0,0.0,0.0,0.0312275944883838,1.0442644810875858,0.1359961032635168,3.1589925226288864,0.0066413943539676,0.2266020238676672,0.0206622125109977,0.020504874852683,0.015312979912771,110736000.0,466605000.0,37364000.0,556340000.0,9514000.0,19609000.0,3823500.0,2.0508693534382343,9.449059950526523,1.9916546900962224,43.88382899628253,9.524757009821384,45.188556253017865,0.0255882310592581,0.0197235702438724,2007-05-01,0.0064,bmo,198821052.0,2024-09-30,2007-03-31,0.1874999999999999,1.209672131147541,26690081.96721312
2006-12-31,CMG,USD,1058090,2007-02-23,2007-02-23 15:46:42,2006,Q4,219719000.0,175060000.0,44659000.0,0.2032550667,0,0.0,0.0,11983000.0,17180000.0,29163000.0,204223000.0,0.0,0.0,9265000.0,24761000.0,0.1126939409,15496000.0,0.0705264451,1893000.0,17389000.0,0.079141995,6548000.0,10841000.0,0.0493402937,0.0066,0.0066,1627000000,1627900000,https://www.sec.gov/Archives/edgar/data/1058090/000119312507038325/0001193125-07-038325-index.htm,https://www.sec.gov/Archives/edgar/data/1058090/000119312507038325/d10k.htm,0.1350454824830977,0.0066631837738168,0.0185052243392747,-0.0028918254456054,0.0944326982175783,0.2913073140749846,0.2804050399508297,0.2913073140749846,4.363859864781807e-05,1854780000.0,1701208999.9999998,42.77234572456415,8.44160040779359,61.604224790753285,-394.2146652497343,3.913392987127524,3.913392987127524,7.742657667293224,68.70518153547917,56.50355387272485,-361.5747077577045,0.0058448980472077,-0.0025366889873731,0.0001498026192249,0.000117509202129,-6.202132385606397,2.922125455466414,0.0,2.777234572456416,0.0,0.0,0.0,0.0,0.029357439822048,1.1562707586023648,0.1584432843768631,3.757474365893146,0.0236347334550038,0.2089815034581256,0.0177890245594446,0.0184851740071955,0.0217452366318377,117636000.0,456219000.0,48586000.0,540114000.0,8353500.0,19192500.0,3449000.0,5.590413209599534,10.059579572717926,1.801953615903119,16.098988862837047,8.946695967700721,49.94579172610556,0.0228733830284181,0.0213970497848801,2007-02-15,0.0056,bmo,186496969.0,2024-09-30,2006-12-31,0.1785714285714285,1.1284126984126983,55111031.74603175
2006-09-30,CMG,USD,1058090,2006-11-01,2006-10-31 18:09:27,2006,Q3,211260000.0,165849000.0,45411000.0,0.2149531383,0,0.0,0.0,17776000.0,9782000.0,27558000.0,193407000.0,0.0,0.0,8676000.0,26529000.0,0.1255751207,17853000.0,0.0845072423,1947000.0,19800000.0,0.093723374,7998000.0,11802000.0,0.0558648111,0.0072,0.0072,1624950000,1644250000,https://www.sec.gov/Archives/edgar/data/1058090/000110465906070000/0001104659-06-070000-index.htm,https://www.sec.gov/Archives/edgar/data/1058090/000110465906070000/a06-22136_110q.htm,0.1300101541585895,0.0072629927074679,0.0174891535124157,0.0018000553863195,0.096966060494169,0.2794953690882796,0.268579340902797,0.2794953690882796,0.0025391550509246,1614225330.0,1460786330.0,34.193893619725465,7.640941635898892,56.80091945529399,551.8719076923077,3.554262824605981,3.554262824605981,6.914637555618669,55.063754005051074,51.40174988563989,499.4141299145299,0.0073112469372537,0.0018120146832288,0.0090847839776645,0.0071978842476937,-5.783821478382148,3.081353029329908,0.0,2.407981698017285,0.0,0.0,0.0,0.0,0.0309442730939388,0.8970758999261058,0.120675944333996,2.938450899031812,0.0,0.2137156723729747,0.0205734442032081,0.0212462600317559,0.0261532662543462,116664000.0,436428000.0,53658000.0,514293000.0,2513000.0,15268000.0,3216500.0,1.3031809145129225,10.211819184921223,1.84125318814102,69.06178489702518,8.813317036879583,48.87975243147657,0.0259860931905955,0.0156890981260961,2006-10-31,0.0054,bmo,158475000.0,2024-09-30,2006-09-30,0.3333333333333332,1.0386539682539684,24426666.666666668
2006-06-30,CMG,USD,1058090,2006-08-08,2006-08-08 12:52:47,2006,Q2,204936000.0,160493000.0,44443000.0,0.2168628255,0,0.0,0.0,19148000.0,9425000.0,28573000.0,189066000.0,0.0,0.0,8309000.0,24179000.0,0.1179831752,15870000.0,0.0774388102,1557000.0,17427000.0,0.085036304,6635000.0,10792000.0,0.0526603427,0.0066,0.0066,1623100000,1645150000,https://www.sec.gov/Archives/edgar/data/1058090/000110465906052374/0001104659-06-052374-index.htm,https://www.sec.gov/Archives/edgar/data/1058090/000110465906052374/a06-16694_210q.htm,0.1262620910603167,0.0066490049904503,0.0134779126363132,-0.0005723615304047,0.0875140163883925,0.2647113548148604,0.2537828846035364,0.2647113548148604,0.0007916949048117,1980182000.0,1839423000.0,45.87152520385471,9.662440957176877,90.51846772718962,-2131.519913885899,4.608793607864951,4.608793607864951,8.975597259632275,76.07523057198395,84.08406472846956,-1980.0032292787944,0.005450004090533,-0.0004691487954137,0.0029907855874391,0.0024016312402696,-5.821539352330535,3.5309923942250765,0.0,2.027057079318013,0.0,0.0,0.0,0.0,0.0331518559843604,1.04246663009691,0.1112786430885739,2.7446142736791432,0.0,0.1990012818597909,0.0199580001058112,0.0208615640373853,0.0244219394984905,111146000.0,411915000.0,49660000.0,488511000.0,2370000.0,10504000.0,3044500.0,0.8638306593277902,6.571127712735135,1.7047472475435066,104.18708693441788,13.696279228537293,52.79375,0.0251179440152867,0.014050274166718,2006-07-31,0.005,bmo,155227272.0,2024-09-30,2006-06-30,0.3200000000000001,1.165873015873016,18363968.253968254
2006-03-31,CMG,USD,1058090,2006-05-09,2006-05-08 21:57:04,2006,Q1,187015000.0,149279000.0,37736000.0,0.2017806058,0,0.0,0.0,16377000.0,8626000.0,25003000.0,174282000.0,0.0,0.0,8003000.0,20736000.0,0.1108788065,12733000.0,0.0680854477,906000.0,13639000.0,0.0729299789,5651000.0,7988000.0,0.0427131514,0.0052,0.0052,1534150000,1553900000,https://www.sec.gov/Archives/edgar/data/1058090/000119312506103972/0001193125-06-103972-index.htm,https://www.sec.gov/Archives/edgar/data/1058090/000119312506103972/d10q.htm,0.1219013786135645,0.0052067920346771,0.015118469510804,0.0058625297395952,0.0869954046214516,0.2658670925268063,0.2543049897337288,0.2658670925268063,3.780595117817684e-05,1702906500.0000002,1569500500.0000002,53.29577178267402,9.105721466192552,73.42013020608779,189.3380587058039,4.175018387761107,4.175018387761107,8.39237761676871,75.68964602623458,67.66838406484436,174.50528129864355,0.0046908036348443,0.0052815583239596,0.000142198685888,0.0001129309874841,-6.433545524691358,3.345870809484873,0.0,2.9036054081121683,0.0,0.0,0.0,0.0,0.0345374113102331,0.6122273001638354,0.0759297382562896,1.7743346245158065,0.0081276902922225,0.1764853530527548,0.0158796721304531,0.016109710597963,0.0204414496626796,103284000.0,390142000.0,41604000.0,466812000.0,3477000.0,11239000.0,2837000.0,1.3344918856776191,5.600921763945364,1.8382357866813148,67.44139920663541,16.068783638320774,48.95998688094457,0.0195841914288516,0.0092559397712088,2006-05-08,0.0024,bmo,173573295.0,2024-09-30,2006-03-31,1.1666666666666672,0.9450956521739132,33807282.60869565
2005-12-31,CMG,USD,1058090,2006-03-17,2006-03-17 13:06:43,2005,Q4,173313000.0,141155000.0,32158000.0,0.1855486894,0,0.0,0.0,15476000.0,8947000.0,24423000.0,165578000.0,0.0,0.0,7634000.0,15369000.0,0.0886777103,7735000.0,0.0446302355,-114000.0,7621000.0,0.043972466,3359000.0,4262000.0,0.0245913463,0.0015,0.0015,2918613300,2918613300,https://www.sec.gov/Archives/edgar/data/1058090/000104746906003640/0001047469-06-003640-index.htm,https://www.sec.gov/Archives/edgar/data/1058090/000104746906003640/a2168474z10-k.htm,0.0593819674569426,0.0014602825252663,0.0085184289402093,-0.0016624333206458,2.09003364714332e-05,0.1059934867013728,0.0999159429582535,0.1059934867013728,1.952982260445397e-05,2568379704.0,2568375704.0,150.65577803847958,14.819313634868706,103.30543415654414,-529.3445391591097,8.302396943307667,8.302396943307667,14.819290555238211,167.1140415121348,103.3052732684418,-529.3437147568013,0.0016594119605299,-0.0018891287734611,0.0001842549312438,0.0001452247799335,-0.0002602641681306,0.424562907912915,0.0,5.833411543876115,0.0,0.0,0.0,0.0,0.0451929323940432,1.1951572681200224,0.1714470351329675,3.892323814514016,0.0,0.0590132173288029,0.012339201409359,0.0113727028447767,-0.0269414759399609,-24158000.0,291616000.0,-65317000.0,334274000.0,3054000.0,12050000.0,2654500.0,2.1711585397517785,8.408628812298536,1.6736920406645177,41.45252331977996,10.703290870488322,53.77333333333333,0.0137770967887921,0.0101808622608551,2006-03-17,,amc,,2025-04-24,2005-12-31,,,
2005-09-30,CMG,USD,1058090,2005-09-30,2005-09-29 20:00:00,2005,Q3,151461000.0,134626000.0,30044000.0,0.1983612943,0,0.0,0.0,12649000.0,7896000.0,20545000.0,155171000.0,0.0,0.0,7206000.0,16705000.0,0.1102924185,9499000.0,0.0627158146,-248000.0,9251000.0,0.0610784294,4168000.0,5083000.0,0.0335597943,0.0038,0.0038,1314050000,1317200000,,,0.1152627373387618,0.0038681937521403,,,0.0014900498458962,0.2266070545260834,0.2131083292112172,0.2266070545260834,0.003567596362391,1156364000.0,1159094000.0,56.874090104269136,7.634731052878299,0.0,0.0,3.883374248168907,3.883374248168907,7.652755494813847,69.3860520802155,0.0,0.0,0.0043956747183412,,0.0157435361836029,0.012609709583971,0.1634241245136186,0.3834227310330104,0.0,0.0,,,0.0,0.0,0.0477113968857675,0.0,,0.0,,0.140437173965607,0.0153964241635232,0.01435717533944,-0.0527063277653057,-23105000.0,280035000.0,-59636000.0,314162000.0,,,,1.1450472398835343,7.294876175478733,1.7943042205814626,78.59937727036845,12.33742668621701,50.15871833084948,0.0170700500045336,,2006-03-13,0.11,bmo,,2025-04-24,2005-09-30,0.4545454545454546,,
