date,symbol,reportedCurrency,cik,fillingDate,acceptedDate,calendarYear,period,revenue,costOfRevenue,grossProfit,grossProfitRatio,researchAndDevelopmentExpenses,generalAndAdministrativeExpenses,sellingAndMarketingExpenses,sellingGeneralAndAdministrativeExpenses,otherExpenses,operatingExpenses,costAndExpenses,interestIncome,interestExpense,depreciationAndAmortization,ebitda,ebitdaratio,operatingIncome,operatingIncomeRatio,totalOtherIncomeExpensesNet,incomeBeforeTax,incomeBeforeTaxRatio,incomeTaxExpense,netIncome,netIncomeRatio,eps,epsdiluted,weightedAverageShsOut,weightedAverageShsOutDil,link,finalLink,revenuePerShare,netIncomePerShare,operatingCashFlowPerShare,freeCashFlowPerShare,cashPerShare,bookValuePerShare,tangibleBookValuePerShare,shareholdersEquityPerShare,interestDebtPerShare,marketCap,enterpriseValue,peRatio,priceToSalesRatio,pocfratio,pfcfRatio,pbRatio,ptbRatio,evToSales,enterpriseValueOverEBITDA,evToOperatingCashFlow,evToFreeCashFlow,earningsYield,freeCashFlowYield,debtToEquity,debtToAssets,netDebtToEBITDA,currentRatio,interestCoverage,incomeQuality,dividendYield,payoutRatio,salesGeneralAndAdministrativeToRevenue,researchAndDdevelopementToRevenue,intangiblesToTotalAssets,capexToOperatingCashFlow,capexToRevenue,capexToDepreciation,stockBasedCompensationToRevenue,grahamNumber,roic,returnOnTangibleAssets,grahamNetNet,workingCapital,tangibleAssetValue,netCurrentAssetValue,investedCapital,averageReceivables,averagePayables,averageInventory,daysSalesOutstanding,daysPayablesOutstanding,daysOfInventoryOnHand,receivablesTurnover,payablesTurnover,inventoryTurnover,roe,capexPerShare,report_date,epsEstimated,time,revenueEstimated,updatedFromDate,fiscalDateEnding,surprise(%),QuarterAvgPrice,QuarterAvgVolume
2024-12-31,COP,USD,1163165,2025-02-18,2025-02-18 14:48:53,2024,Q4,14236000000.0,10048000000.0,4188000000.0,0.2941837595,0,0.0,0.0,630000000.0,591000000.0,1221000000.0,11269000000.0,402000000.0,276000000.0,2662000000.0,5908000000.0,0.4150042147,2967000000.0,0.2084152852,3000000.0,2970000000.0,0.2086260185,664000000.0,2306000000.0,0.1619837033,1.95,1.94,1207421000,1209163000,https://www.sec.gov/Archives/edgar/data/1163165/000116316525000012/0001163165-25-000012-index.htm,https://www.sec.gov/Archives/edgar/data/1163165/000116316525000012/cop-20241231.htm,11.790419414603525,1.9098558000896124,3.6913388122287087,0.9441611500876662,5.063685325996484,53.664794632526686,53.664794632526686,53.664794632526686,20.37400376504964,119739940570.0,138456940570.0,12.981346549219428,8.411066350800787,26.865591332735026,105.03503558771928,1.847952660195073,1.847952660195073,9.725831734335488,23.43550111205145,31.065052853937623,121.45345664035088,0.0192584027436685,0.0095206327527242,0.3753935428112846,0.1981104414399739,3.168077183480027,1.2905806664467172,10.75,1.9378260869565216,0.0074912347185909,0.3889852558542931,0.0,0.0,0.0,0.7442225712362576,0.2330008429334082,0.0,0.0,48.02156217799305,0.0206253924404894,0.0187815605147418,-38.05155782448707,3523000000.0,64796000000.0,-42337000000.0,97879000000.0,5755000000.0,5617000000.0,1652500000.0,42.325793762292776,54.136146496815286,16.20322452229299,2.1263629574309184,1.6624751819986765,5.55444997236042,0.0355886165812704,2.747177662141042,2025-02-06,1.78,bmo,14449704443.0,2025-05-06,2024-12-31,0.1123595505617977,106.173125,6730456.71875
2024-09-30,COP,USD,1163165,2024-10-31,2024-10-31 13:38:16,2024,Q3,13604000000.0,9398000000.0,4206000000.0,0.3091737724,0,0.0,0.0,186000000.0,3457000000.0,3643000000.0,13041000000.0,0.0,269000000.0,2390000000.0,5894000000.0,0.433254925,6596000000.0,0.4848573949,-3361000000.0,3235000000.0,0.2377977066,1176000000.0,2059000000.0,0.1513525434,1.77,1.77,1161318000,1163227000,https://www.sec.gov/Archives/edgar/data/1163165/000116316524000052/0001163165-24-000052-index.htm,https://www.sec.gov/Archives/edgar/data/1163165/000116316524000052/cop-20240930.htm,11.714276365302185,1.7729855216228458,4.9624650612493735,2.45152490532309,5.84852727676657,42.95205964257852,42.95205964257852,42.95205964257852,15.9930354993206,122263559040.0,135346559040.0,14.845016881981543,8.987324245810056,21.21526271733472,42.94469934668072,2.451104810248391,2.451104810248391,9.949026686268745,22.963447410926367,23.485434502863093,47.54006288724974,0.0168406679485452,0.0232857608788287,0.3669533489705499,0.189288410428236,2.2197149643705463,1.2990246168137485,24.520446096654275,2.7989315201554152,0.0074429372672055,0.4419621175327829,0.0,0.0,0.0,0.5059864653826133,0.2143487209644222,1.2200836820083685,0.0,41.3938527692082,0.0481179623768207,0.0212928778994612,-30.71230274567345,3219000000.0,49881000000.0,-32834000000.0,73944000000.0,5061000000.0,4119500000.0,1471500000.0,31.854601587768304,49.70206426899341,14.326452436688657,2.82533748701973,1.8107899807321768,6.282085561497326,0.0412782422164752,2.510940155926284,2024-10-31,1.64,bmo,13973895562.0,2025-04-25,2024-09-30,0.0853658536585366,109.83359375,6391045.078125
2024-06-30,COP,USD,1163165,2024-08-01,2024-08-01 13:47:05,2024,Q2,13588000000.0,9429000000.0,4159000000.0,0.3060788931,0,0.0,0.0,164000000.0,-536000000.0,700000000.0,10129000000.0,0.0,278000000.0,2363000000.0,6300000000.0,0.4636443921,3459000000.0,0.2545628496,200000000.0,3659000000.0,0.2692817192,1330000000.0,2329000000.0,0.1714012364,1.99,1.98,1168198000,1170299000,https://www.sec.gov/Archives/edgar/data/1163165/000116316524000037/0001163165-24-000037-index.htm,https://www.sec.gov/Archives/edgar/data/1163165/000116316524000037/cop-20240630.htm,11.63158985035071,1.99366888147386,4.210758792601939,1.669237577876353,5.150667951836931,42.58267862126112,50.224362650852,42.58267862126112,15.947639013249466,133595123280.0,147653123280.0,14.340395371404036,9.83184598763615,27.159000463508843,68.51031963076923,2.685599020605086,2.685599020605086,10.866435331174566,23.437003695238097,30.016898410245982,75.7195504,0.0174332710866899,0.014596341184648,0.3689214996482058,0.1911786153301248,2.2314285714285718,1.330298333979078,12.442446043165468,2.118432385874246,0.0068490524020271,0.3928724774581365,0.0,0.0,-0.0929953955455549,0.6035779630006098,0.218501619075655,1.256453660600931,0.0,43.705315789761045,0.0253121043241354,0.0221976534726127,-30.412866654454124,3410000000.0,58672000000.0,-32515000000.0,64709000000.0,5382500000.0,3017000000.0,1445000000.0,35.15086841330586,29.10276805599745,13.81164492523067,2.560391935179951,3.092489340767465,6.516240497581203,0.0468187757563574,2.541521214725586,2024-08-01,1.96,bmo,14956302915.0,2025-04-25,2024-06-30,0.010204081632653,121.44936507936508,5627010.0
2024-03-31,COP,USD,1163165,2024-05-02,2024-05-02 13:30:34,2024,Q1,13848000000.0,9560000000.0,4288000000.0,0.3096476025,0,0.0,0.0,178000000.0,118000000.0,845000000.0,10405000000.0,0.0,285000000.0,2230000000.0,6323000000.0,0.4566002311,3785000000.0,0.2733246678,-2823000000.0,3808000000.0,0.2749855575,1257000000.0,2551000000.0,0.184214327,2.16,2.15,1177921000,1180320000,https://www.sec.gov/Archives/edgar/data/1163165/000116316524000023/0001163165-24-000023-index.htm,https://www.sec.gov/Archives/edgar/data/1163165/000116316524000023/cop-20240331.htm,11.75630623785466,2.165680041361008,4.232032538684683,1.7564845180619073,5.145506362481015,41.874624868730585,49.32503962489845,41.874624868730585,15.877125885352244,151574874280.0,164417874280.0,14.854456515092124,10.94561483824379,30.406193436308925,73.25996823586273,3.0729827527622917,3.0729827527622917,11.873041181398037,26.00314317254468,32.982522423269806,79.467314780087,0.0168299661280774,0.0136500195684015,0.3733806386213887,0.1931555984394009,2.031156096789499,1.3500934763357275,13.280701754385966,1.9541356330850648,0.0060959971392957,0.3622108976871815,0.0,0.0,-0.0920417837815161,0.5849548645937813,0.2105719237435008,1.3188602442333786,0.0,45.17143328086907,0.0293818185168804,0.0244996350505166,-29.838164019488573,3558000000.0,58101000000.0,-32302000000.0,64689000000.0,5466000000.0,3128500000.0,1420500000.0,35.47227036395147,28.101464435146443,13.584728033472803,2.5371931110296813,3.202680067001675,6.625086625086625,0.0517181956411556,2.475548020622776,2024-05-02,2.04,bmo,14955616841.0,2025-04-25,2024-03-31,-0.0049019607843138,114.0644262295082,5775751.524590164
2023-12-31,COP,USD,1163165,2024-02-15,2024-02-15 14:01:15,2023,Q4,14644000000.0,9978000000.0,4666000000.0,0.3186287899,81000000,90000000.0,-69000000.0,172000000.0,-450000000.0,622000000.0,10600000000.0,0.0,341000000.0,2234000000.0,6662000000.0,0.4549303469,4044000000.0,0.2761540563,22656000000.0,4264000000.0,0.291177274,1257000000.0,3007000000.0,0.205340071,2.53,2.52,1187144000,1189903000,https://www.sec.gov/Archives/edgar/data/1163165/000116316524000010/0001163165-24-000010-index.htm,https://www.sec.gov/Archives/edgar/data/1163165/000116316524000010/cop-20231231.htm,12.335487522996369,2.532969884024179,4.4333290653871815,2.0048115477145148,5.564615581597515,41.5105496890015,41.5105496890015,41.5105496890015,16.82609691831825,137791804080.0,151790804080.0,11.455919860325904,9.40943759082218,26.18122821204636,57.895716,2.7961566606465227,2.7961566606465227,10.365392248019669,22.78456981086761,28.841118008740263,63.77764877310924,0.0218227783580957,0.0172724351487422,0.3984252927210374,0.2046828739418706,2.1013209246472533,1.4322838580709645,11.859237536656892,1.755503669112742,0.0102183145753903,0.4682407715330894,0.0061458617863971,0.0055312756077574,0.0,0.5477864335930078,0.1968724392242556,1.2905102954341987,0.0228079759628516,48.639098215421576,0.0327100061549203,0.0313477336224511,-29.68005566300297,4325000000.0,49279000000.0,-32315000000.0,75060000000.0,5572500000.0,4207500000.0,1362000000.0,33.64244741873805,29.51292844257366,12.609741431148526,2.6751918158567776,3.049511002444988,7.137339055793992,0.0610199070598023,2.4285175176726663,2024-02-08,2.09,bmo,15146922911.0,2025-04-25,2023-12-31,0.1483253588516746,116.9873015873016,5869850.111111111
2023-09-30,COP,USD,1163165,2023-11-02,2023-11-02 13:19:49,2023,Q3,14250000000.0,9633000000.0,4617000000.0,0.324,0,0.0,0.0,169000000.0,112000000.0,797000000.0,10430000000.0,194000000.0,262000000.0,2144000000.0,6506000000.0,0.4565614035,7328000000.0,0.514245614,280000000.0,4100000000.0,0.2877192982,1302000000.0,2798000000.0,0.1963508772,2.33,2.32,1196641000,1199746000,https://www.sec.gov/Archives/edgar/data/1163165/000116316523000031/0001163165-23-000031-index.htm,https://www.sec.gov/Archives/edgar/data/1163165/000116316523000031/cop-20230930.htm,11.908333409936647,2.3382117109475606,4.550236871375793,2.4234503079871077,7.893762623878005,39.89918446718774,46.85615819615072,39.89918446718774,16.149371448914085,143357591800.0,153590591800.0,12.808934220872052,10.060181880701755,26.32829968778696,49.43365234482759,3.002567636401717,3.002567636401717,10.778287143859648,23.607530249000924,28.207638530762168,52.96227303448275,0.0195176269695121,0.0202291344573214,0.3992669389464865,0.2035536192886354,1.5728558253919458,1.6619268717353453,27.96946564885496,1.9460328806290208,0.0093263285411857,0.4778413152251608,0.0,0.0,-0.0888938719287567,0.4674012855831038,0.1785964912280701,1.2147971360381862,0.0,45.81579049317818,0.0593975006619439,0.0274378285086687,-26.360245052609763,6843000000.0,56070000000.0,-28725000000.0,64079000000.0,5101000000.0,4884500000.0,1281000000.0,35.81684210526316,48.05045157271878,12.388663967611336,2.512784341385999,1.873031304685981,7.264705882352941,0.0586029950780186,2.126786563388685,2023-11-02,2.08,bmo,14902000000.0,2025-04-25,2023-09-30,0.0384615384615384,116.09968253968252,4589487.26984127
2023-06-30,COP,USD,1163165,2023-08-03,2023-08-03 13:33:29,2023,Q2,12351000000.0,8512000000.0,3839000000.0,0.3108250344,0,0.0,0.0,205000000.0,145000000.0,800000000.0,9312000000.0,179000000.0,247000000.0,2044000000.0,5653000000.0,0.4576957331,6382000000.0,0.516719294,323000000.0,3362000000.0,0.2722046798,1130000000.0,2232000000.0,0.1807141122,1.84,1.84,1207443000,1210342000,https://www.sec.gov/Archives/edgar/data/1163165/000116316523000023/0001163165-23-000023-index.htm,https://www.sec.gov/Archives/edgar/data/1163165/000116316523000023/cop-20230630.htm,10.229054290761551,1.848534464980956,3.1918690985827074,0.7710508901869488,5.644158771884056,39.36500522177859,46.0220482457557,39.36500522177859,13.823426861557854,125103169230.0,135812169230.0,14.012451750672042,10.128991112460527,32.460604366891545,134.37504750805584,2.63203318318571,2.63203318318571,10.996046411626589,24.024795547496904,35.2392758770109,145.87773279269604,0.0178412746354691,0.0074418578340599,0.3459636868569986,0.1835165448356676,1.8943923580399789,1.4140134059488898,25.838056680161944,1.7267025089605734,0.0107910935295176,0.6048387096774194,0.0,0.0,-0.0897048155794877,0.7584327970939284,0.2366609991093838,1.4300391389432483,0.0,40.46319685218647,0.0523493801875581,0.0228587814794711,-25.875134478397737,3953000000.0,55569000000.0,-28573000000.0,61367000000.0,4913500000.0,3428500000.0,1247000000.0,33.01675977653631,48.912124060150376,13.068609022556393,2.7258883248730963,1.840034587116299,6.88673139158576,0.0469588268708842,2.4208182083957586,2023-08-03,1.95,bmo,13676600000.0,2025-04-25,2023-06-30,-0.0564102564102563,102.7491935483871,6008560.725806451
2023-03-31,COP,USD,1163165,2023-05-04,2023-05-04 14:11:04,2023,Q1,14811000000.0,9859000000.0,4952000000.0,0.3343460941,0,90000000.0,69000000.0,159000000.0,714000000.0,873000000.0,10732000000.0,188000000.0,256000000.0,2010000000.0,6828000000.0,0.4610087097,4682000000.0,0.3161164,483000000.0,4562000000.0,0.3080143137,1642000000.0,2920000000.0,0.1971507663,2.39,2.39,1220228000,1223355000,https://www.sec.gov/Archives/edgar/data/1163165/000116316523000011/0001163165-23-000011-index.htm,https://www.sec.gov/Archives/edgar/data/1163165/000116316523000011/cop-20230331.htm,12.137895540833352,2.3929954074156634,4.42786102269412,2.0537145517067303,7.055238857000495,39.15907518922693,39.15907518922693,39.15907518922693,13.79988002242204,121058819879.99998,130667819879.99998,10.364624989726028,8.173575037472148,22.40585228206552,48.30758973663208,2.533512334512274,2.533512334512274,8.822349596921207,19.13705622144112,24.184308695169342,52.14198718276137,0.0241205060721264,0.0207006808961468,0.3470481133457506,0.1813519099747378,1.407293497363796,1.3949623474422228,18.2890625,1.8503424657534249,0.0122915455600425,0.5095890410958904,0.0060765647154142,0.0,0.0,0.5361836017027577,0.195597866450611,1.491761071060762,0.0,45.917518001798136,0.0369042351746913,0.0319331590861867,-24.952713755134287,4563000000.0,47783000000.0,-27542000000.0,69653000000.0,6192000000.0,4197000000.0,1238500000.0,32.181486732833704,20.36616289684552,11.483923318795007,2.796638972809668,4.419094576423129,7.83704292527822,0.0611095996484105,2.374146470987389,2023-05-04,2.05,bmo,15743900000.0,2025-04-25,2023-03-31,0.1609756097560976,109.42112903225808,6721921.725806451
2022-12-31,COP,USD,1163165,2023-02-16,2023-02-16 12:42:43,2022,Q4,18558000000.0,12619000000.0,5939000000.0,0.3200237095,71000000,0.0,0.0,192000000.0,950000000.0,1142000000.0,13761000000.0,17000000.0,246000000.0,2203000000.0,7684000000.0,0.4140532385,5464000000.0,0.2944282789,-2843000000.0,5235000000.0,0.2820885871,1986000000.0,3249000000.0,0.1750727449,2.61,2.61,1223856072,1223856072,https://www.sec.gov/Archives/edgar/data/1163165/000116316523000006/0001163165-23-000006-index.htm,https://www.sec.gov/Archives/edgar/data/1163165/000116316523000006/cop-20221231.htm,15.163547760704333,2.654723929007888,5.386254275167742,3.316566459785477,7.552358656762051,39.22274938878597,39.22274938878597,39.22274938878597,13.79982531148483,144415016496.0,154600016496.0,11.112266581717453,7.78182005043647,21.90761779368932,35.57896439911308,3.008458148365728,3.008458148365728,8.330639966375687,20.119731454450807,23.452672405339804,38.088203127864006,0.022497660415321,0.0281064954219108,0.3467074974480761,0.1773758646047597,1.325481520041645,1.4594068654160504,22.21138211382113,2.0289319790704834,0.0165495255132709,0.7356109572176054,0.0,0.0038258433020799,0.0,0.384253640776699,0.1364910011854725,0.6650039380414807,0.0203146890828753,48.40274120013779,0.0415813369706067,0.0346268211320593,-25.0499227003876,5902000000.0,48003000000.0,-27077000000.0,70768000000.0,7221000000.0,6215500000.0,1222500000.0,34.37439379243453,43.95514700055472,8.694032807670974,2.6182279909706545,2.04754178159987,10.351927809680063,0.0676832697956377,2.069687815382265,2023-02-02,2.81,bmo,18196735111.0,2025-04-25,2022-12-31,-0.0355871886120996,121.55206349206348,6735741.984126984
2022-09-30,COP,USD,1163165,2022-11-03,2022-11-03 13:07:15,2022,Q3,21013000000.0,12922000000.0,8091000000.0,0.3850473516,0,0.0,0.0,148000000.0,76000000.0,1080000000.0,14002000000.0,0.0,259000000.0,2008000000.0,9603000000.0,0.4570028078,7504000000.0,0.3571122638,429000000.0,7440000000.0,0.3540665302,2913000000.0,4527000000.0,0.2154380622,3.56,3.55,1265893000,1269321000,https://www.sec.gov/Archives/edgar/data/1163165/000116316522000017/0001163165-22-000017-index.htm,https://www.sec.gov/Archives/edgar/data/1163165/000116316522000017/cop-20220930.htm,16.599349234097986,3.5761316319783742,6.9042170230817295,4.93169643879854,8.232923319743454,38.77025941371032,38.77025941371032,38.77025941371032,13.603045439069495,129551489620.0,138502489620.0,7.154378706648995,6.165301937847999,14.822824899313504,20.75147999679641,2.6396521856598545,2.6396521856598545,6.5912763346499785,14.422835532646047,15.846966775743708,22.185245814512253,0.0349436352548209,0.0481893339730168,0.3455856883799588,0.1788437002435758,0.9321045506612516,1.4612416946488531,28.97297297297297,1.930638391870996,0.0114549049520994,0.327810912303954,0.0,0.0,0.0,0.2856979405034325,0.1188311997334983,1.3338675213675213,0.0,55.85311002138536,0.0560210779284927,0.0477345339898984,-23.072645160372957,6456000000.0,49079000000.0,-25305000000.0,70129000000.0,7753500000.0,4677000000.0,1230000000.0,31.497644315423784,43.65578083887943,8.538925862869524,2.857356540658145,2.0615826419910657,10.539967373572594,0.0922390431752888,1.97252058428319,2022-11-03,3.46,bmo,18038334500.0,2025-04-25,2022-09-30,0.0404624277456647,99.74921875,7046047.4375
2022-06-30,COP,USD,1163165,2022-08-04,2022-08-04 13:12:59,2022,Q2,21161000000.0,12785000000.0,8376000000.0,0.3958225037,0,0.0,0.0,96000000.0,1163000000.0,1259000000.0,14044000000.0,0.0,272000000.0,1907000000.0,9834000000.0,0.4647228392,7597000000.0,0.3590094986,538000000.0,7655000000.0,0.3617503899,2510000000.0,5128000000.0,0.242332593,3.98,3.96,1289791000,1295844000,https://www.sec.gov/Archives/edgar/data/1163165/000116316522000013/0001163165-22-000013-index.htm,https://www.sec.gov/Archives/edgar/data/1163165/000116316522000013/cop-20220630.htm,16.40653408187838,3.975837945837736,6.135877828268301,4.610049225029481,6.342888111329665,38.92258513200976,38.92258513200976,38.92258513200976,13.36883262482061,115836129710.0,125898129710.0,5.647237212851015,5.474038547800198,14.63686248546879,19.48135380255634,2.307400695390622,2.307400695390622,5.949535925050801,12.802331676835468,15.90828022618145,21.17358387319206,0.0442694348718153,0.0513311348962195,0.3380542607864228,0.1811341295507668,1.0231848688224527,1.5438768827766862,27.93014705882353,1.538192419825073,0.0085292904940237,0.1926677067082683,0.0,0.0,0.0,0.2486732373009856,0.0930012759321393,1.087292817679558,0.0,59.00739399137825,0.0621525402058638,0.0547319436884292,-22.15727199212896,6644000000.0,50202000000.0,-24631000000.0,70652000000.0,8016000000.0,2399500000.0,1204000000.0,34.675582439393224,21.723895189675403,8.68674227610481,2.595486324052496,4.142903434867142,10.360615883306322,0.1021473248077765,1.5258286032388193,2022-08-04,3.8,bmo,19560587714.0,2025-04-25,2022-06-30,0.0289473684210527,103.0325806451613,8130960.645161291
2022-03-31,COP,USD,1163165,2022-05-05,2022-05-05 14:40:21,2022,Q1,17762000000.0,10155000000.0,7607000000.0,0.428273843,0,0.0,0.0,187000000.0,883000000.0,1070000000.0,11225000000.0,0.0,278000000.0,1830000000.0,8737000000.0,0.4918928049,7385000000.0,0.4157752505,-3061000000.0,7898000000.0,0.4446571332,2139000000.0,5759000000.0,0.3242315055,4.42,4.4,1301930000,1307404000,https://www.sec.gov/Archives/edgar/data/1163165/000116316522000006/0001163165-22-000006-index.htm,https://www.sec.gov/Archives/edgar/data/1163165/000116316522000006/cop-20220331.htm,13.64282257878688,4.423432903458711,3.892682402279693,1.464748488782039,5.487238177167743,37.80387578441237,42.83947677678523,37.80387578441237,14.612152727105144,130193000000.0,142525000000.0,5.65171904844591,7.329861502083099,25.689226519337016,68.27110644992135,2.645231419399407,2.645231419399407,8.024152685508389,16.31280759986265,28.122533543804263,74.73780807551127,0.0442343290345871,0.0146474848878203,0.3808769149498151,0.2009045312299052,1.4114684674373357,1.512904335856848,26.56474820143885,0.8800138913005731,0.0066363014908635,0.1500260461885744,0.0,0.0,-0.0702619282376645,0.6237174427782163,0.177964193221484,1.7339550191991224,0.0,61.33934651199263,0.0650009028248109,0.0576684290635263,-23.388162189979493,5962000000.0,55774000000.0,-26504000000.0,64048000000.0,7274500000.0,3369000000.0,1191000000.0,39.92286904627857,15.18168389955687,10.404726735598228,2.2543469983500444,5.928196147110333,8.64991482112436,0.1170100369783412,2.4279339134976534,2022-05-05,3.03,bmo,17321882875.0,2025-04-25,2022-03-31,0.0792079207920792,91.9708064516129,9405102.112903226
2021-12-31,COP,USD,1163165,2022-02-17,2022-02-17 13:20:14,2021,Q4,15120000000.0,9824000000.0,5296000000.0,0.3502645503,62000000,0.0,0.0,163000000.0,295000000.0,781000000.0,10605000000.0,33000000.0,275000000.0,1820000000.0,6431000000.0,0.4253306878,4611000000.0,0.3049603175,-179000000.0,4336000000.0,0.2867724868,1709000000.0,2627000000.0,0.1737433862,1.99,1.98,1315225000,1320829000,https://www.sec.gov/Archives/edgar/data/1163165/000156276222000031/0001562762-22-000031-index.htm,https://www.sec.gov/Archives/edgar/data/1163165/000156276222000031/cop10k2021.htm,11.4961318405596,1.9973768746792373,4.461594023836226,3.277766161683362,5.011309851926477,34.523370525955634,34.78188142713224,34.523370525955634,15.365431770229428,94932940500.00002,109838940500.00002,9.034349114960031,6.278633630952382,16.178074386503067,22.02109498956159,2.090757620138308,2.090757620138308,7.264480191798943,17.079605115845126,18.71829251874574,25.47876142426352,0.0276721650689836,0.0454110025170873,0.4390168700171784,0.2198740362449123,2.31783548437257,1.3351634639381085,16.767272727272726,2.2337266844309096,0.0064150546353296,0.231823372668443,0.0,0.0041005291005291,-0.0037502343896493,0.2653374233128834,0.1029761904761904,0.873247335950645,0.0201058201058201,39.38926368062556,0.0349079188750726,0.0288678146393995,-25.13448269307533,4029000000.0,45746000000.0,-29205000000.0,68600000000.0,6067500000.0,4578000000.0,1125500000.0,39.70238095238095,46.03521986970684,11.066775244299675,2.266866566716642,1.9550248756218904,8.132450331125828,0.0578557899837025,1.1838278621528635,2022-02-03,2.18,bmo,13453129850.0,2025-04-25,2021-12-31,0.0412844036697247,72.86296875,7992675.703125
2021-09-30,COP,USD,1163165,2021-11-04,2021-11-04 11:54:52,2021,Q3,11326000000.0,7240000000.0,4086000000.0,0.3607628465,0,0.0,0.0,128000000.0,32000000.0,596000000.0,7836000000.0,0.0,280000000.0,1672000000.0,5331000000.0,0.4706869151,3490000000.0,0.3081405615,-2206000000.0,3582000000.0,0.3162634646,1203000000.0,2379000000.0,0.2100476779,1.78,1.78,1332286000,1336379000,https://www.sec.gov/Archives/edgar/data/1163165/000156276221000409/0001562762-21-000409-index.htm,https://www.sec.gov/Archives/edgar/data/1163165/000156276221000409/cop20213q10q.htm,8.501177675063763,1.7856526301409756,3.600578254218689,2.6233106104845354,8.952282017524766,33.11225967997862,33.11225967997862,33.11225967997862,14.972761103847072,90289022220.0,100124022220.0,9.488127597730138,7.97183667843899,18.821976697936208,25.83376887553648,2.046673970758245,2.046673970758245,8.840192673494615,18.78147105983868,20.87221643110277,28.647788904148783,0.0263487181664597,0.0387090247968796,0.4458347500850051,0.2252817740309722,1.844869630463328,1.9313809933964976,12.464285714285714,2.0163934426229506,0.0064127397302985,0.2433795712484237,0.0,0.0,0.0,0.2714196372732958,0.1149567367119901,0.7787081339712919,0.0,36.47406415136594,0.0294609329593853,0.0272496105562173,-19.99702015933516,9732000000.0,44115000000.0,-23008000000.0,66421000000.0,4994500000.0,3872000000.0,1090500000.0,43.42662899523221,51.35220994475138,12.965469613259668,2.0724611161939617,1.7526022754780926,6.941514860977948,0.053927235634138,0.9772676437341532,2021-11-02,1.51,bmo,10686300000.0,2025-04-25,2021-09-30,0.1721854304635761,57.7065625,8608241.359375
2021-06-30,COP,USD,1163165,2021-08-05,2021-08-05 11:31:12,2021,Q2,9556000000.0,6244000000.0,3312000000.0,0.3465885308,0,0.0,0.0,117000000.0,420000000.0,555000000.0,6799000000.0,0.0,283000000.0,1868000000.0,5231000000.0,0.5474047719,2757000000.0,0.2885098368,323000000.0,3080000000.0,0.3223105902,989000000.0,2091000000.0,0.2188154039,1.55,1.55,1348637000,1353201000,https://www.sec.gov/Archives/edgar/data/1163165/000156276221000304/0001562762-21-000304-index.htm,https://www.sec.gov/Archives/edgar/data/1163165/000156276221000304/cop20212q10q.htm,7.085672423342976,1.5504542734627629,3.152071313481686,2.214087259952085,7.905018177611915,32.8301833629064,32.8301833629064,32.8301833629064,15.047043793103704,82131993300.0,95533993300.0,9.81970269010043,8.594808842611972,19.320628863796752,27.5056909912927,1.855000300388472,1.855000300388472,9.99727849518627,18.26304593767922,22.473298823806164,31.993969624916275,0.0254590192686824,0.0363561126428913,0.4519378444303912,0.2343009027785909,2.562034027910533,2.1069938650306748,9.742049469964664,2.03299856527977,0.0070983300973897,0.2788139646102343,0.0,0.0,0.0,0.2975770406963067,0.1323775638342402,0.6775575790037494,0.0,33.84210701338863,0.0236677485482538,0.0244839174267882,-19.652434272528485,9022000000.0,44276000000.0,-23955000000.0,66739000000.0,4502500000.0,3216500000.0,1070000000.0,42.607785684386776,52.07719410634209,16.4029468289558,2.112290008841733,1.7282037088292277,5.486818980667838,0.0472264883910018,0.9379840535296008,2021-08-03,1.1,bmo,10057900000.0,2025-04-25,2021-06-30,0.1545454545454544,55.73460317460318,8529750.92063492
2021-03-31,COP,USD,1163165,2021-05-06,2021-05-06 13:26:43,2021,Q1,9826000000.0,7752000000.0,2074000000.0,0.2110726644,0,0.0,0.0,311000000.0,354000000.0,765000000.0,8517000000.0,0.0,288000000.0,1892000000.0,3894000000.0,0.3962955424,1309000000.0,0.1332179931,405000000.0,1714000000.0,0.174435172,732000000.0,982000000.0,0.0999389375,0.75,0.75,1300375000,1302691000,https://www.sec.gov/Archives/edgar/data/1163165/000156276221000193/0001562762-21-000193-index.htm,https://www.sec.gov/Archives/edgar/data/1163165/000156276221000193/COP20211q10q.htm,7.556281841776411,0.7551667788138037,1.5995385946361629,0.6767278669614534,6.041334230510429,22.954147841968663,22.954147841968663,22.954147841968663,12.040372969335769,68880863750.0,81258863750.0,17.535861443482688,7.010061444127824,33.11579987980769,78.27370880681818,2.3076439327950684,2.3076439327950684,8.269780556686342,20.8677102593734,39.06676141826923,92.33961789772728,0.0142564995056409,0.0127756818380489,0.5148916211598379,0.245440608131847,3.1787365177195688,2.248602310846068,4.545138888888889,2.1181262729124235,0.0085364783190599,0.5987780040733197,0.0,0.0,0.0,0.5769230769230769,0.1221249745572969,0.6362672322375398,0.0,19.7489169941112,0.0127397538102967,0.015682391644575,-16.18859944246852,6700000000.0,29849000000.0,-20703000000.0,46593000000.0,3617500000.0,2584500000.0,1002000000.0,41.04315082434358,32.73993808049536,11.63312693498452,2.1928141039946443,2.748936170212766,7.736526946107785,0.0328989245870883,0.9228107276747092,2021-05-04,0.51,bmo,7439990000.0,2025-04-25,2021-03-31,0.3529411764705881,49.28590163934426,11301426.967213117
2020-12-31,COP,USD,1163165,2021-02-16,2021-02-16 12:04:27,2020,Q4,5491000000.0,5150000000.0,341000000.0,0.0621016208,75000000,0.0,0.0,181000000.0,468000000.0,1412000000.0,6562000000.0,100000000.0,259000000.0,1541000000.0,714000000.0,0.1300309598,-1071000000.0,-0.1950464396,-15000000.0,-1086000000.0,-0.1977781825,-314000000.0,-772000000.0,-0.1405936988,-0.72,-0.72,1071491524,1073580000,https://www.sec.gov/Archives/edgar/data/1163165/000156276221000027/0001562762-21-000027-index.htm,https://www.sec.gov/Archives/edgar/data/1163165/000156276221000027/cop10k2020.htm,5.12463223180849,-0.7204910003562474,1.5604416484399557,0.573032997692663,7.331835879272901,27.857429882945112,27.857429882945112,27.857429882945112,14.585276364724654,42848946044.76,55226946044.76,-13.87595403003886,7.803486804727736,25.627360074617226,69.78655707615636,1.435523670634192,1.435523670634192,10.057721006148244,77.3486639282353,33.03047012246412,89.94616619667752,-0.0180167792037071,0.0143294072941401,0.5148916211598379,0.245440608131847,17.33613445378151,2.248602310846068,-4.135135135135135,-2.1658031088082903,0.010828737759741,-0.6010362694300518,0.0,0.0136587142596976,0.0,0.6327751196172249,0.192678929156802,0.6865671641791045,0.028956474230559,,-0.0131557605117344,-0.0123287233702769,-20.855507952669537,6700000000.0,29849000000.0,-20703000000.0,46593000000.0,2436500000.0,2113500000.0,1018000000.0,45.13931888544892,41.0504854368932,17.510679611650485,1.9938271604938271,2.192422307364836,5.139720558882235,-0.0258635130155114,0.9874086507472924,2021-02-02,-0.2,bmo,7255964285.0,2025-04-25,2020-12-31,-0.05,36.8571875,12204225.703125
2020-09-30,COP,USD,1163165,2020-11-03,2020-11-03 11:40:15,2020,Q3,4386000000.0,4213000000.0,173000000.0,0.0394436845,0,0.0,0.0,96000000.0,-58000000.0,400000000.0,4613000000.0,0.0,262000000.0,1411000000.0,1161000000.0,0.2647058824,-227000000.0,-0.051755586,-285000000.0,-512000000.0,-0.1167350661,-62000000.0,-450000000.0,-0.1025991792,-0.42,-0.42,1071428571,1077377000,https://www.sec.gov/Archives/edgar/data/1163165/000156276220000367/0001562762-20-000367-index.htm,https://www.sec.gov/Archives/edgar/data/1163165/000156276220000367/COP20203q10q.htm,4.09360000163744,-0.420000000168,0.8101333336573867,-0.24640000009856,6.842266669403573,28.73080001149232,28.73080001149232,28.73080001149232,14.605733339175629,35185714271.64001,48082714271.64001,-19.547619039800004,8.022278675704516,40.53653717930876,-133.2792207259091,1.143024210494104,1.143024210494104,10.962771151764708,41.41491324,55.39483211018434,-182.13149345318183,-0.0127892813693057,-0.0075030450699926,0.4998538154176006,0.2436309514384787,11.108527131782946,2.383405172413793,-0.8664122137404581,-1.9288888888888889,0.0129029638703662,-1.008888888888889,0.0,0.0,0.0,1.304147465437788,0.258093935248518,0.8022678951098512,0.0,,-0.0033370976273709,-0.0071251009389299,-21.407633341896386,6419000000.0,30783000000.0,-21315000000.0,47688000000.0,1825500000.0,1813000000.0,1008000000.0,43.48153214774282,40.11868027533824,22.088772845953,2.0698442661632845,2.2433439829605963,4.074468085106383,-0.0146184582399376,1.0565333337559466,2020-10-29,-0.3,bmo,4523062500.0,2025-04-25,2020-09-30,0.0333333333333333,37.89078125,6951436.71875
2020-06-30,COP,USD,1163165,2020-08-04,2020-08-04 12:09:14,2020,Q2,2749000000.0,3335000000.0,-586000000.0,-0.2131684249,0,0.0,0.0,156000000.0,601000000.0,394000000.0,3729000000.0,0.0,268000000.0,1158000000.0,199000000.0,0.07238996,-980000000.0,-0.3564932703,-382000000.0,21000000.0,0.0076391415,-257000000.0,260000000.0,0.0945798472,0.24,0.24,1076659000,1077606000,https://www.sec.gov/Archives/edgar/data/1163165/000156276220000267/0001562762-20-000267-index.htm,https://www.sec.gov/Archives/edgar/data/1163165/000156276220000267/COP20202q10q.htm,2.5532689551659344,0.241487787683937,0.145821471793762,-0.667806612864426,7.303147979072297,29.250672682808577,29.250672682808577,29.250672682808577,14.179048333780704,45241211180.0,57332211180.0,43.50116459615385,16.45733400509276,288.1605807643312,-62.92240776077886,1.4365481592734894,1.4365481592734894,20.855660669334306,288.10156371859296,365.1733196178344,-79.73881944367177,0.0057469725769618,-0.0158925895493675,0.4762328136411266,0.2378897947530374,60.75879396984924,2.692570036540804,-3.656716417910448,0.564748201438849,0.0100572020096832,1.75,0.0,0.0,0.0,5.579617834394904,0.3186613313932339,0.7564766839378239,0.0,12.60685548718888,-0.2166048908627464,0.0041239729721155,-20.480021993964662,6948000000.0,31493000000.0,-20500000000.0,48068000000.0,1898000000.0,1897500000.0,854000000.0,50.15642051655147,47.17241379310345,26.50074962518741,1.7943864229765014,1.9078947368421053,3.3961303462321792,0.0082558028768297,0.8136280846581879,2020-07-30,-0.57,bmo,1733065217.0,2025-04-25,2020-06-30,0.6140350877192985,40.44539682539683,8988693.111111112
2020-03-31,COP,USD,1163165,2020-05-05,2020-05-05 12:14:19,2020,Q1,6158000000.0,5245000000.0,913000000.0,0.1482624229,0,0.0,0.0,-3000000.0,-1533000000.0,435000000.0,5680000000.0,0.0,269000000.0,1411000000.0,184000000.0,0.0298798311,478000000.0,0.0776226047,-2041000000.0,-1563000000.0,-0.2538161741,148000000.0,-1739000000.0,-0.2823968821,-1.6,-1.6,1084561000,1084561000,https://www.sec.gov/Archives/edgar/data/1163165/000156276220000162/0001562762-20-000162-index.htm,https://www.sec.gov/Archives/edgar/data/1163165/000156276220000162/cop-20200331.htm,5.677873351521952,-1.603413731454478,1.94087746101879,0.4204466138834054,7.555130601229438,28.939819890259745,28.939819890259745,28.87343358280447,14.053612475462424,33404478800.0,44469478800.0,-4.802253996549742,5.42456622279961,15.869111068883612,73.25543596491228,1.0667245345680985,1.0667245345680985,7.221415849301722,241.68195,21.125643135391925,97.52078684210528,-0.0520588873848856,0.0136508640871235,0.4781414657512374,0.2302369566220226,60.13586956521739,2.1636213991769546,1.7769516728624537,-1.2302746931618935,0.0137107362980319,-0.2633697527314548,0.0,0.0,0.0,0.7833729216152019,0.2677817473205586,1.1686746987951808,0.0,,0.0088562330963305,-0.0267402703242968,-21.56725163453231,7069000000.0,31387000000.0,-20502000000.0,47714000000.0,2832500000.0,2623500000.0,876000000.0,33.08866515102306,35.124880838894185,12.457578646329836,2.719964664310954,2.56228627259404,7.224517906336088,-0.0555324924157751,1.520430847135385,2020-04-30,0.21,bmo,5032031445.0,2025-04-25,2020-03-31,1.142857142857143,50.87451612903225,10074847.58064516
2019-12-31,COP,USD,1163165,2020-02-18,2020-02-18 12:23:02,2019,Q4,7708000000.0,5573000000.0,2135000000.0,0.2769849507,82000000,0.0,0.0,187000000.0,215000000.0,585000000.0,6158000000.0,166000000.0,263000000.0,1488000000.0,3097000000.0,0.4017903477,1550000000.0,0.2010897769,-264000000.0,1286000000.0,0.1668396471,543000000.0,720000000.0,0.0934094447,0.66,0.65,1095606000,1099786000,https://www.sec.gov/Archives/edgar/data/1163165/000119312520039954/0001193125-20-039954-index.htm,https://www.sec.gov/Archives/edgar/data/1163165/000119312520039954/d875559d10k.htm,7.035375855919007,0.6571705521875565,2.7217813703101297,1.2659660498390846,9.334560051697418,31.991427575241463,31.991427575241463,31.928448730656825,13.83526559730414,71247258180.0,81054258180.0,24.7386313125,9.243287257394917,23.89244070422535,51.3678862148522,2.0367416077299105,2.0367416077299105,10.515601735858848,26.17186250565063,27.18117309859155,58.43854230713771,0.0101056520404052,0.019467415805614,0.4258025785426374,0.2112346484386079,3.1666128511462706,2.4013914525060343,5.893536121673004,4.013458950201884,0.0064984956870939,0.6430555555555556,0.0,0.0106382978723404,0.0,0.5348759221998659,0.2069278671510119,1.0719086021505375,0.0355474831344058,21.72797313058448,0.0140094922232081,0.0102107382931049,-20.238342980962138,9870000000.0,35050000000.0,-18551000000.0,52139000000.0,3508500000.0,3185500000.0,990500000.0,39.7106901920083,51.677731921765655,16.569172797416112,2.266392237577183,1.7415625,5.4317738791423,0.0205826019839341,1.4558153204710451,2020-02-04,0.8,bmo,8137302631.0,2025-04-25,2019-12-31,-0.05,58.7990625,6010008.265625
2019-09-30,COP,USD,1163165,2019-10-31,2019-10-31 11:41:40,2019,Q3,7756000000.0,5607000000.0,2149000000.0,0.2770758123,0,0.0,0.0,87000000.0,226000000.0,684000000.0,6291000000.0,0.0,270000000.0,1566000000.0,3547000000.0,0.4573233626,1465000000.0,0.1888860237,-176000000.0,3493000000.0,0.4503610108,422000000.0,3056000000.0,0.3940175348,2.76,2.74,1108555000,1113250000,https://www.sec.gov/Archives/edgar/data/1163165/000119312519279997/0001193125-19-279997-index.htm,https://www.sec.gov/Archives/edgar/data/1163165/000119312519279997/d824956d10q.htm,6.996495437754555,2.7567418847057654,2.108149798611706,0.5971737983230422,9.06766015218009,31.788228820401333,35.82411337281416,31.70433582456441,13.702522653364063,63165463900.0,70892463900.0,5.167331798102095,8.144077346570397,27.028439837398373,95.4161086102719,1.7972305212541968,1.7972305212541968,9.140338305827749,19.986598223851143,30.334815532734275,107.08831404833838,0.0483808684574546,0.01048041064098,0.4245148807830194,0.212112595962468,2.1784606709895686,2.560922248401212,5.425925925925926,0.7609899055682188,0.0053985196806256,0.1115837696335078,0.0,0.0,-0.0636053454648848,0.7167308515190415,0.215961835997937,1.0696040868454662,0.0,44.34540659553106,0.0199632491962467,0.0408479696313524,-19.718913360185105,9275000000.0,39713000000.0,-19884000000.0,48615000000.0,3633500000.0,3403000000.0,1022000000.0,41.95977307890665,50.89887640449438,15.329052969502408,2.144911504424779,1.7682119205298013,5.871204188481675,0.0869515734365219,1.510976000288664,2019-10-29,0.78,bmo,6901170731.0,2025-04-25,2019-09-30,0.0512820512820511,56.910625,6672777.125
2019-06-30,COP,USD,1163165,2019-08-01,2019-08-01 10:35:47,2019,Q2,7953000000.0,5582000000.0,2371000000.0,0.2981264931,0,0.0,0.0,129000000.0,158000000.0,445000000.0,6027000000.0,0.0,252000000.0,1490000000.0,3800000000.0,0.4778071168,1926000000.0,0.242172765,132000000.0,2058000000.0,0.2587702754,461000000.0,1580000000.0,0.1986671696,1.4,1.4,1125995000,1131242000,https://www.sec.gov/Archives/edgar/data/1163165/000119312519210077/0001193125-19-210077-index.htm,https://www.sec.gov/Archives/edgar/data/1163165/000119312519210077/d775509d10q.htm,7.0630864257834185,1.4032033890026154,2.5675069605104817,1.031976163304455,7.555983818755856,29.37313220751424,33.4202194503528,29.28609807325965,13.476969258300436,70093188750.0,79075188750.0,11.090694422468356,8.813427480196152,24.245309149083365,60.32116071428572,2.125581900473071,2.125581900473071,9.942812617880046,20.80926019736842,27.352192580422,68.05093696213424,0.0225414199036564,0.0165779303342081,0.4525412421154779,0.2094132835632393,2.363684210526316,1.7563361493997331,7.642857142857143,1.8102692548528487,0.0049362856244716,0.2189873417721519,0.0,0.0,-0.0639480220597521,0.5980629539951574,0.2174022381491261,1.1604026845637585,0.0,30.407612887381845,0.0239594817666126,0.020839378511699,-23.44259965630398,6804000000.0,37631000000.0,-22387000000.0,46581000000.0,3760000000.0,3740500000.0,1051500000.0,41.31648434552999,58.6080257972053,17.558222859190256,2.1783073130649138,1.5356258596973866,5.125803489439853,0.0479136341581756,1.5355307972060266,2019-07-30,1.03,bmo,8064594059.0,2025-04-25,2019-06-30,-0.0194174757281553,62.23571428571429,6820250.571428572
2019-03-31,COP,USD,1163165,2019-05-02,2019-05-02 11:14:37,2019,Q1,9150000000.0,6492000000.0,2658000000.0,0.2904918033,0,0.0,0.0,153000000.0,694000000.0,538000000.0,7030000000.0,0.0,319000000.0,1546000000.0,4552000000.0,0.4974863388,2120000000.0,0.2316939891,-1444000000.0,2687000000.0,0.2936612022,841000000.0,1833000000.0,0.2003278689,1.61,1.6,1139463000,1146515000,https://www.sec.gov/Archives/edgar/data/1163165/000119312519134334/0001193125-19-134334-index.htm,https://www.sec.gov/Archives/edgar/data/1163165/000119312519134334/d734823d10q.htm,8.030098388451401,1.608652496834035,2.539792867341897,1.1031512212331598,7.259559985712568,28.94433606005636,33.13490653053236,28.837268081543677,13.39578380342319,77130250470.0,85857250470.0,10.51967409574468,8.429535570491803,26.65177970628887,61.360581121718376,2.347309731580389,2.347309731580389,9.383306062295082,18.861434637521967,29.667329118866625,68.30330188544153,0.0237649947825976,0.016297107715071,0.4548221187498097,0.2090268259252007,1.917179261862917,1.856580732700136,6.64576802507837,1.5677139761646803,0.0045377786000595,0.1909438079650845,0.0,0.0,-0.0667850848974796,0.5656530753282654,0.1789071038251366,1.058861578266494,0.0,32.30720854976598,0.022671883353371,0.0240320952368465,-23.551664248861087,6313000000.0,37756000000.0,-24834000000.0,47480000000.0,3968000000.0,3870500000.0,1010500000.0,38.05573770491803,53.317929759704256,14.057301293900188,2.36495218402688,1.68798751950078,6.402366863905326,0.0557838035241486,1.4366416461087372,2019-04-30,0.92,bmo,8217900000.0,2025-04-25,2019-03-31,0.0869565217391303,67.27524590163934,6550096.737704918
2018-12-31,COP,USD,1163165,2019-02-19,2019-02-19 11:23:45,2018,Q4,9666000000.0,6960000000.0,2706000000.0,0.2799503414,78000000,0.0,0.0,65000000.0,-525000000.0,447000000.0,7407000000.0,97000000.0,275000000.0,1612000000.0,4590000000.0,0.4748603352,2259000000.0,0.2337057728,-1501000000.0,2672000000.0,0.2764328574,794000000.0,1868000000.0,0.1932547072,1.62,1.61,1151148000,1159305000,https://www.sec.gov/Archives/edgar/data/1163165/000119312519043841/0001193125-19-043841-index.htm,https://www.sec.gov/Archives/edgar/data/1163165/000119312519043841/d636257d10k.htm,8.396835159336593,1.6227279203021678,3.286284648020932,1.8815999332839912,6.623822479820145,27.85393363842008,31.924652607657748,27.74534638465254,13.241564073429307,71774077800.0,80827077800.0,9.605738463597431,7.42541669770329,18.972793497224423,33.13669335180055,2.2472237014308525,2.2472237014308525,8.361998530933167,17.6093851416122,21.365867776896643,37.31628707294552,0.0260261093873643,0.0301780261954128,0.4686433513885845,0.2138896827665047,1.972331154684096,1.79499661933739,8.214545454545455,2.014376996805112,0.0049321427853998,0.1895074946466809,0.0,0.0080695220360024,-0.0669619891397542,0.4274385408406027,0.1672873991309745,1.0031017369727049,0.0274156838402648,31.827988238792063,0.0252919156907289,0.025018080518576,-23.22659640636999,5879000000.0,36750000000.0,-24642000000.0,46891000000.0,4283000000.0,3906500000.0,1123000000.0,37.86778398510242,50.36637931034483,13.021551724137932,2.3766904352102287,1.7869062901155328,6.911618669314796,0.0584864898713172,1.4046847147369408,2019-01-31,0.99,bmo,8151504424.0,2025-04-25,2018-12-31,0.1414141414141413,68.0426984126984,6994366.777777778
2018-09-30,COP,USD,1163165,2018-10-30,2018-10-30 12:03:42,2018,Q3,9449000000.0,6391000000.0,3058000000.0,0.3236321304,0,0.0,0.0,119000000.0,299000000.0,534000000.0,6925000000.0,0.0,275000000.0,1494000000.0,4675000000.0,0.4947613504,2524000000.0,0.2671182136,382000000.0,2906000000.0,0.307545772,1033000000.0,1861000000.0,0.1969520584,1.6,1.59,1163033000,1172694000,https://www.sec.gov/Archives/edgar/data/1163165/000119312518311600/0001193125-18-311600-index.htm,https://www.sec.gov/Archives/edgar/data/1163165/000119312518311600/d630380d10q.htm,8.124447027728362,1.6001265656262549,2.9319890321254856,1.5571355240994882,5.741023685484419,27.58219242274295,32.05326074152668,27.47127553560389,13.131183723935608,92914706370.0,104195706370.0,12.481825143739924,9.833284619536458,27.247714478005868,51.30574620099392,2.908128524882629,2.908128524882629,11.02716757011324,22.287851629946523,30.55592562170088,57.53490136388736,0.0200291221132338,0.0194909941682249,0.4693896713615023,0.2125545665854073,2.413048128342246,1.989325766788272,9.178181818181818,1.8206086492258409,0.0035946946726599,0.1794734013970983,0.0,0.0,-0.0737003231475707,0.4689149560117302,0.169224256535083,1.070281124497992,0.0,31.449072322781863,0.0257200014145464,0.0245657109667881,-23.908392969073105,7322000000.0,37279000000.0,-23754000000.0,46858000000.0,4214500000.0,3792000000.0,1166000000.0,42.85215366705472,55.17446409012675,17.447973713033956,2.100244498777506,1.6311893823379275,5.15819209039548,0.0582472613458528,1.3748535080259976,2018-10-25,1.18,bmo,8489058823.0,2025-04-25,2018-09-30,0.152542372881356,72.11619047619047,5434999.063492063
2018-06-30,COP,USD,1163165,2018-07-31,2018-07-31 10:48:32,2018,Q2,8504000000.0,5815000000.0,2689000000.0,0.3162041392,0,0.0,0.0,118000000.0,273000000.0,460000000.0,6275000000.0,0.0,266000000.0,1438000000.0,4323000000.0,0.5083490122,2229000000.0,0.2621119473,-1459000000.0,2619000000.0,0.3079727187,965000000.0,1640000000.0,0.1928504233,1.4,1.39,1172378000,1181167000,https://www.sec.gov/Archives/edgar/data/1163165/000119312518232659/0001193125-18-232659-index.htm,https://www.sec.gov/Archives/edgar/data/1163165/000119312518232659/d586006d10q.htm,7.253633213861058,1.3988662359750863,2.850616439407768,1.1455349725088666,5.122068138433168,26.63134245098424,31.011329110576963,26.4778083519138,12.999220387963607,81620956360.0,93360956360.0,12.442218957317074,9.597948772342429,24.42278766008378,60.77509781087118,2.629371701565621,2.629371701565621,10.97847558325494,21.59633503585473,27.93565420706164,69.5167210424423,0.0200928789999294,0.0164541076200641,0.4823787127118098,0.2172159684344899,2.715706685172334,1.7487194938234407,8.3796992481203,2.0205562273276905,0.0041288415993757,0.2054878048780487,0.0,0.0,-0.0744893814552628,0.5981448234590065,0.2350658513640639,1.390125173852573,0.0,28.868244186086304,0.022563993868153,0.0221409188481322,-24.066470029290898,4970000000.0,36357000000.0,-26106000000.0,46141000000.0,4061000000.0,3776000000.0,1073000000.0,41.592191909689554,56.73946689595873,16.916595012897677,2.1638676844783715,1.5861974904528096,5.320219579139982,0.0528316474453965,1.7050814668989012,2018-07-26,1.08,bmo,8853027522.0,2025-04-25,2018-06-30,0.0092592592592592,66.6175,7669565.84375
2018-03-31,COP,USD,1163165,2018-05-01,2018-05-01 10:36:21,2018,Q1,8798000000.0,6297000000.0,2501000000.0,0.2842691521,0,0.0,0.0,99000000.0,-197000000.0,429000000.0,6726000000.0,0.0,272000000.0,1412000000.0,3460000000.0,0.393271198,2072000000.0,0.23550807,-348000000.0,1776000000.0,0.20186406,876000000.0,888000000.0,0.10093203,0.75,0.75,1179792000,1186454000,https://www.sec.gov/Archives/edgar/data/1163165/000119312518145507/0001193125-18-145507-index.htm,https://www.sec.gov/Archives/edgar/data/1163165/000119312518145507/d577738d10q.htm,7.457246701113417,0.7526750478050368,2.0334092789237426,0.7323324789454412,5.973934388434572,26.03679292621072,30.283304175651303,25.891004516050288,14.678858646269852,69949867680.0,82011867680.0,19.69309337837838,7.950655567174357,29.157927336390163,80.960495,2.2899845374189747,2.2899845374189747,9.321648974766992,23.70285193063584,34.18585563984994,94.92114314814816,0.0126948060010969,0.0123517031362024,0.558043606364172,0.2410112121254966,3.4861271676300576,1.8549725699817128,7.617647058823529,2.665555555555556,0.004832032013931,0.3806306306306306,0.0,0.0,-0.0708357487239668,0.6398499374739475,0.1744714707888156,1.0871104815864023,0.0,20.93965243005165,0.0164177937612383,0.011724784451457,-24.826833882582697,6078000000.0,35728000000.0,-26822000000.0,47065000000.0,4256000000.0,3958000000.0,1056500000.0,42.88247328938395,55.54073368270605,15.05002382086708,2.098759541984733,1.6204323211528564,5.98005698005698,0.0290709094480455,1.3010767999783013,2018-04-26,0.73,bmo,6614864583.0,2025-04-25,2018-03-31,0.3150684931506849,56.54245901639344,6416762.590163934
2017-12-31,COP,USD,1163165,2018-02-20,2018-02-20 10:03:26,2017,Q4,8119000000.0,6392000000.0,1727000000.0,0.212710925,100000000,0.0,0.0,138000000.0,369000000.0,557000000.0,6949000000.0,112000000.0,312000000.0,1633000000.0,3401000000.0,0.4188939525,1170000000.0,0.144106417,155000000.0,1325000000.0,0.1631974381,-273000000.0,1579000000.0,0.1944820791,1.32,1.32,1192243000,1198276000,https://www.sec.gov/Archives/edgar/data/1163165/000119312518049729/0001193125-18-049729-index.htm,https://www.sec.gov/Archives/edgar/data/1163165/000119312518049729/d534096d10k.htm,6.809853360430718,1.3243944397241167,2.080951618084568,0.8085599999328996,8.468911119629135,25.834498504080123,29.56360406393663,25.67177999786956,16.787685060847494,65442218270.0,78820218270.0,10.36133918144395,8.06037914398325,26.37735520757759,67.8861185373444,2.138145465743131,2.138145465743131,9.708119013425298,23.175600785063217,31.76953577992745,81.76371189834025,0.0241281552145038,0.0147305520118946,0.6437416277322181,0.2685722853793517,3.933548956189356,1.75715653932106,3.75,1.5525657071339174,0.0048745291408655,0.2020265991133628,0.0,0.0123167877817465,-0.060603582236035,0.611446997178557,0.1868456706490947,0.92896509491733,0.0279591082645646,27.658455496601448,0.0212062541470303,0.020293543080403,-24.067241325803547,7115000000.0,35247000000.0,-26049000000.0,48352000000.0,3842000000.0,3723000000.0,1041500000.0,47.88767089543048,56.74280350438048,14.924906132665832,1.879398148148148,1.5861042183622829,6.030188679245283,0.0515895056686378,1.2723916181516688,2018-02-01,0.45,bmo,8547000000.0,2025-04-25,2017-12-31,0.0,51.42984126984127,5864171.111111111
2017-09-30,COP,USD,1163165,2017-10-31,2017-10-31 11:11:28,2017,Q3,6688000000.0,5758000000.0,930000000.0,0.1390550239,0,0.0,0.0,132000000.0,14000000.0,382000000.0,6140000000.0,0.0,340000000.0,1608000000.0,2601000000.0,0.3889055024,548000000.0,0.081937799,79000000.0,653000000.0,0.0976375598,217000000.0,420000000.0,0.0627990431,0.35,0.34,1212454000,1215341000,https://www.sec.gov/Archives/edgar/data/1163165/000119312517326398/0001193125-17-326398-index.htm,https://www.sec.gov/Archives/edgar/data/1163165/000119312517326398/d486070d10q.htm,5.5160855587098565,0.3464048945362051,0.8701361041326104,-0.0272175274278446,9.642427671482794,25.33044552618079,30.114956938572515,25.155593531795844,17.603966830906575,60683322700.0,74776322700.0,36.12102541666666,9.07346332236842,57.5197371563981,-1838.8885666666667,1.989617137704918,1.989617137704918,11.180670260167464,28.74906678200692,70.87803099526066,-2265.9491727272725,0.00692117671401,-0.000543806741815,0.6886557377049181,0.2805733292368523,5.418300653594772,2.3775066610573554,1.611764705882353,2.419724770642202,0.0053391934650935,0.7714285714285715,0.0,0.0,-0.0774902819892868,1.0312796208530806,0.1626794258373205,0.6766169154228856,0.0,14.002337886884858,0.0052981104016772,0.005206912796608,-24.26772479615721,9823000000.0,36513000000.0,-27195000000.0,50691000000.0,3263500000.0,3425000000.0,1021000000.0,45.26913875598086,53.39353942341091,15.989927058006252,1.9881093935790728,1.6855971896955504,5.628543499511242,0.0137704918032786,0.8973536315604551,2017-10-26,0.09,bmo,3368500000.0,2025-04-25,2017-09-30,0.7777777777777779,44.92873015873016,6640018.476190476
2017-06-30,COP,USD,1163165,2017-08-01,2017-08-01 09:11:33,2017,Q2,6781000000.0,5874000000.0,907000000.0,0.1337560832,0,0.0,0.0,134000000.0,-187000000.0,430000000.0,6304000000.0,0.0,398000000.0,1625000000.0,-2316000000.0,-0.3415425453,477000000.0,0.0703436071,-4880000000.0,-4361000000.0,-0.6431204837,-935000000.0,-3440000000.0,-0.5072998083,-2.78,-2.78,1236831000,1236831000,https://www.sec.gov/Archives/edgar/data/1163165/000119312517243345/0001193125-17-243345-index.htm,https://www.sec.gov/Archives/edgar/data/1163165/000119312517243345/d435312d10q.htm,5.482559864686444,-2.7813015682821662,1.4157148389715328,0.5910265832599604,9.540511193526036,24.658987363673777,29.358901903331983,24.486773051451653,19.296088147855286,54371090760.0,70305090760.0,-3.951387409883721,8.01815230202035,31.05145103369503,74.37905712722298,1.7952549283497323,1.7952549283497323,10.367953216339773,-30.35625680483592,40.1513939234723,96.17659474692202,-0.0632689164759364,0.0134446447511364,0.7748794822690352,0.3008563663401877,-6.879965457685665,2.002720128954261,1.1984924623115578,-0.5110916520723876,0.0060877939981206,-0.0962209302325581,0.0,0.0,-0.0745218193938772,0.5825242718446602,0.1504202919923315,0.6276923076923077,0.0,,0.0052135765066818,-0.0410417934309269,-26.538185087534192,9953000000.0,36312000000.0,-27626000000.0,50986000000.0,3261000000.0,3482500000.0,1058000000.0,41.9805338445657,52.61491317671093,15.612870275791623,2.143850774581094,1.710541642399534,5.764474975466143,-0.1135838341147725,0.8246882557115726,2017-07-27,0.01235,bmo,484071428.0,2025-04-25,2017-06-30,10.336032388663968,46.637142857142855,7962689.793650794
2017-03-31,COP,USD,1163165,2017-05-04,2017-05-04 16:18:51,2017,Q1,7518000000.0,6468000000.0,1050000000.0,0.1396648045,0,0.0,0.0,157000000.0,31000000.0,646000000.0,7114000000.0,0.0,410000000.0,1979000000.0,2157000000.0,0.2869114126,110000000.0,0.0146315509,-329000000.0,62000000.0,0.0082468742,-728000000.0,586000000.0,0.0779462623,0.47,0.47,1243280000,1248722000,https://www.sec.gov/Archives/edgar/data/1163165/000119312517158717/0001193125-17-158717-index.htm,https://www.sec.gov/Archives/edgar/data/1163165/000119312517158717/d375594d10q.htm,6.0469081783669,0.4713338909980052,1.4397400424683096,0.6772408467923557,2.703333118846921,28.634740364197928,36.07956373463741,28.43526800077215,21.592079016794287,62002373600.0,85328373600.0,26.45152457337884,8.24718989092844,34.638197541899444,73.63702327790973,1.753807982349447,1.753807982349447,11.349876775738228,39.55881947148818,47.66948245810056,101.34011116389549,0.0094512510727492,0.013580125261527,0.7477441801261562,0.3004899230445705,10.814093648586,1.4254584108424129,0.2682926829268293,2.2658227848101267,0.0053385052987713,0.5648464163822525,0.0,0.0,-0.1052140997806145,0.529608938547486,0.12609736632083,0.4790298130368873,0.0,17.365378600492352,0.0171888462783081,0.0060270084028427,-36.953260729682775,3202000000.0,44857000000.0,-41644000000.0,48386000000.0,3386500000.0,3592000000.0,1057500000.0,40.21149241819633,49.13265306122449,15.264378478664192,2.238166120869306,1.8317757009345792,5.896080218778486,0.0165756795745764,0.7624991956759539,2017-05-02,-0.00492,bmo,3748500000.0,2025-04-25,2017-03-31,3.065040650406504,48.32532258064517,7644239.467741935
2016-12-31,COP,USD,1163165,2017-02-21,2017-02-21 12:34:09,2016,Q4,6809000000.0,6351000000.0,458000000.0,0.0672639154,116000000,0.0,0.0,167000000.0,106000000.0,711000000.0,7062000000.0,57000000.0,413000000.0,2061000000.0,2640000000.0,0.3877221325,-253000000.0,-0.0371567044,-2130000000.0,-8000000.0,-0.0011749156,11000000.0,-35000000.0,-0.0051402555,-0.0281,-0.0281,1246337000,1246337000,https://www.sec.gov/Archives/edgar/data/1163165/000119312517050077/0001193125-17-050077-index.htm,https://www.sec.gov/Archives/edgar/data/1163165/000119312517050077/d264316d10k.htm,5.463209388792919,-0.0280822923495009,1.157792796009426,0.3562439372336695,2.9366054285478165,28.26362372295776,28.26362372295776,28.06143121804135,22.215500302085232,62491337180.0,86156337180.0,-446.3666941428571,9.177755497136143,43.30653997227997,140.7462549099099,1.7867941093383657,1.7867941093383657,12.653302567190485,32.63497620454545,59.70640137214137,194.04580445945945,-0.000560077629627,0.007104984787269,0.7798650426030765,0.3038252461792095,8.964015151515152,1.2460558691561732,-0.612590799031477,-75.94736842105263,0.0050086942306648,-8.942857142857143,0.0,0.0170362755176971,0.0,0.6923076923076923,0.1467175796739609,0.4847161572052402,0.0399471288001174,,-0.0071573637316561,-0.0003898765762153,-38.365626632283245,1700000000.0,35226000000.0,-45937000000.0,60031000000.0,3367000000.0,3702000000.0,1063000000.0,45.12556909972096,51.76665092111478,14.426074633915915,1.9944346807264208,1.7385710375034218,6.238703339882122,-0.0010007434093898,0.8015488587757564,2017-02-02,-0.38,bmo,11239846153.0,2025-04-25,2016-12-31,-0.3157894736842105,46.11396825396825,7818727.555555556
2016-09-30,COP,USD,1163165,2016-11-01,2016-11-01 10:55:56,2016,Q3,6415000000.0,6770000000.0,-355000000.0,-0.0553390491,0,0.0,0.0,203000000.0,110000000.0,821000000.0,7591000000.0,0.0,443000000.0,2425000000.0,1214000000.0,0.1892439595,-1176000000.0,-0.1833203429,-478000000.0,-1654000000.0,-0.2578332034,-628000000.0,-1040000000.0,-0.1621200312,-0.84,-0.83,1238095238,1245961000,https://www.sec.gov/Archives/edgar/data/1163165/000119312516754694/0001193125-16-754694-index.htm,https://www.sec.gov/Archives/edgar/data/1163165/000119312516754694/d268453d10q.htm,5.181346154244719,-0.8400000000646154,1.0338461539256805,0.2940000000226154,3.4924615387301894,29.445230771495787,37.93003846445616,29.21423077147801,23.529692309502284,53819999995.86,78418999995.86,-12.937499999004809,8.389711612760717,42.04687499676562,147.85714284576923,1.4879734585529445,1.4879734585529445,12.224318004031176,64.5955518911532,61.26484374676563,215.4368131754396,-0.0193236714990709,0.0067632850246748,0.7931711363008017,0.3042828051419117,20.262767710049424,1.2791561629295476,-2.654627539503386,-1.2475633528265109,0.0058342623564502,-0.3019230769230769,0.0,0.0,-0.111418692461075,0.715625,0.1427903351519875,0.3777319587628866,0.0,,-0.0082818446452361,-0.0099247058374447,-40.756153849288935,2104000000.0,46961000000.0,-48187000000.0,53248000000.0,3260000000.0,3784500000.0,1129000000.0,46.57833203429463,49.865583456425405,14.729689807976364,1.9322289156626504,1.804852039456145,6.110108303249097,-0.0287531103124136,0.7398461539030651,2016-10-27,-0.69,bmo,6809045454.0,2025-04-25,2016-09-30,-0.0434782608695651,41.5475,7992509.90625
2016-06-30,COP,USD,1163165,2016-08-02,2016-08-02 09:08:27,2016,Q2,5348000000.0,5776000000.0,-428000000.0,-0.0800299177,0,0.0,0.0,167000000.0,19000000.0,974000000.0,6750000000.0,0.0,424000000.0,2329000000.0,1109000000.0,0.2073672401,-1402000000.0,-0.2621540763,-3062000000.0,-1644000000.0,-0.3074046372,-586000000.0,-1071000000.0,-0.2002617801,-0.86,-0.86,1244892000,1244892000,https://www.sec.gov/Archives/edgar/data/1163165/000119312516667631/0001193125-16-667631-index.htm,https://www.sec.gov/Archives/edgar/data/1163165/000119312516667631/d164470d10q.htm,4.295954990473069,-0.8603155936418581,1.0113327099860872,0.1012135992519833,3.3352290801129736,30.388981534141116,39.0009735784309,30.15843944695604,23.37632501453941,54277291200.0,80091291200.0,-12.66976918767507,10.149082124158564,43.11143065925338,430.7721523809524,1.4456981461751546,1.4456981461751546,14.975933283470455,72.21937889990983,63.615004924543285,635.6451682539682,-0.0197320090284829,0.0023214128268803,0.7638237800980183,0.2985508151664688,23.27682596934175,1.2600707675557974,-3.306603773584906,-1.1899810964083175,0.0057666842445519,-0.292250233426704,0.0,0.0,-0.1116143002894205,0.8999205718824463,0.2118548990276739,0.4864748819235723,0.0,,-0.0100209951534658,-0.0100304378365722,-41.04452434428047,1911000000.0,48552000000.0,-48964000000.0,54875000000.0,3520000000.0,3991500000.0,1111000000.0,53.851907255048616,59.4909972299169,17.918975069252078,1.67125,1.5128339444735464,5.022608695652174,-0.0285265288727892,0.9101191107341038,2016-07-28,-0.62,bmo,4272316455.0,2025-04-25,2016-06-30,0.2741935483870968,44.10109375,8617266.984375
2016-03-31,COP,USD,1163165,2016-05-03,2016-05-03 11:11:26,2016,Q1,5121000000.0,5826000000.0,-705000000.0,-0.1376684241,0,0.0,0.0,186000000.0,20000000.0,871000000.0,6697000000.0,0.0,390000000.0,2247000000.0,413000000.0,0.0806483109,-1576000000.0,-0.3077523921,-3106000000.0,-2224000000.0,-0.4342901777,-768000000.0,-1469000000.0,-0.2868580355,-1.18,-1.18,1244557000,1244557000,https://www.sec.gov/Archives/edgar/data/1163165/000119312516574165/0001193125-16-574165-index.htm,https://www.sec.gov/Archives/edgar/data/1163165/000119312516574165/d141535d10q.htm,4.114717124245816,-1.1803396710636798,0.3382729758460239,-1.124898256970151,4.156499059504707,31.66347543744481,40.51963871481981,31.40796283336159,23.98042034233868,50118310390.00001,74707310390.0,-8.529324436691628,9.786821009568444,119.04586790973872,-35.79879313571429,1.282158929366318,1.282158929366318,14.58842225932435,180.88937140435831,177.45204368171022,-53.36236456428571,-0.0293106449233593,-0.0279339025818264,0.7535368006344496,0.2950397660115792,59.53753026634383,1.2389801699716714,-4.041025641025641,-0.2891483516483517,0.006245222505794,-0.213070115724983,0.0,0.0,-0.1104032694272492,4.32541567695962,0.3555946104276508,0.8104138851802403,0.0,,-0.0110838108475062,-0.0132514252724254,-41.65176846058477,2109000000.0,50429000000.0,-49493000000.0,57087000000.0,4121000000.0,4549000000.0,1098000000.0,67.48681898066783,64.34088568486096,16.560247167868177,1.33359375,1.3987995198079233,5.434701492537314,-0.0375809051139706,1.4631712328161748,2016-04-28,-1.07,bmo,5684368421.0,2025-04-25,2016-03-31,-0.1121495327102804,38.02180327868852,15934332.360655738
2015-12-31,COP,USD,1163165,2016-02-23,2016-02-23 11:56:14,2015,Q4,6293000000.0,6654000000.0,-361000000.0,-0.0573653266,222000000,0.0,0.0,283000000.0,35000000.0,2629000000.0,9283000000.0,45000000.0,386000000.0,2382000000.0,-2283000000.0,-0.3627840458,-2990000000.0,-0.475131098,-6107000000.0,-5051000000.0,-0.8026378516,-1614000000.0,-3450000000.0,-0.5482281901,-2.78,-2.77,1242613204,1243699000,https://www.sec.gov/Archives/edgar/data/1163165/000119312516472901/0001193125-16-472901-index.htm,https://www.sec.gov/Archives/edgar/data/1163165/000119312516472901/d145414d10k.htm,5.064327322245322,-2.776407001707669,1.2843900216595476,-0.4353728080938692,1.9056613855199305,32.256216070274434,32.256216070274434,31.998694261420383,20.33295632033216,58017610494.76,80529610494.76,-4.204174673533333,9.219388287741934,36.35188627491228,-107.24142420473196,1.4591220384980634,1.4591220384980634,12.796696407875416,-35.27359198193604,50.45714943280701,-148.8532541492791,-0.059464703399179,-0.0093247549388277,0.6257230521603541,0.2552213696606623,-9.860709592641262,0.9495462402765772,-7.746113989637306,-0.4643584521384928,0.0159089626775194,-0.2675362318840579,0.0,0.0352772922294613,0.0,1.3389724310776945,0.3395836643890036,0.8971452560873215,0.0575242332750675,,-0.0226933617959012,-0.0353904230437815,-41.17974912489341,-467000000.0,40082000000.0,-48613000000.0,65979000000.0,4378500000.0,5072000000.0,1133500000.0,62.95566502463054,66.72227231740307,15.202885482416592,1.4295774647887325,1.34887492398135,5.919928825622776,-0.0867662592424928,1.7197628297534169,2016-02-04,-0.64,bmo,4487166666.0,2025-04-25,2015-12-31,0.40625,52.265625,8607604.984375
2015-09-30,COP,USD,1163165,2015-11-03,2015-11-03 12:33:07,2015,Q3,7262000000.0,7374000000.0,-112000000.0,-0.0154227486,0,0.0,0.0,293000000.0,4000000.0,1560000000.0,8934000000.0,0.0,362000000.0,2271000000.0,892000000.0,0.122831176,-1672000000.0,-0.2302396034,-685000000.0,-1741000000.0,-0.2397411181,-685000000.0,-1071000000.0,-0.147480033,-0.87,-0.86,1231034482,1242125000,https://www.sec.gov/Archives/edgar/data/1163165/000119312515363847/0001193125-15-363847-index.htm,https://www.sec.gov/Archives/edgar/data/1163165/000119312515363847/d84505d10q.htm,5.899103645091885,-0.8700000005361345,1.571036415533972,-0.1949579833134195,1.9601400572303385,36.19313727720586,46.51128854406858,35.912885176192816,20.513641469224098,59040413756.72,81518413756.72,-13.78160918690943,8.130048713401267,30.527618281654604,-246.00172398633333,1.3354538284713866,1.3354538284713866,11.225339266967778,91.38835622950673,42.15016223201655,-339.6600573196667,-0.0181401167751487,-0.0040650121624983,0.5630174168740104,0.2349337888984322,25.199551569506728,1.1661638711234463,-4.6187845303867405,-1.831439393939394,0.0156164217242643,-0.8608776844070962,0.0,0.0,-0.1198878705792409,1.124095139607032,0.2993665656843844,0.9572875385292824,0.0,,-0.0103656918210391,-0.0090264725961011,-44.79423672228216,1377000000.0,57257000000.0,-51730000000.0,60503000000.0,4711500000.0,5540000000.0,1210000000.0,53.97273478380611,63.60048820179008,13.950366151342555,1.6675086107921928,1.415083477259643,6.451443569553806,-0.0242252883962904,1.7659943988473914,2015-10-29,-0.38,bmo,6988131578.0,2025-04-25,2015-09-30,-0.0,50.875,10415284.40625
2015-06-30,COP,USD,1163165,2015-08-04,2015-08-04 12:01:19,2015,Q2,8293000000.0,7357000000.0,936000000.0,0.1128662728,0,0.0,0.0,218000000.0,57000000.0,992000000.0,8349000000.0,0.0,332000000.0,2329000000.0,2570000000.0,0.3098999156,-56000000.0,-0.006752683,73000000.0,-91000000.0,-0.0109731099,73000000.0,-179000000.0,-0.0215844688,-0.15,-0.14,1193333333,1241026000,https://www.sec.gov/Archives/edgar/data/1163165/000119312515276084/0001193125-15-276084-index.htm,https://www.sec.gov/Archives/edgar/data/1163165/000119312515276084/d83722d10q.htm,6.949441342723308,-0.1500000000418994,1.6541899445961423,-0.3628491621125277,3.195251397540573,41.03547487179762,52.179050293904766,40.74301677115727,21.165083804794715,73282599979.53,94394599979.53,-102.3499999714106,8.836681536178705,37.12391083056231,-169.24387986034642,1.5072521591840806,1.5072521591840806,11.382443021768962,36.72941633444747,47.818946291555214,-218.00138563401848,-0.0024425989259387,-0.0059086331560418,0.512649115590292,0.2225386819995893,8.214785992217898,1.3675291962445617,-0.1686746987951807,-12.03658536585366,0.0124040358864711,-5.078212290502793,0.0,0.0,-0.1187289626170727,1.2193515704154,0.2902447847582298,1.0334907685702015,0.0,,-0.0009759791592742,-0.0014285600274538,-45.9062849290241,3210000000.0,62267000000.0,-51090000000.0,64299000000.0,5169000000.0,6309500000.0,1255000000.0,55.00060291812372,71.79692809569117,15.621856735082234,1.6363456985003946,1.25353552564321,5.761158966327329,-0.0036816125051419,2.01703910670867,2015-07-30,0.05,bmo,7696940621.0,2025-04-25,2015-06-30,0.4000000000000001,65.1647619047619,6157431.968253968
2015-03-31,COP,USD,1163165,2015-05-05,2015-05-05 10:15:10,2015,Q1,7716000000.0,7170000000.0,546000000.0,0.0707620529,0,0.0,0.0,159000000.0,29000000.0,865000000.0,8035000000.0,0.0,323000000.0,2131000000.0,2098000000.0,0.2719025402,-319000000.0,-0.0413426646,-642000000.0,-356000000.0,-0.0461378953,-642000000.0,272000000.0,0.0352514256,0.22,0.22,1240791000,1245531000,https://www.sec.gov/Archives/edgar/data/1163165/000119312515170727/0001193125-15-170727-index.htm,https://www.sec.gov/Archives/edgar/data/1163165/000119312515170727/d919912d10q.htm,6.218613771376485,0.2192150007535515,1.507103130180667,-1.1782806290503396,2.147017507380373,39.49738513577226,50.0180932969372,39.210471384786,18.402776938259542,77251647660.0,97098647660.0,71.00335262867647,10.011877612752722,41.31104152941177,-52.839704281805744,1.5878411506207348,1.5878411506207348,12.584065274753758,46.28152891325072,51.92441051336898,-66.41494367989056,0.0035209605003782,-0.0189251626895332,0.4626942366192551,0.2045673470129587,9.45996186844614,1.1335355014116908,-0.9876160990712074,6.538461538461538,0.0117796840270008,3.3455882352941178,0.0,0.0,-0.1186274331618836,1.7818181818181815,0.4318299637117677,1.5635851712810886,0.0,13.906806932889625,0.0025456460674157,0.002209657503087,-43.36024358655084,1277000000.0,62062000000.0,-50194000000.0,62443000000.0,6038500000.0,7388000000.0,1282000000.0,61.4696734059098,84.72803347280335,15.476987447698743,1.4641366223908918,1.0622222222222222,5.815085158150851,0.0055907259722108,2.685383759231007,2015-04-30,-0.19,bmo,8193222222.0,2025-04-25,2015-03-31,-0.0526315789473684,64.65573770491804,8272537.491803279
2014-12-31,COP,USD,1163165,2015-02-24,2015-02-24 09:22:07,2014,Q4,11208000000.0,9988000000.0,1220000000.0,0.1088508208,263000000,0.0,0.0,132000000.0,44000000.0,1237000000.0,11225000000.0,83000000.0,300000000.0,2271000000.0,2250000000.0,0.2007494647,-17000000.0,-0.0015167737,-304000000.0,-321000000.0,-0.028640257,-297000000.0,-39000000.0,-0.0034796574,-0.0315,-0.0315,1239975000,1239975000,https://www.sec.gov/Archives/edgar/data/1163165/000119312515059281/0001193125-15-059281-index.htm,https://www.sec.gov/Archives/edgar/data/1163165/000119312515059281/d869001d10k.htm,9.03889191314341,-0.0314522470211093,2.0943970644569445,-1.4185769874392629,4.08234036976552,42.15649509062683,42.15649509062683,41.86455372084114,18.439887900965747,85632673500.0,103135673500.0,-548.9273942307692,7.640317050321199,32.97369021948403,-48.68258868675384,1.6496055460307066,1.6496055460307066,9.20196944147038,45.83807711111111,39.71338987293031,-58.63312876634451,-0.0004554336377224,-0.0205412248398387,0.4346862899963399,0.1936261680639099,7.779111111111111,1.3060587674438762,-0.0566666666666666,-108.20833333333331,0.0105917515234415,-23.256410256410252,0.0,0.0234653818700927,0.0,1.6773199845976126,0.3886509635974304,1.918097754293263,0.0,,-1.2083853412906694e-05,-0.0003346519191,-43.09219943950483,3531000000.0,52273000000.0,-49198000000.0,78975000000.0,7043000000.0,8359000000.0,1330500000.0,54.6600642398287,72.32078494193031,11.993392070484582,1.6465403261348612,1.2444555195614253,7.5041322314049586,-0.0007512858546358,3.512974051896208,2015-01-29,0.62,bmo,10784216666.0,2025-04-25,2014-12-31,-0.032258064516129,69.800625,8850778.21875
2014-09-30,COP,USD,1163165,2014-11-04,2014-11-04 10:02:11,2014,Q3,12080000000.0,8840000000.0,3240000000.0,0.2682119205,0,0.0,0.0,203000000.0,69000000.0,1155000000.0,9995000000.0,0.0,269000000.0,2096000000.0,4918000000.0,0.4071192053,1816000000.0,0.1503311258,468000000.0,2553000000.0,0.2113410596,904000000.0,2704000000.0,0.2238410596,2.18,2.17,1238234000,1247436000,https://www.sec.gov/Archives/edgar/data/1163165/000119312514395378/0001193125-14-395378-index.htm,https://www.sec.gov/Archives/edgar/data/1163165/000119312514395378/d813696d10q.htm,9.755829673551204,2.1837552514306666,3.37577549962285,-0.3295015320206035,4.669553573880219,44.95192346519317,56.97065336600352,44.6393815708501,17.327904095671737,94749665680.0,110528665680.0,8.760139208579881,7.843515370860927,22.66738413397129,-232.22957274509804,1.7141814538481022,1.7141814538481022,9.14972398013245,22.474311850345668,26.442264516746413,-270.9035923529412,0.0285383592711796,-0.0043060837953555,0.3833086080254731,0.1780629653908863,3.208418056120374,1.1493529453362563,6.75092936802974,1.5328199486615328,0.0095725931431064,0.3354289940828402,0.0,0.0,-0.1250735380633015,1.0976076555023924,0.3798013245033113,2.188931297709924,0.0,46.83303735969009,0.0110103602248718,0.020199002001972,-41.52587475388335,2112000000.0,70543000000.0,-47072000000.0,63020000000.0,7655500000.0,8973000000.0,1310500000.0,54.230960264900666,88.49321266968326,13.540723981900452,1.6595686220634702,1.0170271514035896,6.646616541353383,0.0489199261859101,3.705277031643454,2014-10-30,1.17,bmo,11472558139.0,2025-04-25,2014-09-30,0.1025641025641026,81.8246875,5007869.734375
2014-06-30,COP,USD,1163165,2014-08-05,2014-08-05 10:32:11,2014,Q2,13821000000.0,9595000000.0,4226000000.0,0.3057665871,0,0.0,0.0,218000000.0,201000000.0,1347000000.0,10942000000.0,0.0,275000000.0,2070000000.0,5805000000.0,0.4200130237,2879000000.0,0.2083062007,581000000.0,3460000000.0,0.2503436799,1395000000.0,2081000000.0,0.1505679763,1.68,1.67,1236057000,1245155000,https://www.sec.gov/Archives/edgar/data/1163165/000119312514294917/0001193125-14-294917-index.htm,https://www.sec.gov/Archives/edgar/data/1163165/000119312514294917/d766513d10q.htm,11.181523182183346,1.6835793171350513,2.930285577445053,-0.5048310878867237,5.2020254729353095,45.05132044881425,56.97229173088296,44.751172478291856,17.401301072685158,105967166610.0,121059166610.0,12.73031794930322,7.667112843499023,29.25653412755384,-169.81917725961537,1.9157039972882584,1.9157039972882584,8.759074351349396,20.8542922670112,33.4232928244064,-194.00507469551283,0.0196381583708742,-0.0058886164456634,0.383874175178523,0.1745528081020649,2.599827734711456,1.1633623618059417,10.469090909090909,1.7264061010486178,0.008077973842128,0.411340701585776,0.0,0.0,-0.1211281730895699,1.172280508006626,0.3072136603718978,2.051207729468599,0.0,41.17278638912964,0.0160402452350761,0.0152584999596723,-42.76704067854476,2645000000.0,70421000000.0,-47126000000.0,63334000000.0,8255500000.0,9429000000.0,1256000000.0,52.303017147818544,86.80145909327776,12.109431995831162,1.72074203187251,1.0368489301923494,7.432223082881487,0.0376208984904637,3.4351166653317766,2014-07-31,1.6,bmo,13751055900.0,2025-04-25,2014-06-30,0.00625,77.91285714285715,5527485.015873016
2014-03-31,COP,USD,1163165,2014-05-06,2014-05-06 09:22:31,2014,Q1,15415000000.0,10914000000.0,4501000000.0,0.2919883231,0,0.0,0.0,182000000.0,52000000.0,1129000000.0,12043000000.0,0.0,288000000.0,1892000000.0,5878000000.0,0.3813168991,3372000000.0,0.2187479728,326000000.0,3698000000.0,0.239896205,1581000000.0,2123000000.0,0.1377229971,1.72,1.71,1234968000,1242667000,https://www.sec.gov/Archives/edgar/data/1163165/000119312514183842/0001193125-14-183842-index.htm,https://www.sec.gov/Archives/edgar/data/1163165/000119312514183842/d719100d10q.htm,12.482104799476586,1.7190728828601227,5.130497308432283,1.9765694333780308,6.259271495293805,43.41893879031684,54.957699308808,43.09585349579908,17.404499549785907,86879998800.0,100565998800.0,10.230805322656616,5.63606868634447,13.71212102272727,35.59197001229005,1.6324076284243356,1.6324076284243356,6.523905209211807,17.10888036747193,15.872158901515151,41.19868857025809,0.0244360040207551,0.0280962250657857,0.3984442523768366,0.176679858362841,2.3283429738006123,1.1917976280890343,11.708333333333334,2.964904071127749,0.0098411603569221,0.4027319830428639,0.0,0.0,-0.1187252655696729,0.6147411616161617,0.2526759649691859,2.0586680761099365,0.0,40.82781582374532,0.0184512928345898,0.0158108359709551,-41.866874283382245,3283000000.0,67871000000.0,-46004000000.0,63058000000.0,8483000000.0,9459000000.0,1207500000.0,49.50437885176776,79.19736118746563,10.068719076415611,1.818020993041632,1.1364014993752602,8.938574938574938,0.0398895193716884,3.1539278750542525,2014-05-01,1.56,bmo,13125546961.0,2025-04-25,2014-03-31,0.1602564102564102,66.93295081967213,5432169.147540984
2013-12-31,COP,USD,1163165,2014-02-25,2014-02-25 10:09:42,2013,Q4,13254000000.0,9390000000.0,3864000000.0,0.2915346311,258000000,0.0,0.0,247000000.0,57000000.0,1254000000.0,10644000000.0,113000000.0,309000000.0,1893000000.0,4760000000.0,0.3591368643,2610000000.0,0.196921684,-52000000.0,2558000000.0,0.1929983401,1050000000.0,2487000000.0,0.1876414667,2.01,2.0,1233741000,1241112000,https://www.sec.gov/Archives/edgar/data/1163165/000119312514066358/0001193125-14-066358-index.htm,https://www.sec.gov/Archives/edgar/data/1163165/000119312514066358/d665238d10k.htm,10.742935510775762,2.015820176195814,3.1700332565749214,-0.2796372982660056,5.283118579993694,42.54701756689613,53.402618539871824,42.22117932369922,17.808437913630172,87163801650.0,102579801650.0,8.76194226477684,6.576414791760977,22.28683243416006,-252.6487004347826,1.6733308053369171,1.6733308053369171,7.739535359136864,21.55037849789916,26.22853532344669,-297.3327584057971,0.0285324865703583,-0.0039580650851522,0.4158571702822038,0.1834876373277315,3.238655462184874,1.2573864763037874,8.446601941747574,1.562524970035957,0.0097861725148836,0.3429835142742259,0.0,0.0194658216387505,-0.1134452001999034,1.0882127333162874,0.3211106081183039,2.2482831484416272,0.0,43.76050577551207,0.0148637924145262,0.0189197413465195,-42.216923973508216,3894000000.0,65885000000.0,-46542000000.0,63328000000.0,8446000000.0,9823500000.0,1231000000.0,57.63014938886374,89.27156549520767,11.44408945686901,1.5616825733474726,1.0081597595018252,7.864321608040201,0.0477442887310424,3.4496705548409268,2014-01-30,1.32,bmo,12489914285.0,2025-04-25,2013-12-31,0.0606060606060604,71.805625,4633819.84375
2013-09-30,COP,USD,1163165,2013-11-05,2013-11-05 08:53:07,2013,Q3,13643000000.0,9572000000.0,4071000000.0,0.2983947812,0,0.0,0.0,249000000.0,49000000.0,1226000000.0,10798000000.0,0.0,257000000.0,1902000000.0,6564000000.0,0.4811258521,2588000000.0,0.1896943488,-1796000000.0,4405000000.0,0.3228762002,1966000000.0,2480000000.0,0.1817782013,2.01,2.0,1231054000,1240365000,https://www.sec.gov/Archives/edgar/data/1163165/000119312513426598/0001193125-13-426598-index.htm,https://www.sec.gov/Archives/edgar/data/1163165/000119312513426598/d621298d10q.htm,11.08237331587404,2.014533887221844,3.009616150063279,-0.3899097846235827,3.154207695194524,41.86412618780329,52.725550625723976,41.51970587805246,17.80994172473344,85570563540.0,103355563540.0,8.626064872983871,6.272122226782965,23.095968566801623,-178.272007375,1.6741448073875531,1.6741448073875531,7.575721141977571,15.7458201614869,27.896238472334684,-215.32409070833333,0.0289819290349855,-0.0056094056196746,0.4239234636980807,0.1809285237140948,2.709475929311396,1.3808999081726354,10.070038910505836,1.484375,0.0099566949749224,0.3435483870967742,0.0,0.0,-0.1116482965931863,1.1295546558704452,0.3067507146522026,2.2003154574132493,0.0,43.3816116087619,0.0137787350169895,0.0186282683972928,-46.62853944668552,6222000000.0,64908000000.0,-45666000000.0,63980000000.0,8412500000.0,10385000000.0,1201000000.0,55.44601627208092,97.15524446301714,11.92227329711659,1.623200475907198,0.9263524629826768,7.548895899053628,0.0485199460019955,3.399525934686862,2013-10-31,1.45,bmo,13445544217.0,2025-04-25,2013-09-30,0.0137931034482758,66.71828125,5579441.609375
2013-06-30,COP,USD,1163165,2013-08-02,2013-08-02 09:29:28,2013,Q2,13350000000.0,9025000000.0,4325000000.0,0.3239700375,0,0.0,0.0,193000000.0,203000000.0,1156000000.0,10181000000.0,0.0,244000000.0,1832000000.0,5772000000.0,0.4323595506,3169000000.0,0.2373782772,527000000.0,3696000000.0,0.2768539326,1630000000.0,2050000000.0,0.1535580524,1.66,1.65,1229773000,1237157000,https://www.sec.gov/Archives/edgar/data/1163165/000119312513316331/0001193125-13-316331-index.htm,https://www.sec.gov/Archives/edgar/data/1163165/000119312513316331/d553343d10q.htm,10.855661979893853,1.6669743115192803,3.042024828972502,0.02927369522668,3.239622271752592,39.789457078664114,49.9913398651621,39.44467800154988,17.861019879278533,75299000790.0,93111000790.0,9.182804974390244,5.640374591011236,20.128040842020848,2091.6389108333333,1.5523006677249112,1.5523006677249112,6.974606800749064,16.13149701836452,24.88933461373964,2586.416688611111,0.0272247968564311,0.0004780939935763,0.4477818091861136,0.1857337084320247,3.085932085932086,1.3521986239904278,12.987704918032788,1.813378574890936,0.0108102364103097,0.3970731707317073,0.0,0.0,-0.1072793658665891,0.9903769045709704,0.2775280898876404,2.022379912663756,0.0,38.46359917482371,0.017576013787045,0.0158309715583081,-46.47117801415383,5887000000.0,61478000000.0,-45413000000.0,62779000000.0,8659000000.0,10429000000.0,1133500000.0,56.764044943820224,104.0808864265928,11.308587257617727,1.5855106888361046,0.864712082015905,7.958553791887125,0.0422610703389131,3.0127511337458213,2013-08-01,1.29,bmo,12375765957.0,2025-04-25,2013-06-30,0.0930232558139533,60.8075,6398362.203125
2013-03-31,COP,USD,1163165,2013-04-30,2013-04-30 12:08:19,2013,Q1,14166000000.0,9328000000.0,4838000000.0,0.341521954,0,0.0,0.0,165000000.0,65000000.0,1334000000.0,10662000000.0,0.0,236000000.0,1807000000.0,5830000000.0,0.4115487788,3504000000.0,0.2473528166,283000000.0,3787000000.0,0.2673302273,1763000000.0,2139000000.0,0.150995341,1.74,1.73,1229232000,1235907000,https://www.sec.gov/Archives/edgar/data/1163165/000119312513185508/0001193125-13-185508-index.htm,https://www.sec.gov/Archives/edgar/data/1163165/000119312513185508/d526569d10q.htm,11.52426881174587,1.7401108985122418,3.847931065901311,1.0892980332435211,4.4295950642352295,40.05753185728975,49.94337928072162,39.70202532963672,17.82088328322074,74343951360.0,90591951360.0,8.689101374474053,5.248055298602287,15.71753728541226,55.52199504107543,1.5233479777882506,1.5233479777882506,6.395026920796273,15.538928192109775,19.15263242283298,67.65642371919343,0.0287716749092632,0.018010880179291,0.4440300801180255,0.183987094583121,2.786963979416809,1.323232323232323,14.847457627118644,2.196934509986066,0.0109625596311592,0.3810191678354371,0.0,0.0,-0.1031754117846833,0.7169133192389007,0.2393759706339122,1.876591034864416,0.0,39.426302854883225,0.0185758988800843,0.0164624572853492,-45.43894073698049,5920000000.0,61392000000.0,-44305000000.0,61658000000.0,9040000000.0,10217000000.0,1049000000.0,56.53113087674714,100.54566895368782,10.931603773584904,1.5920431557653405,0.8951156318971308,8.233009708737864,0.0438292727906071,2.758633032657789,2013-04-25,1.41,bmo,14335330985.0,2025-04-25,2013-03-31,0.0070921985815602,58.87583333333334,7032736.216666667
2012-12-31,COP,USD,1163165,2013-02-19,2013-02-19 17:09:15,2012,Q4,15569000000.0,10650000000.0,4919000000.0,0.3159483589,221000000,0.0,0.0,216000000.0,301000000.0,1439000000.0,12089000000.0,2000000.0,0.0,1779000000.0,4984000000.0,0.320123322,1460000000.0,0.0937760935,-88000000.0,3622000000.0,0.2326417882,1780000000.0,1426000000.0,0.0915922667,1.16,1.16,1223422000,1231395000,https://www.sec.gov/Archives/edgar/data/1163165/000119312513065426/0001193125-13-065426-index.htm,https://www.sec.gov/Archives/edgar/data/1163165/000119312513065426/d452384d10k.htm,12.725780638242568,1.1655830939773848,3.1632584668250203,0.3416646095950538,3.4321763054775865,39.583234566649935,39.57996504885477,39.22358760918146,17.75756852500609,70946241780.0,89053241780.0,12.437980676718093,4.556891372599396,18.332362217054264,169.72785114832536,1.4784471165107218,1.4784471165107218,5.719907622840259,17.867825397271268,23.011173586563302,213.0460329665072,0.0200997257109395,0.0058917849559416,0.4527267801696292,0.1854555077511439,3.6330256821829856,1.3752794817405265,0.0,2.685634975711312,0.0114030000702314,0.5673211781206171,0.0,0.0141948744299569,3.414600833162603e-05,0.8919896640826873,0.221722653991907,1.940415964024733,0.0,32.072774880793546,0.0073765682983789,0.0121734676455523,-46.71241811901372,6546000000.0,48423000000.0,-44728000000.0,73813000000.0,9182500000.0,9997500000.0,1070500000.0,53.078553535872565,84.6169014084507,8.15492957746479,1.6956000871269876,1.0636172975132328,11.036269430051814,0.029716381519995,2.8215938572299666,2013-01-30,1.42,amc,15759020979.0,2025-04-25,2012-12-31,0.0070422535211267,57.1841935483871,5956180.0322580645
2012-09-30,COP,USD,1163165,2012-10-30,2012-10-30 15:06:32,2012,Q3,15984000000.0,7758000000.0,8226000000.0,0.5146396396,0,0.0,0.0,327000000.0,2696000000.0,3730000000.0,11488000000.0,0.0,190000000.0,-1550000000.0,5502000000.0,0.3442192192,3507000000.0,0.2194069069,311000000.0,4467000000.0,0.279466967,2226000000.0,2937000000.0,0.1837462462,2.41,2.39,1220462000,1229343000,https://www.sec.gov/Archives/edgar/data/1163165/000119312512441310/0001193125-12-441310-index.htm,https://www.sec.gov/Archives/edgar/data/1163165/000119312512441310/d404659d10q.htm,13.09667978191865,2.406465748216659,-2.467917886833019,-5.318477756783906,1.0389508235405935,39.22858720713959,39.22039358865741,38.84266777662885,17.458142899983777,70066723420.0,89915723420.0,5.964140570309839,4.383553767517517,-23.26252437583001,-10.794442061315667,1.4780138256760746,1.4780138256760746,5.625358071821822,16.342370668847693,-29.852497815405048,-13.852368420890464,0.0419171877411018,-0.0926402674931877,0.4454499430451841,0.1830387712470421,3.6075972373682297,0.9078409940746708,18.457894736842107,1.3784897025171623,0.0115318650646272,0.275110657133129,0.0,0.0,8.667839714308003e-05,-1.155046480743692,0.2176551551551551,2.1084848484848484,0.0,45.86016643461803,0.0175375861483295,0.0254596520427534,-48.13648438050509,-1602000000.0,47867000000.0,-51711000000.0,72020000000.0,8451000000.0,9539000000.0,1177000000.0,51.70608108108108,115.80046403712296,13.642691415313225,1.7406076445606011,0.7771989581246244,6.596938775510204,0.0619541830148082,2.8505598699508874,2012-10-25,1.19,bmo,11720673611.0,2025-04-25,2012-09-30,0.2100840336134453,56.20333333333333,7322011.634920635
2012-06-30,COP,USD,1163165,2012-07-31,2012-07-31 15:38:27,2012,Q2,14637000000.0,7641000000.0,6996000000.0,0.4779667965,0,0.0,0.0,235000000.0,2802000000.0,3037000000.0,10678000000.0,0.0,197000000.0,1411000000.0,5825000000.0,0.3979640637,3959000000.0,0.2704789233,-14000000.0,4089000000.0,0.2793605247,2334000000.0,2267000000.0,0.1548814648,1.82,1.8,1248300000,1258189000,https://www.sec.gov/Archives/edgar/data/1163165/000119312512325680/0001193125-12-325680-index.htm,https://www.sec.gov/Archives/edgar/data/1163165/000119312512325680/d358543d10q.htm,11.725546743571256,1.816069855002804,1.8825602819834977,-0.9997596731554914,0.8363374188896899,37.20499879836578,37.19618681406713,36.82688456300568,18.58928142273492,69755004000.0,91719004000.0,7.692435377150419,4.765662635786022,29.68298042553192,-55.89343269230769,1.517369733092602,1.517369733092602,6.266243355878937,15.745751759656653,39.02936340425532,-73.49279166666666,0.0324994605404939,-0.0178911895697117,0.5004894389941484,0.2018103992702266,3.770643776824034,0.9211328976034858,20.096446700507613,2.2574447646493754,0.011726757266045,0.360829289810322,0.0,0.0,9.64844572310715e-05,1.531063829787234,0.2458153993304639,2.277215189873418,0.0,38.79180822599292,0.0170214867906364,0.0198864882409186,-48.179724425218296,-1448000000.0,46432000000.0,-50653000000.0,69790000000.0,12601000000.0,14366500000.0,3625000000.0,47.46259479401517,107.13780918727916,13.87514723203769,1.8962300816167896,0.8400395778364116,6.48641765704584,0.0493136977659829,2.882319955138989,2012-07-25,1.17,bmo,13167295081.0,2025-04-25,2012-06-30,0.0427350427350427,54.46952380952381,11436390.047619049
2012-03-31,COP,USD,1163165,2012-04-30,2012-04-30 14:42:14,2012,Q1,57134000000.0,44585000000.0,12549000000.0,0.2196415444,0,0.0,0.0,685000000.0,7038000000.0,7723000000.0,52308000000.0,0.0,209000000.0,1838000000.0,6131000000.0,0.1073091329,4826000000.0,0.0844680926,-561000000.0,5475000000.0,0.0958273532,2520000000.0,2937000000.0,0.0514054678,2.29,2.27,1283493000,1293104000,https://www.sec.gov/Archives/edgar/data/1163165/000119312512195408/0001193125-12-195408-index.htm,https://www.sec.gov/Archives/edgar/data/1163165/000119312512195408/d312957d10q.htm,44.51446170723175,2.2882867300406,3.258295915910722,-0.0607716598376461,3.2840070027651107,52.23479987814503,49.06220758508227,51.83822584151218,22.25878910130402,75212689800.0,99865689800.0,6.402169713993871,1.31642611754822,17.984861262553803,-964.265253846154,1.130439922445667,1.130439922445667,1.7479204991773725,16.288646191485892,23.87988756575801,-1280.3293564102564,0.0390492616047884,-0.001037059041598,0.4262482339856314,0.1741148445797852,4.02104061327679,1.0174581388965138,23.09090909090909,1.4152284263959392,0.011208215026502,0.2870275791624106,0.0,0.0,0.0249998465137124,1.018651362984218,0.0745615570413414,2.317736670293798,0.0,51.66203922412037,0.0195178662766605,0.01849391407288,-58.80417735040238,636000000.0,62971000000.0,-58772000000.0,90267000000.0,17004500000.0,19645000000.0,5351500000.0,27.53999369902335,39.6395648760794,12.25703712010766,3.2679746039009325,2.2704588277231754,7.342720685111989,0.0441428442600775,3.319067575748368,2012-04-23,2.08,bmo,15088237623.0,2025-04-25,2012-03-31,-0.0288461538461538,56.99596774193548,12691131.451612905
2011-12-31,COP,USD,1163165,2012-02-21,2012-02-21 17:28:08,2011,Q4,61787000000.0,48529000000.0,13258000000.0,0.2145758817,0,0.0,0.0,599000000.0,6813000000.0,7412000000.0,55941000000.0,0.0,228000000.0,1919000000.0,7980000000.0,0.1291533818,5846000000.0,0.0946153722,-13000000.0,5833000000.0,0.0944049719,2423000000.0,3390000000.0,0.0548659103,2.64,2.64,1283493000,1283493000,https://www.sec.gov/Archives/edgar/data/1163165/000119312512070636/0001193125-12-070636-index.htm,https://www.sec.gov/Archives/edgar/data/1163165/000119312512070636/d267896d10k.htm,48.139724953700565,2.6412298314053912,4.5282677817487125,1.5115002575004304,4.956006772144453,51.21492676625428,48.03843885397116,50.81757360577736,17.80375896089811,72106636740.0,88949636740.0,5.317598579646018,1.1670195468302391,12.406510106675842,37.16836945360825,1.1055230703422052,1.1055230703422052,1.4396173424830463,11.146571020050123,15.304479824501032,45.850328216494844,0.0470137029442041,0.0269045969651198,0.346850852446952,0.1476408014096456,2.110651629072682,1.076599686475702,25.640350877192983,1.704398826979472,0.0120793319364017,0.2569321533923304,0.0,0.0,0.0266070612804281,0.666207845836201,0.0626669040413031,0.0,0.0,54.95425420986454,0.0270861887287442,0.0227283393562315,-51.75330134250829,2150000000.0,61657000000.0,-57278000000.0,90407000000.0,15483000000.0,20244000000.0,5897500000.0,24.07205399194005,36.447691071318175,8.588472871891033,3.7387752632215903,2.4692922200173,10.479162167998272,0.0519747332270329,3.016767524248282,2012-01-25,1.76,bmo,13981544554.0,2025-04-25,2011-12-31,0.1477272727272727,53.72587301587301,11146408.936507937
2011-09-30,COP,USD,1163165,2011-11-01,2011-11-01 16:56:50,2011,Q3,62331000000.0,50365000000.0,11966000000.0,0.1919751007,0,0.0,0.0,466000000.0,6715000000.0,7181000000.0,57546000000.0,0.0,235000000.0,1870000000.0,5799000000.0,0.0930355682,4785000000.0,0.0767675795,163000000.0,5180000000.0,0.0831047151,2549000000.0,2616000000.0,0.0419694855,1.93,1.91,1357710000,1369562000,https://www.sec.gov/Archives/edgar/data/1163165/000095012311093993/0000950123-11-093993-index.htm,https://www.sec.gov/Archives/edgar/data/1163165/000095012311093993/h84155e10vq.htm,45.908920167045984,1.926773758755552,4.134167090173896,1.4701224856559942,4.438355760803117,48.851374741292325,45.63271980025189,48.468376899337855,17.223854873279272,66269825100.0,85982825100.0,6.333125487385321,1.0631920729652982,11.80648941742384,33.20131518036072,1.0070483709692126,1.0070483709692126,1.3794552485921934,14.827181427832384,15.318515072153929,43.07756768537074,0.0394749796917752,0.0301192887862322,0.3517916299425584,0.1496551144554558,3.399379203310916,1.1194014376555157,20.361702127659573,2.1334093500570126,0.0135808416370786,0.3440366972477064,0.0,0.0,0.02825023110887,0.6443969356850169,0.058028910173108,0.0,0.0,45.83907641554478,0.0192323556578239,0.0174029896420279,-50.02909310530231,3455000000.0,61956000000.0,-55972000000.0,90915000000.0,14559000000.0,19820500000.0,7075000000.0,20.849978341435243,37.23121215129554,12.801747245110692,4.316551246537396,2.41732661387089,7.030290340591848,0.039753213992645,2.6640446045179016,2011-10-26,2.18,bmo,13714968253.0,2025-04-25,2011-09-30,0.1559633027522935,52.940625,15823632.671875
2011-06-30,COP,USD,1163165,2011-08-02,2011-08-02 15:06:38,2011,Q2,65801000000.0,52739000000.0,13062000000.0,0.1985076215,0,0.0,0.0,514000000.0,7169000000.0,7683000000.0,60422000000.0,0.0,247000000.0,2075000000.0,8497000000.0,0.1291317761,5379000000.0,0.081746478,8000000.0,6192000000.0,0.0941019133,2773000000.0,3402000000.0,0.0517013419,2.43,2.41,1399473000,1412147000,https://www.sec.gov/Archives/edgar/data/1163165/000095012311071563/0000950123-11-071563-index.htm,https://www.sec.gov/Archives/edgar/data/1163165/000095012311071563/h82408e10vq.htm,47.01841335988619,2.430915065885515,4.483116144434369,2.4159094173306666,5.816475201736654,50.43184112876776,47.28922958856656,50.06098724305507,16.751305670062944,81113455080.0,98804455080.0,5.960718333333333,1.2327085466786218,12.928507344596747,23.99096571428571,1.1577877942876718,1.1577877942876718,1.5015646430905305,11.628157594445096,15.748239572840292,29.223441313220945,0.0419412537247328,0.0416823570968023,0.3310923650066372,0.144913411799985,2.08202895139461,1.1817748091603053,21.777327935222672,1.8350394852295997,0.0113051527529629,0.2695473251028806,0.0,0.0,0.0274758227753204,0.4611093401338859,0.0439658971748149,0.0,0.0,52.32700242036148,0.0226154770484671,0.021853921757564,-47.76690940089591,5334000000.0,66180000000.0,-54812000000.0,94000000000.0,15543000000.0,19504500000.0,7465000000.0,20.075986687132417,32.09275867953507,11.921727753654793,4.48296770677204,2.804370945442944,7.549241339822502,0.048559071639618,2.0672067271037027,2011-07-27,2.19,bmo,15314551867.0,2025-04-25,2011-06-30,0.1004566210045663,57.581428571428575,11067151.777777778
2011-03-31,COP,USD,1163165,2011-05-03,2011-05-03 15:33:02,2011,Q1,57230000000.0,45004000000.0,12226000000.0,0.2136292154,0,0.0,0.0,499000000.0,6610000000.0,7109000000.0,52113000000.0,0.0,262000000.0,2070000000.0,8128000000.0,0.1420234143,5117000000.0,0.089411148,679000000.0,5796000000.0,0.1012755548,2754000000.0,3028000000.0,0.0529093133,2.11,2.09,1432285000,1445477000,https://www.sec.gov/Archives/edgar/data/1163165/000095012311043802/0000950123-11-043802-index.htm,https://www.sec.gov/Archives/edgar/data/1163165/000095012311043802/h80298e10vq.htm,39.95713143682996,2.114104385649504,1.3593663272323595,-0.6541994086372475,5.866849125697748,49.23670917450089,46.14584387883696,48.853405572215024,16.38710172905532,88171464600.0,105208464600.0,7.279678385072655,1.5406511375152891,45.28580616332819,-94.09974877267877,1.2600963899845654,1.2600963899845654,1.838344654901276,12.943954798228347,54.03619137134052,-112.28224610458912,0.0343421765050276,-0.0106270209330287,0.3316898187846567,0.1453806305318742,2.0960875984251968,1.2188719282633993,19.53053435114504,0.6400394477317555,0.0107064116977365,0.3117569352708058,0.0,0.0,0.0277306239546989,1.4812532100667697,0.0503931504455705,1.3932367149758451,0.0,48.206088587625615,0.0204963018757735,0.0195082981135965,-44.99174396157189,6395000000.0,66094000000.0,-53509000000.0,94587000000.0,16110000000.0,19301000000.0,6570500000.0,25.803250043683384,40.40240867478447,15.886587858856991,3.4879327157484155,2.2275899618868484,5.66515609264854,0.0432744526381981,2.013565735869607,2011-04-27,1.97,bmo,17420428571.0,2025-04-25,2011-03-31,-0.0761421319796953,56.711129032258064,12310853.822580645
2010-12-31,COP,USD,1163165,2011-02-23,2011-02-23 12:43:13,2010,Q4,51726000000.0,43213000000.0,8513000000.0,0.1645787418,0,0.0,0.0,630000000.0,-1794000000.0,5219000000.0,48432000000.0,187000000.0,383000000.0,2216000000.0,6891000000.0,0.133221204,3294000000.0,0.0636817075,998000000.0,4292000000.0,0.0829756795,2239000000.0,2041000000.0,0.0394579128,1.42,1.42,1432285000,1432285000,https://www.sec.gov/Archives/edgar/data/1163165/000095012311016957/0000950123-11-016957-index.htm,https://www.sec.gov/Archives/edgar/data/1163165/000095012311016957/h76276e10vk.htm,36.11432082302056,1.424995723616459,4.322463755467662,1.9556163752325828,8.036110131712613,48.25087185860356,45.15511926746423,47.86896462645353,16.73898700328496,75194962500.0,89332962500.0,9.210553956393923,1.4537169411901172,12.14585083185269,26.84575598000714,1.096744005425746,1.096744005425746,1.7270417681630128,12.963715353359454,14.429488370214829,31.893239021777937,0.0271427756879325,0.0372498357187158,0.3440973133805898,0.1509269803088654,2.051661587578,1.2640869470075495,8.600522193211487,3.0155869459327813,0.0106257117955208,0.3914747672709456,0.0,0.0,0.0283659812940619,0.5475690518494589,0.0655376406449367,1.529783393501805,0.0,39.17644793047841,0.0121359681701919,0.013438240716355,-42.75510809650314,7241000000.0,64675000000.0,-52545000000.0,94229000000.0,14645000000.0,17231500000.0,6469000000.0,27.51188957197541,38.31971860319811,10.823826163423044,3.271312926890969,2.3486602532746343,8.31498941697133,0.0297686765263557,2.366847380235079,2011-01-26,1.32,bmo,81411000000.0,2025-04-25,2010-12-31,0.0,48.083125,11429005.71875
2010-09-30,COP,USD,1163165,2010-11-02,2010-11-02 17:23:58,2010,Q3,49549000000.0,36634000000.0,12915000000.0,0.2606510727,0,0.0,0.0,493000000.0,1337000000.0,7208000000.0,43842000000.0,0.0,264000000.0,2246000000.0,7784000000.0,0.1570970151,3356000000.0,0.067730933,581000000.0,5274000000.0,0.1064400896,2205000000.0,3055000000.0,0.0616561384,2.06,2.05,1481522000,1493080000,https://www.sec.gov/Archives/edgar/data/1163165/000095012310099554/0000950123-10-099554-index.htm,https://www.sec.gov/Archives/edgar/data/1163165/000095012310099554/h76057e10vq.htm,33.44466028854111,2.062068602423724,2.9287448988270173,1.382362192394038,7.32489966399419,47.19268428008494,44.193741301175415,46.817394544259216,16.108434434318223,65586978940.00001,81191978940.0,5.367183219312603,1.3236791648671014,15.115690006914036,32.024892060546875,0.9455887161373108,0.9455887161373108,1.6386199305737754,10.43062422147996,18.71214080202812,39.64452096679688,0.0465793675722548,0.0312257102415639,0.3402632603336168,0.1519380942877559,2.004753340184995,1.3892844498642851,12.712121212121213,1.4138155751058976,0.0124414939243731,0.2671031096563011,0.0,0.0,0.0286030656718147,0.5280018437427979,0.0462370582655553,1.020035618878005,0.0,46.60649402264147,0.014989056535922,0.0202465372125389,-40.8937565557582,9896000000.0,65474000000.0,-50099000000.0,95799000000.0,13337500000.0,15720000000.0,7430000000.0,24.48122060990131,39.46497788939237,19.01757929791997,3.6762872829796702,2.2805029880478087,4.732463506006976,0.0440449243811363,1.5463827064329791,2010-10-27,1.46,bmo,47250466666.0,2025-04-25,2010-09-30,0.0273972602739726,41.9434375,11297277.34375
2010-06-30,COP,USD,1163165,2010-08-05,2010-08-04 18:18:23,2010,Q2,45762000000.0,34048000000.0,11714000000.0,0.2559765745,0,0.0,0.0,444000000.0,475000000.0,7218000000.0,41266000000.0,0.0,301000000.0,2280000000.0,8823000000.0,0.192801888,3801000000.0,0.0830601809,-3164000000.0,3990000000.0,0.0871902452,1878000000.0,2098000000.0,0.0458458983,1.41,1.4,1489814000,1501257000,https://www.sec.gov/Archives/edgar/data/1163165/000095012310072660/0000950123-10-072660-index.htm,https://www.sec.gov/Archives/edgar/data/1163165/000095012310072660/h73992e10vq.htm,30.7165860973249,1.4082294836805131,2.332505936982737,0.984015454278185,2.765445887875936,44.26391482426666,41.279649674388885,43.87863182920821,17.84115332518019,56374561760.00001,78533561760.0,6.7176551191611065,1.2319077348018008,16.222895470503598,38.45468060027286,0.8623787575530435,0.8623787575530435,1.7161304523403698,8.901004393063584,22.599586117985613,53.5699602728513,0.0372153669048761,0.0260046367409668,0.4019978277829618,0.1735091379674625,2.511504023574748,1.0388810970858655,12.627906976744184,0.8307434855366962,0.0144746136293512,0.3889418493803622,0.0,0.0,0.0293550602155081,0.5781294964028777,0.0439010532756435,0.0,0.0,37.28674856464019,0.0156123061592057,0.0142711380178219,-45.59881300618735,998000000.0,61499000000.0,-58845000000.0,86713000000.0,12913500000.0,15656500000.0,7209500000.0,25.954503736724792,40.64379699248121,18.81784539473684,3.4676062741532165,2.214360041623309,4.782694198623402,0.0320937418733077,1.3484904827045523,2010-07-28,1.56,bmo,45808886227.0,2025-04-25,2010-06-30,0.0705128205128204,41.8963492063492,17288924.38095238
2010-03-31,COP,USD,1163165,2010-05-04,2010-05-04 17:02:17,2010,Q1,45762000000.0,34048000000.0,11714000000.0,0.2559765745,0,0.0,0.0,444000000.0,6774000000.0,7309000000.0,41357000000.0,0.0,301000000.0,2318000000.0,6609000000.0,0.1444211354,4496000000.0,0.0982474542,-506000000.0,3990000000.0,0.0871902452,1878000000.0,2098000000.0,0.0458458983,1.41,1.4,1492861000,1503565000,https://www.sec.gov/Archives/edgar/data/1163165/000095012310043643/0000950123-10-043643-index.htm,https://www.sec.gov/Archives/edgar/data/1163165/000095012310043643/h70192e10vq.htm,30.65389209042235,1.4053552206133055,2.0363583749592227,0.6490892320182522,0.5727257929572813,42.48017732394376,39.49932378165147,42.09166158135285,19.619375146112063,58893366450.00001,87026366450.0,7.017798671353671,1.2869491379310347,19.37281791118421,60.77746795665635,0.9372402636981396,0.9372402636981396,1.901716849132468,13.167856929944016,28.62709422697369,89.81049169246646,0.0356237064794247,0.0164534659573701,0.4613205595429444,0.1872488857308959,4.256771069753366,0.8867881977071979,14.93687707641196,1.4393939393939394,0.0126330017257826,0.3546234509056244,0.0,0.0,0.0287449131193075,0.68125,0.0452558891656833,0.8934426229508197,0.0,36.482311711594726,0.0181711379419779,0.0139531790369779,-51.85713874232096,-3012000000.0,58967000000.0,-67800000000.0,88061000000.0,12922500000.0,15711000000.0,6120000000.0,24.83938639045496,42.12670347744361,19.296287593984964,3.6232779097387176,2.136412122733262,4.664109589041096,0.0333879720546811,1.3872691429409705,2010-04-29,1.38,bmo,42145387755.0,2025-04-25,2010-03-31,0.0652173913043479,39.052295081967216,13497604.672131147
2009-12-31,COP,USD,1163165,2010-02-25,2010-02-25 17:30:06,2009,Q4,43625000000.0,32744000000.0,10881000000.0,0.2494212034,0,0.0,0.0,452000000.0,6846000000.0,7298000000.0,40042000000.0,0.0,375000000.0,2391000000.0,5435000000.0,0.1245845272,3583000000.0,0.0821318052,-914000000.0,2669000000.0,0.0611805158,1423000000.0,1217000000.0,0.0278968481,0.82,0.82,1489834000,1492861000,https://www.sec.gov/Archives/edgar/data/1163165/000095012310017187/0000950123-10-017187-index.htm,https://www.sec.gov/Archives/edgar/data/1163165/000095012310017187/h69477e10vk.htm,29.28178575599697,0.816869530430907,3.419172874293378,1.616958667878435,0.3637989198796644,42.32484961411808,39.33055629016387,41.92883233971033,19.48404990086144,58654764580.0,86765764580.0,12.04904777732128,1.3445218241833812,11.514480679230466,24.348179568285595,0.9389720105015448,0.9389720105015448,1.988900047679083,15.964262112235511,17.03293376128779,36.01733689497717,0.0207485275700001,0.0410708323057768,0.4586901884194855,0.1877801661991768,5.172217111315548,0.8933108250685798,9.554666666666666,4.088282504012841,0.0126502937197536,0.6096959737058341,0.0,0.0,0.02923558864393,0.5270906949352179,0.0615472779369627,0.0,0.0,27.760289545666605,0.0128056984979401,0.0082159228229829,-51.4203260228992,-2528000000.0,58596000000.0,-68364000000.0,89641000000.0,12061000000.0,15173500000.0,5604000000.0,27.26303724928367,42.56199609088688,13.57806010261422,3.301172909572456,2.11456247981918,6.62834008097166,0.0194822866473498,1.802214206414943,2010-01-27,1.12,bmo,41662068965.0,2025-04-25,2009-12-31,0.0357142857142855,39.51546875,15199607.5
2009-09-30,COP,USD,1163165,2009-11-03,2009-11-03 17:29:13,2009,Q3,41305000000.0,28008000000.0,13297000000.0,0.3219222854,0,0.0,0.0,427000000.0,6901000000.0,5674000000.0,33682000000.0,0.0,336000000.0,4557000000.0,5672000000.0,0.1373199371,3435000000.0,0.0831618448,-522000000.0,2947000000.0,0.0713472945,1427000000.0,1470000000.0,0.0355889118,0.98,0.97,1488352000,1498204000,https://www.sec.gov/Archives/edgar/data/1163165/000095012309056991/0000950123-09-056991-index.htm,https://www.sec.gov/Archives/edgar/data/1163165/000095012309056991/h67772e10vq.htm,27.75217152931565,0.9876695835393776,3.237137451355593,-0.4609124723183763,0.4306776891488035,41.72198512179914,38.66760013760186,41.32758917245383,24.16834189761562,51809533120.0,86803533120.0,8.811145088435374,1.254316260016947,10.753327754254878,-75.5241007580175,0.8422944743944075,0.8422944743944075,2.1015260409151435,15.303866911142457,18.016507496886675,-126.53576256559766,0.0283731566658827,-0.0132408064440786,0.5793366932206145,0.233784040885145,6.169605077574048,0.9025389357560026,10.223214285714286,2.0277777777777777,0.0134531225823947,0.4741496598639456,0.0,0.0,0.029824112525996,1.1423827314238273,0.1332526328531654,2.365277180919639,0.0,30.305198608481177,0.0135692788678059,0.0099404250715102,-52.658746049321664,-2403000000.0,57551000000.0,-68077000000.0,89279000000.0,10827000000.0,14918000000.0,6224500000.0,23.765403704152043,47.75706940874036,20.1413881748072,3.787017511689741,1.8845377472749296,4.468410976388003,0.0238985530807998,3.6980499236739695,2009-10-28,0.94,bmo,37872600000.0,2025-04-25,2009-09-30,0.0638297872340426,33.964375,15554848.765625
2009-06-30,COP,USD,1163165,2009-08-04,2009-08-04 17:30:34,2009,Q2,31280000000.0,19759000000.0,11521000000.0,0.3683184143,0,0.0,0.0,475000000.0,6163000000.0,9070000000.0,28829000000.0,0.0,310000000.0,2230000000.0,4661000000.0,0.1490089514,2809000000.0,0.0898017903,-871000000.0,2034000000.0,0.0650255754,1178000000.0,859000000.0,0.0274616368,0.58,0.57,1486496000,1495700000,https://www.sec.gov/Archives/edgar/data/1163165/000095012309029713/0000950123-09-029713-index.htm,https://www.sec.gov/Archives/edgar/data/1163165/000095012309029713/h67588e10vq.htm,21.04277441715282,0.5778690289109423,1.2680827933610317,-0.6868501496135879,0.5973779949626504,40.36808709878802,37.30719759757174,39.64289174003832,24.22946311325426,48192200320.0,83011200320.0,14.02566947613504,1.5406713657289002,25.56615401591512,-47.200979745347695,0.8178010880890564,0.8178010880890564,2.6538107519181584,17.809740467710792,44.0377720530504,-81.30382009794319,0.0178244611015096,-0.0211860009134357,0.605932562914694,0.2379308736414944,7.470285346492169,0.9993503399887392,9.061290322580644,2.2021028037383177,0.0144629212895834,0.8114086146682189,0.0,0.0,0.0303185782918979,1.5416445623342174,0.0929028132992327,0.0,0.0,22.703281380526143,0.0092052402150622,0.0059028469726434,-52.49072315028093,-15000000.0,55457000000.0,-66992000000.0,90781000000.0,10533000000.0,14147500000.0,6330500000.0,30.92167519181585,68.20486866744268,28.153752720279368,2.910579696659533,1.319553893415253,3.1967319204012297,0.0145768636834156,1.95493294297462,2009-07-29,0.85,bmo,31155567010.0,2025-04-25,2009-06-30,0.1411764705882353,33.08555555555555,18967454.698412698
2009-03-31,COP,USD,1163165,2009-04-29,2009-04-29 17:31:03,2009,Q1,31280000000.0,22304000000.0,8976000000.0,0.2869565217,0,0.0,0.0,475000000.0,6050000000.0,6525000000.0,28829000000.0,0.0,310000000.0,2230000000.0,4532000000.0,0.1448849105,2451000000.0,0.0783567775,-417000000.0,2034000000.0,0.0650255754,1178000000.0,800000000.0,0.0255754476,0.54,0.54,1485890000,1495247000,https://www.sec.gov/Archives/edgar/data/1163165/000095013409008786/0000950134-09-008786-index.htm,https://www.sec.gov/Archives/edgar/data/1163165/000095013409008786/h66537e10vq.htm,21.05135642611499,0.5383978625604856,1.2685999636581442,-0.6871302720928197,0.5397438572168869,37.81773886357672,34.71252919125911,37.07878779721244,23.68681396334857,44859019100.0,78943019100.0,14.018443468750002,1.4341118638107415,23.79788811671088,-43.9363556317336,0.8142121626281877,0.8142121626281877,2.523753807544757,17.419024514563105,41.87958572944297,-77.31931351616063,0.0178336489751734,-0.022760194504565,0.6331972048280243,0.2435305861739185,7.520741394527803,0.9937530742744712,7.906451612903226,2.2021028037383177,0.0155152746084008,0.87,0.0,0.0,0.0322091992377016,1.5416445623342174,0.0929028132992327,1.3031390134529148,0.0,21.19364650474152,0.0083859143709399,0.0057704653158969,-50.66105162562505,-127000000.0,51579000000.0,-66855000000.0,88543000000.0,11157000000.0,13655500000.0,5787500000.0,29.690217391304344,53.752241750358685,26.14777618364419,3.0313014827018123,1.6743487726146686,3.4419753086419758,0.0145203738996279,1.955730235750964,2009-04-23,0.4,bmo,23742307692.0,2025-04-25,2009-03-31,0.3,33.65213114754098,21314210.360655736
2008-12-31,COP,USD,1163165,2009-02-25,2009-02-25 17:24:43,2008,Q4,44904000000.0,32114000000.0,12790000000.0,0.2848298593,0,0.0,0.0,1898000000.0,6331000000.0,8229000000.0,40343000000.0,0.0,1006000000.0,2264000000.0,6825000000.0,0.1519909139,4561000000.0,0.101572243,-34965000000.0,-30404000000.0,-0.6770889008,1360000000.0,-31764000000.0,-0.7073757349,-21.38,-21.38,1485890000,1485890000,https://www.sec.gov/Archives/edgar/data/1163165/000136231009002769/0001362310-09-002769-index.htm,https://www.sec.gov/Archives/edgar/data/1163165/000136231009002769/c81244e10vk.htm,30.22027202552006,-21.37708713296408,2.101097658642295,-3.662451460067704,0.5081129827914583,37.866194671207154,34.75425502560755,37.125897610186485,19.15417695791748,59331587700.0,86031587700.0,-0.4669719470154892,1.3212984967931587,19.004352242152468,-10.902533572216097,1.0755295513459622,1.0755295513459622,1.915900314003207,12.605360835164834,27.556562363869315,-15.80881802646086,-0.5353640654386196,-0.0917217996510819,0.49768875192604,0.1921744304063276,3.912087912087912,0.9569788797061524,4.533797216699801,-0.0982873693489485,0.0117306822045485,-0.0219115980355119,0.0,0.0,0.0323662198579078,2.743113388853299,0.1907179761268483,3.782685512367491,0.0,,0.0392327849193741,-0.2297726434270585,-50.00454273196535,-937000000.0,51641000000.0,-65757000000.0,87634000000.0,14490500000.0,16613500000.0,5918000000.0,24.04128808123998,39.207199352307406,14.278819206576571,3.743559816590246,2.295496783416726,6.3030421982335625,-0.5757998731079489,5.763549118709999,2009-01-28,1.21,bmo,42575929687.0,2025-04-25,2008-12-31,0.0578512396694215,40.0309375,22007248.734375
2008-09-30,COP,USD,1163165,2008-10-29,2008-10-29 17:26:54,2008,Q3,71373000000.0,52934000000.0,18439000000.0,0.258346994,0,0.0,0.0,513000000.0,7980000000.0,8493000000.0,61427000000.0,0.0,239000000.0,2361000000.0,12307000000.0,0.1724321522,9946000000.0,0.1393524162,-479000000.0,9467000000.0,0.1326411948,4279000000.0,5188000000.0,0.0726885517,3.43,3.39,1510897000,1528187000,https://www.sec.gov/Archives/edgar/data/1163165/000095012908005358/0000950129-08-005358-index.htm,https://www.sec.gov/Archives/edgar/data/1163165/000095012908005358/h64658e10vq.htm,47.23882567772655,3.433721822202308,4.973866517704384,2.448876395942278,0.7386340696950222,62.21668320209783,42.30467066914554,61.47076868906352,14.785256705122851,85320353590.0,106304353590.0,4.111427987181958,1.195414983116865,11.353340464404525,23.059555024324325,0.9186480209095998,0.9186480209095998,1.4894197188012273,8.637714600633785,14.145622566866267,28.73090637567568,0.0608061239986241,0.0433659712403449,0.2379516775054912,0.119713770333736,1.7050459088323715,0.9598780074551,41.61506276150627,1.4485350809560524,0.0083098577322715,0.1366615265998458,0.0,0.0,0.1629678181217397,0.5076513639387891,0.0534515853333893,1.6158407454468446,0.0,68.91410738877582,0.0350550297788327,0.0335745071899147,-48.5658519409331,-1184000000.0,63918000000.0,-62278000000.0,118160000000.0,18723500000.0,21299000000.0,6749000000.0,21.41902400067252,32.707333660785125,11.461253636604072,4.201872129989403,2.751676456827988,7.852544132917965,0.0558594254705198,2.5249901217621056,2008-10-22,3.06,bmo,64664620481.0,2025-04-25,2008-09-30,0.0849673202614378,61.9940625,18555516.734375
2008-06-30,COP,USD,1163165,2008-07-30,2008-07-29 17:53:16,2008,Q2,73353000000.0,54613000000.0,18740000000.0,0.2554769403,0,0.0,0.0,629000000.0,7974000000.0,8603000000.0,63216000000.0,0.0,210000000.0,2178000000.0,12200000000.0,0.1663190326,10137000000.0,0.1381947569,-325000000.0,9795000000.0,0.1335323709,4356000000.0,5439000000.0,0.0741482966,3.54,3.5,1534975000,1555447000,https://www.sec.gov/Archives/edgar/data/1163165/000095012908004130/0000950129-08-004130-index.htm,https://www.sec.gov/Archives/edgar/data/1163165/000095012908004130/h58804e10vq.htm,47.78774898613984,3.5433801853450384,3.540122803302985,1.326405967523901,0.512711933419111,60.940406195540646,41.33096630238278,60.19511718431896,14.419778823759344,111700130750.0,132837130750.0,5.134221858337929,1.5227752205090452,20.55578409090909,54.86253966110019,1.208902040628585,1.208902040628585,1.8109297608823087,10.888289405737703,24.445552217519325,65.24417030943026,0.0486928704870831,0.0182273734715391,0.2372778631572112,0.1152954168967421,1.7325409836065573,0.9617757626194507,48.27142857142857,0.9990807133664276,0.0064368769774246,0.1321934179077036,0.0,0.0,0.1582919197496779,0.6253220463746779,0.0463239403978024,1.5601469237832877,0.0,69.27567519282915,0.0361538854750763,0.0339820686638967,-50.22997117216893,-1332000000.0,63442000000.0,-63098000000.0,118758000000.0,18806000000.0,22027500000.0,6876000000.0,25.1044947036931,38.497976672220894,11.135260835332248,3.585015395141977,2.3377851975514745,8.082433032410833,0.0588649104958981,2.2137168357790844,2008-07-23,3.45,bmo,70721045845.0,2025-04-25,2008-06-30,0.0115942028985507,68.08046875,16628145.859375
2008-03-31,COP,USD,1163165,2008-04-30,2008-04-30 16:41:03,2008,Q1,54883000000.0,40511000000.0,14372000000.0,0.2618661516,0,0.0,0.0,835000000.0,7364000000.0,8199000000.0,48710000000.0,0.0,207000000.0,2209000000.0,9984000000.0,0.181914254,6173000000.0,0.11247563,-317000000.0,7549000000.0,0.1375471457,3410000000.0,4139000000.0,0.0754149737,2.65,2.62,1562198000,1582025000,https://www.sec.gov/Archives/edgar/data/1163165/000095012908002540/0000950129-08-002540-index.htm,https://www.sec.gov/Archives/edgar/data/1163165/000095012908002540/h56205e10vq.htm,35.131910295621935,2.6494720899655486,4.21649496414667,2.0900039559646086,0.9108960579900884,58.07586490316849,38.71980376367144,57.33908249786519,13.8900446678334,91779132500.0,111848132500.0,5.543557169606185,1.6722688719639962,13.933373690602703,28.109994640122512,1.0246065587496511,1.0246065587496511,2.0379376582912743,11.202737630208333,16.980132457871566,34.256702143951,0.0450973972760093,0.0355745354206741,0.2399330170248395,0.1172644834622813,2.010116185897436,0.919132530120482,29.82125603864734,1.5914472094708867,0.0079538777510236,0.1763711041314327,0.0,0.0,0.1649843407282925,0.5043267041141642,0.0605287611828799,1.503847894975102,0.0,58.46504700846765,0.0221884557293354,0.0270452169367485,-47.860930560658765,-2517000000.0,60488000000.0,-63944000000.0,116928000000.0,16752500000.0,19277500000.0,5609000000.0,28.12510249075305,45.974179852385774,15.540223642961172,3.199988338872369,1.9576205663477333,5.791422444603288,0.0462070890315378,2.1264910081820614,2008-04-24,2.42,bmo,53002801587.0,2025-04-25,2008-03-31,0.0413223140495868,60.87327868852459,18236284.852459017
2007-12-31,COP,USD,1163165,2008-02-22,2008-02-21 21:49:43,2007,Q4,54298000000.0,37307000000.0,16991000000.0,0.3129212862,0,0.0,0.0,1613000000.0,7542000000.0,9155000000.0,46462000000.0,0.0,356000000.0,2206000000.0,10042000000.0,0.1849423552,7836000000.0,0.1443147077,-512000000.0,7324000000.0,0.1348852628,2953000000.0,4371000000.0,0.0805002026,2.8,2.8,1562198000,1562198000,https://www.sec.gov/Archives/edgar/data/1163165/000095012908001094/0000950129-08-001094-index.htm,https://www.sec.gov/Archives/edgar/data/1163165/000095012908001094/h53977e10vk.htm,34.75743791760071,2.797980793727812,4.429656163943367,1.9434156233716853,0.932020140852824,57.71099438099396,38.3587739838356,56.96012925378217,14.11024722858434,106338817859.99998,126569817859.99998,6.08206462251201,1.9584297370068875,15.366881193641618,35.025961086956514,1.1950464455008258,1.1950464455008258,2.331021729345464,12.604044797849031,18.29043610693641,41.68966332674571,0.0411044629605966,0.0285502515553354,0.2437207106975489,0.1220036341747441,2.0146385182234616,0.9201324306227217,22.01123595505618,1.5831617478837794,0.0061313451956781,0.1491649508121711,0.0,0.0,0.1700748775013079,0.5612716763005781,0.0715311797856274,1.7606527651858568,0.0,59.882387413642455,0.030711709709425,0.0296288764616166,-45.940399360388376,-2147000000.0,59924000000.0,-62866000000.0,117088000000.0,15066000000.0,17059000000.0,4767500000.0,27.10707576706324,43.08816039885277,10.187632347816765,3.32016632016632,2.0887408319802923,8.834241060857211,0.0491217423552813,2.4862405405716816,2008-01-23,2.38,bmo,50824516129.0,2025-04-25,2007-12-31,0.0420168067226891,64.18484375,14381242.625
2007-09-30,COP,USD,1163165,2007-11-01,2007-10-31 18:40:52,2007,Q3,47933000000.0,33700000000.0,14233000000.0,0.2969353055,0,0.0,0.0,569000000.0,6635000000.0,7204000000.0,40904000000.0,0.0,391000000.0,2052000000.0,9081000000.0,0.1894519433,7029000000.0,0.1466421881,-665000000.0,6364000000.0,0.1327686562,2691000000.0,3673000000.0,0.076627793,2.26,2.23,1622456000,1644267000,https://www.sec.gov/Archives/edgar/data/1163165/000095012907005208/0000950129-07-005208-index.htm,https://www.sec.gov/Archives/edgar/data/1163165/000095012907005208/h50897e10vq.htm,29.54348222694483,2.26385183943355,3.6925500599091743,2.114695252136268,0.8499460077807965,54.308406514568034,35.64965706311912,53.58111406411021,13.724255079952862,109304860720.0,129801860720.0,7.439753656411653,2.28036761145766,18.244844052745787,31.858018280384726,1.2573460103758067,1.2573460103758067,2.707985327853462,14.293784904746174,21.66614266733433,37.83207832118916,0.0336032631651113,0.031389271962836,0.2516420691797131,0.1261395284471276,2.257130271996476,0.9817675886701552,17.9769820971867,1.6310917506125784,0.0061021988922214,0.1815954260822216,0.0,0.0,0.1745575948381739,0.4273076281088299,0.0534078818350614,1.2475633528265109,0.0,52.24216048117681,0.0270898044005242,0.0256576833340318,-43.72722588470812,-439000000.0,57840000000.0,-61675000000.0,117241000000.0,14034000000.0,16195000000.0,5278500000.0,25.869860012934723,43.41632047477745,14.186350148367952,3.478951952387865,2.072953189395337,6.344126506024097,0.042250928876261,1.577854807772907,2007-10-24,2.17,bmo,52145994845.0,2025-04-25,2007-09-30,-0.1059907834101382,63.92634920634921,16318940.26984127
2007-06-30,COP,USD,1163165,2007-08-01,2007-08-01 17:22:35,2007,Q2,49397000000.0,33636000000.0,15761000000.0,0.3190679596,0,0.0,0.0,604000000.0,2644000000.0,3248000000.0,36884000000.0,0.0,319000000.0,2016000000.0,10460000000.0,0.2117537502,12513000000.0,0.2533149786,-4926000000.0,3518000000.0,0.0712188999,3217000000.0,301000000.0,0.0060934875,0.18,0.18,1635848000,1657999000,https://www.sec.gov/Archives/edgar/data/1163165/000095012907003678/0000950129-07-003678-index.htm,https://www.sec.gov/Archives/edgar/data/1163165/000095012907003678/h48570e10vq.htm,30.196570830541717,0.1840024256532391,2.913473623466239,1.3852142741868438,0.8625495767332906,52.63814241910006,33.9909331429326,51.91680400624019,14.140066803272676,99001520960.0,120402520960.0,82.22717687707642,2.004201084276373,20.77245509022241,43.68999159752868,1.1657112019593068,1.1657112019593068,2.4374460181792417,11.510757261950287,25.262803390684013,53.13438700794352,0.003040357330688,0.0228885372469736,0.268603993971364,0.1335065664723646,2.0459847036328878,1.0194004264748924,39.225705329153605,15.83388704318937,0.0067473710860451,2.219269102990033,0.0,0.0,0.1785237727368495,0.5245488879563576,0.0506103609530943,1.2400793650793651,0.0,14.6607776758097,0.0072309333746586,0.0021444244963095,-42.79676351348047,464000000.0,55604000000.0,-60379000000.0,116264000000.0,14095000000.0,16445500000.0,5465000000.0,26.03599408870984,43.16714234748484,14.0340706386015,3.456752974107768,2.084919109898965,6.412964728312679,0.0035441785983421,1.5282593492793952,2007-07-25,2.68,bmo,44257889655.0,2025-04-25,2007-06-30,0.0820895522388058,56.77238095238095,14705006.76190476
2007-03-31,COP,USD,1163165,2007-05-03,2007-05-02 20:02:48,2007,Q1,41320000000.0,29469000000.0,11851000000.0,0.2868102614,0,0.0,0.0,527000000.0,6398000000.0,6925000000.0,36394000000.0,0.0,307000000.0,2024000000.0,6950000000.0,0.1681994192,4926000000.0,0.1192158761,1140000000.0,6066000000.0,0.1468054211,2520000000.0,3546000000.0,0.0858180058,2.15,2.12,1647352000,1668847000,https://www.sec.gov/Archives/edgar/data/1163165/000095013407009955/0000950134-07-009955-index.htm,https://www.sec.gov/Archives/edgar/data/1163165/000095013407009955/h46097e10vq.htm,25.08267814043386,2.1525454183441064,4.172150214404693,2.443922124718943,0.5220499322549158,52.19467363380747,32.49639421325861,51.46562483306543,14.553659448618149,86798976880.0,109606976880.0,6.119499216018047,2.100652877057115,12.62897961297832,21.559606775956283,1.02379015451393,1.02379015451393,2.6526373881897385,15.77078804028777,15.947472265386294,27.22478312965723,0.0408530161006662,0.0463830352005872,0.2791630298884197,0.1366441697602318,3.281726618705036,0.9154856614246067,16.04560260586319,1.9382402707275803,0.007765068486139,0.1900733220530175,0.0,0.0,0.1873459231333245,0.4142295940637276,0.0689012584704743,1.4066205533596838,0.0,49.92591647705841,0.0194710327501405,0.0251919948280394,-44.37333368946042,-2284000000.0,53533000000.0,-62485000000.0,114070000000.0,14003000000.0,15696000000.0,5419000000.0,30.27589545014521,51.1798839458414,17.36231293902067,2.972661870503597,1.7585034013605445,5.183641160949868,0.0418249156660611,1.7282280896857505,2007-04-25,1.9,bmo,43781428571.0,2025-04-25,2007-03-31,-0.0421052631578946,51.11918032786885,17100127.327868853
2006-12-31,COP,USD,1163165,2007-02-23,2007-02-23 10:38:06,2006,Q4,21590000000.0,28700000000.0,-7110000000.0,-0.3293191292,0,0.0,0.0,650000000.0,-9544000000.0,-8894000000.0,19806000000.0,0.0,356000000.0,2002000000.0,3786000000.0,0.1753589625,1784000000.0,0.0826308476,4133000000.0,5917000000.0,0.2740620658,2720000000.0,3197000000.0,0.1480778138,1.94,1.94,1647352000,1647352000,https://www.sec.gov/Archives/edgar/data/1163165/000110465907013338/0001104659-07-013338-index.htm,https://www.sec.gov/Archives/edgar/data/1163165/000110465907013338/a07-4741_110k.htm,13.105881438818177,1.940690271417402,3.4218551954894885,0.943332086888534,0.49594743564217,50.8986543252444,31.20705228754996,50.16899848969741,16.687386788008876,91378615440.0,117695615440.0,7.145653381294964,4.23245092357573,16.21050477913784,58.80219783783784,1.1056628928199792,1.1056628928199792,5.451394879110699,31.087061658742737,20.87912283838921,75.73720427284427,0.034986303793355,0.0170061670612679,0.3283159499552307,0.164667042923638,6.951135763338616,0.948356097007302,5.01123595505618,1.7632155145448858,0.0064894833123113,0.1854863934939005,0.0,0.0,0.1968612886194403,0.7243214475784993,0.1891153311718388,2.0394605394605394,0.0,46.80444385048792,0.0067693547964851,0.0241571080987139,-40.64705053928972,-1365000000.0,51409000000.0,-55867000000.0,117275000000.0,13575500000.0,14342500000.0,5675500000.0,58.802223251505325,45.89059233449477,16.15923344947735,1.5305543740252374,1.961186278529452,5.56957112361731,0.0386830578612395,2.478523108600955,2007-01-24,1.95,bmo,38690785714.0,2025-04-25,2006-12-31,0.076923076923077,49.64873015873016,14456867.936507937
2006-09-30,COP,USD,1163165,2006-11-02,2006-11-01 18:50:41,2006,Q3,49585000000.0,33388000000.0,16197000000.0,0.326651205,0,0.0,0.0,650000000.0,6990000000.0,7640000000.0,41028000000.0,0.0,308000000.0,2137000000.0,10694000000.0,0.2156700615,8557000000.0,0.1725723505,-620000000.0,7937000000.0,0.1600685691,4061000000.0,3876000000.0,0.078168801,2.35,2.31,1652623000,1675839000,https://www.sec.gov/Archives/edgar/data/1163165/000110465906070352/0001104659-06-070352-index.htm,https://www.sec.gov/Archives/edgar/data/1163165/000110465906070352/a06-21937_110q.htm,30.00381817268669,2.3453624934422432,3.772790285503711,1.5962503244841686,0.4211486830329724,49.43474706572521,29.45257327291221,48.695921574369954,17.012349459011524,75838869470.0,102949869470.0,4.891567948271414,1.5294720070585863,12.16341130232558,28.74862375663381,0.9423787150206272,0.9423787150206272,2.0762300992235554,9.6268813792781,16.51160697193264,39.025727623199394,0.0511083567976082,0.034784273795689,0.3455315870570107,0.1698417448983954,2.5351599027492053,0.8993200263215617,27.78246753246753,1.6086171310629516,0.0078192093862181,0.1529927760577915,0.0,0.0,0.2017004330485026,0.5769045709703288,0.0725420994252294,1.6832007487131493,0.0,50.69236363588677,0.0297635620480945,0.029655700076511,-41.41734079702388,-2754000000.0,48674000000.0,-57426000000.0,116396000000.0,12794000000.0,14284000000.0,6316500000.0,23.6775234445901,37.87558404217083,16.707200191685637,3.801073208125719,2.3762009821365027,5.386898999677316,0.0481634276057458,2.176539961019543,2006-10-25,2.4,bmo,43333432835.0,2025-04-25,2006-09-30,0.1166666666666667,49.74206349206349,12104918.317460315
2006-06-30,COP,USD,1163165,2006-08-03,2006-08-03 15:11:26,2006,Q2,48476000000.0,32276000000.0,16200000000.0,0.3341859889,0,0.0,0.0,610000000.0,6386000000.0,6996000000.0,39272000000.0,0.0,360000000.0,1965000000.0,11169000000.0,0.2304026735,9204000000.0,0.1898671508,-522000000.0,8682000000.0,0.1790989356,3496000000.0,5186000000.0,0.106980774,3.13,3.09,1654758000,1678445000,https://www.sec.gov/Archives/edgar/data/1163165/000110465906051130/0001104659-06-051130-index.htm,https://www.sec.gov/Archives/edgar/data/1163165/000110465906051130/a06-15633_110q.htm,29.294918048439712,3.133993006832419,2.9273162601419664,0.871426516747464,0.3952239541975322,47.51329197381128,27.3925250701311,46.76031177972852,18.050977846911756,83598374160.0,112454374160.0,4.030002610875434,1.7245311939929038,17.258128439306358,57.97390718446602,1.0804034035953836,1.0804034035953836,2.319794829606403,10.068437117020324,23.21518872006606,77.9850028848821,0.0620346992642996,0.017249139286371,0.3813794796903472,0.1822538708103534,2.583579550541678,0.8045151739452258,25.566666666666663,0.934053220208253,0.0071173632977744,0.1147319706903201,0.0,0.0,0.2056300450230673,0.7023121387283237,0.0701790576780262,1.7312977099236642,0.0,57.42208658335995,0.0394198318899606,0.040319696474942,-42.31147394362197,-5282000000.0,45328000000.0,-61556000000.0,115933000000.0,11637000000.0,14257000000.0,5971000000.0,23.28719366284347,40.479923162721526,17.943673317635394,3.8647851391214223,2.2233243783150787,5.015695415695416,0.0670225002261654,2.0558897433945025,2006-07-26,2.81,bmo,46322898954.0,2025-04-25,2006-06-30,0.0213523131672598,49.80190476190476,13587008.634920634
2006-03-31,COP,USD,1163165,2006-05-04,2006-05-04 17:24:19,2006,Q1,47927000000.0,35782000000.0,12145000000.0,0.253406222,0,0.0,0.0,566000000.0,1577000000.0,2143000000.0,37925000000.0,0.0,115000000.0,1180000000.0,7192000000.0,0.1500615519,10002000000.0,0.2086923863,-215000000.0,5797000000.0,0.1209547854,2506000000.0,3291000000.0,0.068666931,2.38,2.34,1382925000,1404704000,https://www.sec.gov/Archives/edgar/data/1163165/000110465906031262/0001104659-06-031262-index.htm,https://www.sec.gov/Archives/edgar/data/1163165/000110465906031262/a06-9807_110q.htm,34.65625395448054,2.379738597537828,3.4709040620424103,0.2068080336966936,2.1750998788799105,53.09760109911962,28.976987182963647,52.203120198130776,23.362076757597123,67320789000.0,96505789000.0,5.114007064721969,1.404652680117679,14.025164375,235.3873741258741,0.9325113099607996,0.9325113099607996,2.013599620255805,13.418491240266963,20.10537270833333,337.43282867132865,0.0488853450603497,0.0042483162221999,0.4459296607704348,0.201644827499812,4.057981090100111,0.7903042414636667,86.97391304347826,1.4585232452142205,0.0073677092524866,0.1507140686721361,0.0,0.0,0.2089356851151254,0.9404166666666668,0.09418490621153,3.825423728813559,0.0,52.86936779522205,0.0415207359360529,0.0260580387188724,-52.36166097221469,-6086000000.0,40073000000.0,-63285000000.0,113231000000.0,11335500000.0,13132000000.0,4615500000.0,20.151271725749577,35.205690011737744,13.851377787714492,4.466219364458112,2.556404943916553,6.497548574541493,0.0455861371601124,3.2640960283457163,2006-04-26,2.34,bmo,46967000000.0,2025-04-25,2006-03-31,0.0,47.6216129032258,13999650.29032258
2005-12-31,COP,USD,1163165,2006-02-27,2006-02-27 06:22:03,2005,Q4,67965000000.0,39032000000.0,28933000000.0,0.4257044067,0,0.0,0.0,391000000.0,1524000000.0,1915000000.0,40947000000.0,0.0,197000000.0,1178000000.0,28196000000.0,0.41486059,27018000000.0,0.3975281395,-20397000000.0,6621000000.0,0.0974177886,2839000000.0,3767000000.0,0.0554255867,2.72,2.72,1382925000,1382925000,https://www.sec.gov/Archives/edgar/data/1163165/000110465906012015/0001104659-06-012015-index.htm,https://www.sec.gov/Archives/edgar/data/1163165/000110465906012015/a06-2522_110k.htm,49.14583220348175,2.7239365836903664,3.3805159354267222,1.1772149610427174,1.6009544986170616,39.00428439720158,27.117161089719257,38.13005043657465,9.192834029321908,62024186250.0,72326186250.0,4.116285256835679,0.9125901015228426,13.267205614973262,38.098394502457005,1.1762376258747227,1.1762376258747227,1.064168119620393,2.565122224783657,15.470841978609624,44.42640433046683,0.0607343719886369,0.0262478252183437,0.2373556352050975,0.1169730558229516,0.3653709746063271,0.9182077812631676,137.14720812182742,1.236118455843469,0.0069166566453743,0.1138837271037961,0.0,0.0,0.1536369498780362,0.6517647058823529,0.0448318987714264,2.586587436332767,0.0,48.34186989296392,0.1765833044157693,0.0415967314487632,-28.944447457382,-1747000000.0,37501000000.0,-33447000000.0,69361000000.0,11173000000.0,12082000000.0,4281000000.0,15.811079231957626,28.28525312564049,8.586800573888091,5.692211055276382,3.181870057878862,10.481203007518795,0.0714380535169065,2.203300974384005,2006-01-25,2.62,bmo,50005962825.0,2025-04-25,2005-12-31,0.0267175572519083,48.046349206349205,12746627.61904762
2005-09-30,COP,USD,1163165,2005-11-02,2005-11-02 16:45:55,2005,Q3,44453000000.0,36630000000.0,7823000000.0,0.1759836232,0,0.0,0.0,658000000.0,1363000000.0,2021000000.0,38651000000.0,0.0,122000000.0,1049000000.0,7811000000.0,0.1757136751,5802000000.0,0.1305198749,-208000000.0,6554000000.0,0.1474366185,2750000000.0,3800000000.0,0.0854835444,2.73,2.68,1393943000,1417796000,https://www.sec.gov/Archives/edgar/data/1163165/000110465905051933/0001104659-05-051933-index.htm,https://www.sec.gov/Archives/edgar/data/1163165/000110465905051933/a05-19195_110q.htm,31.89011315383771,2.726079904271552,4.373206078010363,1.7719519377765087,2.010842624124516,36.63707913451268,25.18036964208723,35.753255333969896,9.770126899019544,75119588270.0,85813588270.0,4.942078175657895,1.6898654369783817,12.322767104658793,30.412788773279352,1.5072753374934789,1.5072753374934789,1.9304341275054555,10.986248658302394,14.07703219652231,34.7423434291498,0.0505860067595389,0.0328809043937002,0.2708174485332477,0.1293162917257502,1.3690948662143132,0.9628937283858304,47.55737704918032,1.6025236593059935,0.005724206028053,0.1131578947368421,0.0,0.0,0.1530103859272601,0.5948162729658792,0.0815692979101523,3.456625357483317,0.0,46.829373204860026,0.0400424796874767,0.0429854528178095,-28.89321873276024,-794000000.0,35100000000.0,-32698000000.0,67658000000.0,9708000000.0,11197500000.0,4854000000.0,21.06809439182957,29.23095823095823,11.886977886977888,4.271862387084375,3.0789274607043797,7.5713104588673,0.0762470404109314,2.6012541402338547,2005-10-26,2.57,bmo,46784548507.0,2025-04-25,2005-09-30,0.0428015564202335,49.72609375,7968566.609375
2005-06-30,COP,USD,1163165,2005-08-03,2005-08-03 17:13:48,2005,Q2,42614000000.0,30791000000.0,11823000000.0,0.2774440325,0,0.0,0.0,539000000.0,1311000000.0,1850000000.0,32641000000.0,0.0,127000000.0,985000000.0,6620000000.0,0.1553480077,9973000000.0,0.2340310696,-203000000.0,5432000000.0,0.1274698456,2301000000.0,3138000000.0,0.0736377716,2.25,2.21,1396724000,1419288000,https://www.sec.gov/Archives/edgar/data/1163165/000095012905007608/0000950129-05-007608-index.htm,https://www.sec.gov/Archives/edgar/data/1163165/000095012905007608/h27480e10vq.htm,30.509964746077248,2.24668581623857,1.9817802228643595,-0.2555980995529539,1.1032959983504258,34.73270309667479,23.281621852277187,33.86495828810846,10.12368943327386,61902807680.0,74374807680.0,4.931708706182281,1.4526401576946544,22.36373109826589,-173.39722039215687,1.3087274350951374,1.3087274350951374,1.7453139268784907,11.234865208459215,26.869511445086705,-208.33279462184876,0.0506923694999677,-0.0057671051343175,0.2962579281183932,0.1437687880249104,1.883987915407855,1.0256614404703577,78.5275590551181,0.884062599808368,0.0069786818432077,0.1376673040152963,0.0,0.0,0.1640931988632283,1.1289739884393064,0.0733327075608954,3.172588832487309,0.0,41.37497109003935,0.0705371910833095,0.0385148818656029,-27.366537698213826,419000000.0,32518000000.0,-32210000000.0,68143000000.0,9413000000.0,10765000000.0,4706000000.0,19.028957619561645,30.684940404663703,14.234678964632524,4.729633740288568,2.9330348637835777,6.32258726899384,0.0663424947145877,2.237378322417314,2005-07-27,2.02,bmo,38309619909.0,2025-04-25,2005-06-30,0.094059405940594,41.6978125,9510802.578125
2005-03-31,COP,USD,1163165,2005-05-05,2005-05-04 18:46:56,2005,Q1,38918000000.0,27695000000.0,11223000000.0,0.2883755589,0,0.0,0.0,539000000.0,1374000000.0,1913000000.0,29608000000.0,0.0,138000000.0,1041000000.0,10351000000.0,0.2659694743,9310000000.0,0.239220926,-4370000000.0,4940000000.0,0.1269335526,2017000000.0,2912000000.0,0.0748239889,2.08,2.05,1397893000,1420372000,https://www.sec.gov/Archives/edgar/data/1163165/000095012905004686/0000950129-05-004686-index.htm,https://www.sec.gov/Archives/edgar/data/1163165/000095012905004686/h24933e10vq.htm,27.84047133793502,2.083135118353121,2.925116586176481,1.6217264125365818,1.731892212064872,33.05331667016002,21.624688012601823,32.21348128934046,10.1223770345799,58110412010.0,69701412010.0,4.988874657451923,1.4931500079654658,14.2113993665933,25.63317689016321,1.2904535100264265,1.2904535100264265,1.7909813456498278,6.733785335716356,17.04607777207141,30.7461014600794,0.0501115015240106,0.0390119416054025,0.3111634207545913,0.1446176075962431,1.1197951888706406,1.0063442595581278,67.46376811594203,1.3989052343482724,0.0059885997700397,0.1195054945054945,0.0,0.0,0.1648880173392507,0.4455857177794081,0.0468163831646024,1.750240153698367,0.0,38.85695907505266,0.0696998895328749,0.0359888276441654,-27.635162347905027,114000000.0,30229000000.0,-32602000000.0,67143000000.0,9302000000.0,10081500000.0,4104000000.0,22.700035973071586,35.850514533309266,14.760064993681173,3.9647514262428687,2.510424220449601,6.097534125935711,0.0646665630343541,1.3033901736398994,2005-04-27,1.65,bmo,35297881355.0,2025-04-25,2005-03-31,0.0727272727272728,38.245409836065576,10078889.901639344
2004-12-31,COP,USD,1163165,2005-02-25,2005-02-25 15:09:37,2004,Q4,52145000000.0,29736000000.0,22409000000.0,0.4297439831,0,0.0,0.0,286000000.0,1355000000.0,1641000000.0,31377000000.0,0.0,197000000.0,1030000000.0,21798000000.0,0.4180266564,20768000000.0,0.3982740435,-16493000000.0,4275000000.0,0.0819829322,1795000000.0,2432000000.0,0.0466391792,1.74,1.74,1390988000,1397892000,https://www.sec.gov/Archives/edgar/data/1163165/000095012905001641/0000950129-05-001641-index.htm,https://www.sec.gov/Archives/edgar/data/1163165/000095012905001641/h22551e10vk.htm,37.48774252545672,1.7483975418910875,2.2983663410467954,-1.1790180792357663,0.9971329731097608,31.508539254112904,19.94409728912111,30.714139877554658,10.926765723356349,46556368360.0,60171368360.0,4.785810892269737,0.8928251675136638,14.562517472630592,-28.38802948780488,1.089726104440231,1.089726104440231,1.1539240264646655,2.760407760344986,18.82119748514232,-36.68985875609757,0.0522377514756823,-0.0352261153043252,0.3511457528731596,0.1615532893249049,0.6245985870263326,0.963749518798922,105.42131979695432,1.2891129032258064,0.0074318511556686,0.1422697368421052,0.0,0.0,0.1732266505852834,1.5129809196121364,0.0927605714833637,4.696116504854369,0.0,34.760061132316075,0.1546442425693192,0.0316769781830022,-28.19722384377148,-565000000.0,27742000000.0,-34012000000.0,66423000000.0,7880500000.0,8704000000.0,4000000000.0,15.167705436762876,27.636198547215496,11.095641646489105,5.933659535730541,3.256598401051364,8.111292962356792,0.0569248414203122,3.477384420282562,2005-01-26,1.54,bmo,34577375000.0,2025-04-25,2004-12-31,0.1428571428571428,33.27859375,7904094.234375
2004-09-30,COP,USD,1163165,2004-11-04,2004-11-04 16:54:07,2004,Q3,30662000000.0,24911000000.0,5751000000.0,0.1875611506,0,0.0,0.0,730000000.0,1195000000.0,1925000000.0,26836000000.0,0.0,101000000.0,938000000.0,4312000000.0,0.1406300959,3826000000.0,0.1247798578,-166000000.0,3660000000.0,0.1193659905,1649000000.0,2006000000.0,0.0654229992,1.45,1.43,1383652000,1403432000,https://www.sec.gov/Archives/edgar/data/1163165/000095012904008504/0000950129-04-008504-index.htm,https://www.sec.gov/Archives/edgar/data/1163165/000095012904008504/h19660e10vq.htm,22.160196349949263,1.4497865070118787,3.189385770410479,2.0373619956463043,2.358251930398684,29.489351368696752,17.795659602269936,28.740608187607865,11.26511579501204,44180008360.0,56403008360.0,5.505983095712861,1.4408717096079835,10.011332055291184,15.672227158566868,1.110971618678804,1.110971618678804,1.8395084586784949,13.080475037105751,12.78110318604124,20.00816188719404,0.0454051521143714,0.0638071404837552,0.3894183619584077,0.1743565493481051,2.8346474953617813,1.0543908227848102,37.881188118811885,2.194430631526604,0.0066998629241545,0.1475573280159521,0.0,0.0,0.1821702807989371,0.3612055291185135,0.0519861718087535,1.699360341151386,0.0,30.61901833760274,0.0281311042515955,0.0276163991299319,-26.99757598008748,825000000.0,24623000000.0,-32022000000.0,65706000000.0,7023000000.0,8088500000.0,4499500000.0,20.467353727741177,29.903657018987595,15.658142989040986,4.397246522300301,3.009665337682735,5.747808029533918,0.0504438353408605,1.1520237747641748,2004-10-27,1.29,bmo,30773666666.0,2025-04-25,2004-09-30,0.1162790697674417,29.65765625,6726684.703125
2004-06-30,COP,USD,1163165,2004-08-05,2004-08-05 10:02:35,2004,Q2,31886000000.0,22369000000.0,9517000000.0,0.2984695478,0,0.0,0.0,513000000.0,1168000000.0,1681000000.0,24050000000.0,0.0,159000000.0,912000000.0,8748000000.0,0.2743523804,7836000000.0,0.2457504861,-4366000000.0,3470000000.0,0.1088251897,1457000000.0,2075000000.0,0.0650755818,1.5,1.48,1379380000,1398022000,https://www.sec.gov/Archives/edgar/data/1163165/000095012904005569/0000950129-04-005569-index.htm,https://www.sec.gov/Archives/edgar/data/1163165/000095012904005569/h17212e10vq.htm,23.116182632777043,1.5042990328988386,1.650016674157955,0.5016746654293958,0.5828705650364656,28.18222679754673,16.44434456059969,27.42246516550914,11.438472357145963,40567565800.0,55382565800.0,4.887658530120482,1.2722688891676597,17.824062302284712,58.62365,1.0724783429387197,1.0724783429387197,1.7368928620711284,6.330883150434385,24.333289015817225,80.03260953757226,0.0511492360727248,0.0170579621023256,0.4129170411886004,0.1826057474220777,1.6935299497027891,0.948767387412202,49.283018867924525,1.1306507699950323,0.007296469338567,0.1426506024096385,0.0,0.0,0.1892931465849837,0.6959578207381371,0.0496769742206611,1.736842105263158,0.0,30.46573035615581,0.0629148033341535,0.0299237125593066,-27.7071945366759,-744000000.0,22683000000.0,-32882000000.0,63291000000.0,6732500000.0,7718000000.0,4512500000.0,19.96393401492818,31.78505968080826,18.76927891278108,4.508129506574297,2.8315189873417723,4.795069667738478,0.0548564479458573,1.1483420087285592,2004-07-28,1.46,bmo,32002388888.0,2025-04-25,2004-06-30,-0.0136986301369863,28.28532258064516,7101685.177419355
2004-03-31,COP,USD,1163165,2004-05-07,2004-05-06 20:05:30,2004,Q1,30217000000.0,21547000000.0,8670000000.0,0.2869245789,0,0.0,0.0,464000000.0,1210000000.0,1674000000.0,23221000000.0,0.0,145000000.0,918000000.0,7914000000.0,0.2619055499,6996000000.0,0.2315253003,-4032000000.0,2964000000.0,0.0980904789,1361000000.0,1616000000.0,0.0534798292,1.18,1.17,1372196000,1388104000,https://www.sec.gov/Archives/edgar/data/1163165/000095012904002924/0000950129-04-002924-index.htm,https://www.sec.gov/Archives/edgar/data/1163165/000095012904002924/h15041e10vq.htm,22.020906634329208,1.1776743264081808,1.5107171278738605,0.4314252482881454,0.4802520922667024,26.793548443516816,14.989841101417,26.104142556894203,12.574005462776457,36925794360.0,53375794360.0,5.712530068069307,1.2220205301651388,17.812732445730827,62.374652635135135,1.030870864321608,1.030870864321608,1.7664160691001751,6.744477427343948,25.74809182826821,90.1618147972973,0.0437634457974054,0.0160321534109307,0.4776381909547739,0.2026436414028355,2.0785948951225675,0.8787920010882873,48.248275862068965,1.2932002495321273,0.007961914025023,0.1819306930693069,0.0,0.0,0.1918416657783463,0.7144235407621804,0.0490121454810206,1.6132897603485838,0.0,26.30017141195954,0.0531643321476422,0.0236839019814749,-29.172217380024428,-1782000000.0,20569000000.0,-34743000000.0,62119000000.0,5698500000.0,7067000000.0,4158500000.0,19.03828970447099,31.47723581008957,18.211351928342697,4.727315394242804,2.8592091295116773,4.94197247706422,0.0451144611948632,1.0792918795857152,2004-04-28,1.0,bmo,25817241379.0,2025-04-25,2004-03-31,0.1599999999999999,26.10935483870968,5543147.79032258
2003-12-31,COP,USD,1163165,2004-03-02,2004-03-01 21:56:31,2003,Q4,22339000000.0,18522000000.0,3817000000.0,0.1708670934,0,0.0,0.0,776000000.0,1114000000.0,1890000000.0,20412000000.0,0.0,197000000.0,911000000.0,2838000000.0,0.1270423922,1927000000.0,0.0862616948,-249000000.0,1678000000.0,0.0751152693,692000000.0,1040000000.0,0.0465553516,0.76,0.76,1363386000,1371082000,https://www.sec.gov/Archives/edgar/data/1163165/000095013404002756/0000950134-04-002756-index.htm,https://www.sec.gov/Archives/edgar/data/1163165/000095013404002756/h12939e10vk.htm,16.384941608612674,0.7628067179800878,1.4581343801388602,0.1496274716037864,0.3593993190483106,25.823941275618203,13.96449721502201,25.206361221253555,13.185554201084653,34452764220.0,51742764220.0,8.281914475961539,1.5422697622991182,17.330364295774647,168.88609911764706,1.0025247110516209,1.0025247110516209,2.3162524831013025,18.232122699083863,26.0275473943662,253.64100107843137,0.0301862571420691,0.0059211504394058,0.5173718209858581,0.2156327693893639,6.092318534178999,0.7988009421169081,9.781725888324871,2.0162271805273835,0.0084753721975809,0.2807692307692307,0.0,0.0,0.1960948396094839,0.89738430583501,0.0798603339451184,1.9582875960482984,0.0,20.799533352857036,0.0162027569746262,0.0156895875448812,-30.090341253320776,-2819000000.0,19039000000.0,-36055000000.0,60778000000.0,4839000000.0,6696000000.0,4015500000.0,20.1642866735306,32.06025267249757,19.22740524781341,4.463336663336663,2.8072143073658684,4.68081880212282,0.0302624687190828,1.3085069085350738,2004-01-28,0.71,bmo,22024366197.0,2025-04-25,2003-12-31,0.0140845070422535,22.63453125,5211684.1875
2003-09-30,COP,USD,1163165,2003-11-12,2003-11-12 15:23:12,2003,Q3,22913000000.0,18551000000.0,4362000000.0,0.1903722777,0,0.0,0.0,683000000.0,1085000000.0,1768000000.0,20319000000.0,0.0,190000000.0,878000000.0,3452000000.0,0.1506568324,2594000000.0,0.113210841,-284000000.0,2310000000.0,0.1008161306,1061000000.0,1306000000.0,0.0569982106,0.96,0.95,1361378000,1372526000,https://www.sec.gov/Archives/edgar/data/1163165/000095012903005563/0000950129-03-005563-index.htm,https://www.sec.gov/Archives/edgar/data/1163165/000095012903005563/h10218e10vq.htm,16.830740617227544,0.9593220986382917,1.5234563802265058,0.4201625118078887,0.3547875755300879,24.80281009389016,12.845807703664963,24.214435667389957,13.910170430255226,28725075800.000004,46989075800.0,5.49867454058193,1.2536584384410598,13.850084763741563,50.21866398601399,0.8713810344304567,0.8713810344304567,2.050760520228691,13.612130880648898,22.656256412729025,82.14873391608391,0.0454655023051323,0.0199129152515587,0.5686940694676171,0.2287558570870753,5.290845886442642,0.7960882512181917,13.652631578947368,1.648648648648649,0.0094690785811607,0.2082695252679939,0.0,0.0,0.1986284654431862,0.7242044358727098,0.0655523065508663,1.7107061503416856,0.0,22.86181254712987,0.0201574692434134,0.0198861040898985,-30.96953968699362,-3013000000.0,17488000000.0,-36423000000.0,59545000000.0,4674000000.0,6653500000.0,4118500000.0,18.355082267708287,32.96102635976497,19.76497223869333,4.903274127969184,2.730497497792169,4.553510063819342,0.0396177764295464,1.103293868418617,2003-10-29,0.8,bmo,23127032967.0,2025-04-25,2003-09-30,0.1374999999999999,21.00546875,4815313.921875
2003-06-30,COP,USD,1163165,2003-08-13,2003-08-13 11:26:57,2003,Q2,25595000000.0,18417000000.0,7178000000.0,0.2804453995,0,0.0,0.0,624000000.0,1084000000.0,1708000000.0,20125000000.0,0.0,184000000.0,819000000.0,6376000000.0,0.2491111545,5470000000.0,0.2137136159,-3738000000.0,1753000000.0,0.0684899394,674000000.0,1187000000.0,0.0463762454,0.88,0.87,1360056000,1368376000,https://www.sec.gov/Archives/edgar/data/1163165/000095012903004133/0000950129-03-004133-index.htm,https://www.sec.gov/Archives/edgar/data/1163165/000095012903004133/h08142e10vq.htm,18.81907803796314,0.8727581805455069,1.5550830259930473,0.3977777385637062,0.3852782532483956,24.083567147235115,12.084796508379068,23.55197138941337,13.053138988394595,28724382720.0,45769382720.0,6.049785745577085,1.1222653924594648,13.581268425531915,53.0949773012939,0.8967402197802198,0.8967402197802198,1.788215773393241,7.178384993726474,21.64037008037825,84.60144680221812,0.0413237774879501,0.0188341732274482,0.5484827672327672,0.2176293525251149,2.673306148055207,0.7927847754654983,29.72826086956522,1.9601482854494905,0.0094693070570534,0.2291491154170176,0.0,0.0,0.2021454495906056,0.7442080378250591,0.0614963860128931,1.921855921855922,0.0,21.505614457785107,0.04975798315828,0.0184288154013351,-30.7797987729917,-3027000000.0,16436000000.0,-36393000000.0,58556000000.0,5328000000.0,6909000000.0,4075500000.0,16.438757569837858,31.82765922788728,20.34370418634957,5.474866310160428,2.8277291570704746,4.423973096324766,0.0370566933066933,1.1573052874293412,2003-07-30,0.72,bmo,23165772151.0,2025-04-25,2003-06-30,0.0972222222222223,20.35571428571429,5629925.841269841
2003-03-31,COP,USD,1163165,2003-05-13,2003-05-13 14:32:30,2003,Q1,27077000000.0,19451000000.0,7626000000.0,0.2816412453,0,0.0,0.0,509000000.0,1151000000.0,1660000000.0,21111000000.0,0.0,209000000.0,877000000.0,6889000000.0,0.2544225727,5966000000.0,0.2203346013,-3461000000.0,2565000000.0,0.0947298445,1295000000.0,1221000000.0,0.0450936219,0.9,0.9,1359076000,1365488000,https://www.sec.gov/Archives/edgar/data/1163165/000095012903002664/0000950129-03-002664-index.htm,https://www.sec.gov/Archives/edgar/data/1163165/000095012903002664/h05673e10vq.htm,19.92309480853168,0.898404504236702,2.3390892047243863,1.3759348263084623,0.3112408724751228,23.2312247438701,11.654977352259918,22.754430215823103,13.57466396286889,28078510160.0,45895510160.0,5.749080704340704,1.0369874860582782,8.83249769109783,15.01524607486631,0.9079550577202912,0.9079550577202912,1.6949998212505075,6.662144020902889,14.437090330292545,24.543053561497327,0.0434852131769942,0.0665989751359372,0.5898140662894099,0.2276641953119149,2.5862969952097545,0.8420179223365416,28.545454545454547,2.5031496062992127,0.0096515092309299,0.2219492219492219,0.0,0.0,0.1963728500461818,0.4117647058823529,0.0483436126601913,1.4925883694412772,0.0,21.446686420932064,0.0448264097899134,0.0189640444202842,-30.64011872772383,-2380000000.0,15840000000.0,-35860000000.0,57635000000.0,5180500000.0,6627000000.0,3916500000.0,19.87997193189792,33.80031874967868,18.452521721248267,4.527169369670624,2.662696783025325,4.877382146439318,0.039482619240097,0.9631543784159238,2003-04-30,0.86,bmo,24985311827.0,2025-04-25,2003-03-31,0.0813953488372093,19.08590163934426,6227824.852459016
2002-12-31,COP,USD,1163165,2003-03-26,2003-03-26 14:39:50,2002,Q4,24825000000.0,15545000000.0,9280000000.0,0.373816717,0,0.0,0.0,601000000.0,989000000.0,1590000000.0,17135000000.0,0.0,0.0,815000000.0,8505000000.0,0.3425981873,7690000000.0,0.3097683787,-6655000000.0,1035000000.0,0.0416918429,533000000.0,-428000000.0,-0.0172406848,-0.31,-0.31,1358898000,1359076000,https://www.sec.gov/Archives/edgar/data/1163165/000095012903001563/0000950129-03-001563-index.htm,https://www.sec.gov/Archives/edgar/data/1163165/000095012903001563/h03367e10vk.txt,18.26847931191304,-0.314961093474271,1.4592706737371015,0.0794761637738814,0.2259183544313112,22.20034174750423,10.747679369606844,21.721277093645,14.54560975143094,25343447700.0,44802447700.0,-14.803415712616822,1.020884096676737,12.780356883509832,234.66155277777773,0.8586051326354304,0.8586051326354304,1.8047310251762336,5.267777507348619,22.593266616238022,414.8374787037037,-0.0168879942881646,0.0042614565026209,0.6696479994579395,0.2572492061013067,2.2879482657260435,0.8507334581772784,0.0,3.950199203187251,0.0106930991871323,-0.633177570093458,0.0,0.0,0.2025482846582331,0.94553706505295,0.0755287009063444,2.3006134969325154,0.0,,0.0574979689650259,-0.0069851321136552,-30.28446579507807,-1913000000.0,14605000000.0,-35765000000.0,56680000000.0,4257500000.0,6132500000.0,4104000000.0,15.87915407854985,34.4425860405275,22.26117722740431,5.667808219178082,2.613044209110775,4.042912873862159,-0.014500118575736,1.3797945099632205,2003-01-29,0.55,bmo,24825000000.0,2025-04-25,2002-12-31,0.0,18.6340625,5803359.0625
2002-09-30,COP,USD,1163165,2002-11-14,2002-11-14 18:05:50,2002,Q3,13781000000.0,11759000000.0,2022000000.0,0.1467237501,0,0.0,0.0,758000000.0,775000000.0,1533000000.0,13292000000.0,0.0,0.0,596000000.0,1011000000.0,0.073361875,489000000.0,0.0354836369,-151000000.0,344000000.0,0.0249619041,398000000.0,-116000000.0,-0.0084173863,-0.12,-0.12,961402000,969402000,https://www.sec.gov/Archives/edgar/data/1163165/000095012902005699/0000950129-02-005699-index.htm,https://www.sec.gov/Archives/edgar/data/1163165/000095012902005699/body.txt,14.334274320211524,-0.1206571236589896,1.9523570785165831,0.9434138892991694,0.537756318376704,31.87220330309277,14.947961414683972,31.195067203937583,21.27413922583893,17132183640.0,37068183640.0,-36.92280956896552,1.2431741992598506,9.127428684070324,18.8888463506064,0.5712441612483745,0.5712441612483745,2.6898036165735437,36.664870069238376,19.74863273308471,40.86900070562293,-0.0067708823602126,0.0529412956958007,0.6819712580440799,0.2639641732486707,19.7190900098912,0.7643307537976498,0.0,-50.729729729729726,0.0080550152216323,-1.1896551724137931,0.0,0.0,0.2099917402302411,0.5167820990942994,0.0703867643857485,1.62751677852349,0.0,,-0.001160751053318,-0.0018950222991848,-42.68999856459629,-3289000000.0,14371000000.0,-36175000000.0,56360000000.0,3037000000.0,4765000000.0,3471500000.0,27.004571511501343,48.340845309975336,33.39314567565269,3.332769044740024,1.861779607346422,2.695163878065552,-0.003867827014771,1.0089431892174137,2002-10-24,0.47,bmo,13781000000.0,2025-04-25,2002-09-30,0.0,19.75765625,5518343.234375
2002-06-30,COP,USD,1163165,2002-06-30,2002-06-29 20:00:00,2002,Q2,11614000000.0,8546000000.0,3068000000.0,0.2641639401,0,0.0,0.0,423000000.0,592000000.0,1015000000.0,9561000000.0,0.0,0.0,419000000.0,1997000000.0,0.1719476494,2053000000.0,0.1767694162,-945000000.0,737000000.0,0.0634578956,371000000.0,351000000.0,0.0302221457,0.46,0.46,767826000,773422000,,,15.125822777556374,0.4571348196075673,0.6902605538233922,-0.4636467116247691,0.1888448684988526,18.827182200133883,14.099548595645368,18.827182200133883,12.548415917147896,17460363240.0,26950363240.0,12.436156153846152,1.5033892922335113,32.94408158490566,-49.045964157303374,1.207828115661317,1.207828115661317,2.320506564491132,13.495424757135703,50.84974196226416,-75.70326752808988,0.0201026745649765,-0.0203890374505175,0.6665052573325955,0.2616571164761154,4.752128192288433,0.856731583403895,0.0,1.50997150997151,0.0078463430638227,0.3903133903133903,0.0,0.0,0.0985796920403009,1.6716981132075472,0.076287239538488,2.114558472553699,0.0,13.915732539916204,0.0318834148475695,0.0105745187238273,-25.367400947610527,-846000000.0,10826000000.0,-17308000000.0,27183000000.0,1817500000.0,3107000000.0,2549500000.0,15.025830893748925,33.847413994851394,27.17060613152352,5.98968540484786,2.658991910392035,3.3124031007751937,0.0242805755395683,1.1539072654481617,2002-07-23,0.51,bmo,12297176470.0,2025-04-25,2002-06-30,-0.0588235294117647,22.80375,3645270.421875
2002-03-31,COP,USD,1163165,2002-03-31,2002-03-30 19:00:00,2002,Q1,8350000000.0,7115000000.0,1235000000.0,0.1479041916,0,0.0,0.0,472000000.0,582000000.0,1054000000.0,8169000000.0,0.0,0.0,415000000.0,1347000000.0,0.1613173653,181000000.0,0.0216766467,-890000000.0,45000000.0,0.0053892216,147000000.0,-102000000.0,-0.0122155689,-0.13,-0.13,764674000,764674000,,,10.919686036140892,-0.1333901767289066,0.7571854149611469,-0.1020042527926933,0.2223169612148444,18.45361552766277,13.667262127390234,18.45361552766277,11.641562286673798,18780393440.0,27512393440.0,-46.030376078431374,2.24914891497006,32.43591267702936,-240.7742748717949,1.3309045028701012,1.3309045028701012,3.294897417964072,20.424939450631037,47.51708711571676,-352.72299282051284,-0.0054311961208838,-0.0041532676218523,0.6308553610658352,0.2495584648594096,6.482553823311061,0.8803727653100039,0.0,-5.676470588235294,0.007348088869431,-1.3529411764705883,0.0,0.0,0.1026043564800538,1.1347150259067358,0.0786826347305389,1.583132530120482,0.0,,-0.0132798170086964,-0.0031864046733935,-24.66214360629497,-629000000.0,10451000000.0,-16931000000.0,26899000000.0,1462500000.0,2765500000.0,2568500000.0,18.280239520958084,37.947997189037245,31.863668306394946,4.923349056603773,2.3716666666666666,2.8245335450575624,-0.0072284033732549,0.8591896677538402,2002-04-25,-0.08855,bmo,11272500000.0,2025-04-25,2002-03-31,0.5063805759457933,22.939166666666665,4132037.65
2001-12-31,COP,USD,1163165,2001-12-31,2001-12-30 19:00:00,2001,Q4,8775000000.0,7336000000.0,1439000000.0,0.163988604,0,0.0,0.0,377000000.0,587000000.0,964000000.0,8300000000.0,0.0,0.0,453000000.0,928000000.0,0.1057549858,475000000.0,0.0541310541,-115000000.0,360000000.0,0.041025641,198000000.0,162000000.0,0.0184615385,0.29,0.29,555644000,555644000,,,15.792485836254867,0.2915535846693206,0.3869383994068144,-1.3965776648357582,0.2555593149570588,25.807891383691715,19.33972111639827,25.807891383691715,15.637710476492142,12907610120.0,21454610120.0,19.91915141975309,1.4709527202279202,60.03539590697674,-16.633518195876288,0.9001122817294283,0.9001122817294283,2.444969814245014,23.119191939655177,99.78888427906976,-27.647693453608248,0.0125507354571382,-0.0601195723132052,0.6059274755927475,0.2467274327739444,9.210129310344827,0.960590048436812,0.0,1.3271604938271604,0.0106138935656045,0.845679012345679,0.0,0.0,0.102052985773916,4.609302325581395,0.1129344729344729,2.1876379690949226,0.0,13.011480431819251,0.0069582343175233,0.0051228536192012,-33.30234826615603,-179000000.0,10746000000.0,-16514000000.0,27211000000.0,1398500000.0,2974000000.0,2617500000.0,12.605128205128205,31.050981461286806,32.11832061068703,7.139951179820993,2.898459107072304,2.802139037433155,0.0112970711297071,1.7835160642425725,2002-01-24,0.34,bmo,9807352941.0,2025-04-25,2001-12-31,-0.1176470588235295,21.56828125,4283009.890625
2001-09-30,COP,USD,1163165,2001-09-30,2001-09-29 20:00:00,2001,Q3,5545000000.0,4060000000.0,1485000000.0,0.2678088368,0,0.0,0.0,236000000.0,438000000.0,674000000.0,4734000000.0,0.0,0.0,301000000.0,1107000000.0,0.1996393147,811000000.0,0.14625789,-90000000.0,721000000.0,0.1300270514,347000000.0,364000000.0,0.065644725,0.66,0.65,555644000,559534000,,,9.979411277724584,0.6550957087631649,2.517799166372713,1.293993996155812,0.358142983637005,25.95546788951199,19.33432197594143,25.95546788951199,14.183541980116765,11368476240.0,19050476240.0,7.808019395604396,2.050221143372408,8.126144560400286,15.811510764951322,0.7882732103730412,0.7882732103730412,3.435613388638413,17.20910229448961,13.617209606862044,26.495794492350488,0.0320183630871537,0.0632450633507239,0.5464568021078907,0.2229420084865629,6.939476061427281,0.8392638036809816,0.0,3.578005115089514,0.0080925533077421,0.2527472527472527,0.0,0.0,0.104073550212164,0.4860614724803431,0.1226330027051397,2.259136212624585,0.0,19.55951435364864,0.0141702088217695,0.0114931640933345,-32.83487268826803,-917000000.0,10743000000.0,-16140000000.0,26205000000.0,1388000000.0,2520500000.0,1575000000.0,25.44995491433724,75.74630541871922,58.01231527093596,3.5363520408163267,1.1881767632426106,1.5513947267863966,0.0252392178616003,1.2238051702169015,2001-10-24,0.65,bmo,5289076923.0,2025-04-25,2001-09-30,0.0461538461538461,21.758813559322032,4507531.779661017
2001-06-30,COP,USD,1163165,2001-06-30,2001-06-29 20:00:00,2001,Q2,4965000000.0,2985000000.0,1980000000.0,0.3987915408,0,0.0,0.0,173000000.0,483000000.0,656000000.0,3641000000.0,0.0,0.0,329000000.0,2122000000.0,0.4273917422,1324000000.0,0.2666666667,-586000000.0,1205000000.0,0.2426988922,587000000.0,619000000.0,0.124672709,1.21,1.2,511618000,515364000,,,9.70450609634532,1.209887064176788,1.3545262285533348,-0.1270479146550746,0.1700487473075615,13.78372144842441,13.78372144842441,13.78372144842441,12.259146472563517,11240247460.0,17425247460.0,4.539679911147012,2.2638967693857,16.219693304473303,-172.926884,1.5939091690300624,1.5939091690300624,3.5096168096676736,8.2117094533459,25.14465722943723,-268.08073015384616,0.0550699619561578,-0.0057827908354608,0.8893930799773114,0.3022068035077575,2.914703110273327,0.7920863309352518,0.0,1.1213592233009708,0.0077400431182322,0.1405492730210016,0.0,0.0,0.0,1.0937950937950938,0.1526686807653575,2.303951367781155,0.0,19.37077157020233,0.0377700915226493,0.0298255757926182,-24.319902739934875,-578000000.0,7052000000.0,-11500000000.0,14546000000.0,1262000000.0,1703500000.0,531500000.0,21.89728096676737,48.96482412060301,16.07035175879397,4.110099337748345,1.8380541871921183,5.600375234521576,0.0877765173000567,1.4815741432084093,2001-07-26,0.95,bmo,3815210526.0,2025-04-25,2001-06-30,0.231578947368421,23.16746031746032,5715040.619047619
2001-03-31,COP,USD,1163165,2001-03-31,2001-03-30 19:00:00,2001,Q1,4904000000.0,3146000000.0,1758000000.0,0.3584828711,0,0.0,0.0,160000000.0,476000000.0,636000000.0,3782000000.0,0.0,0.0,322000000.0,1444000000.0,0.2944535073,1122000000.0,0.2287928222,-104000000.0,1018000000.0,0.2075856444,528000000.0,490000000.0,0.0999184339,0.96,0.96,511112000,514322000,,,9.594765922146223,0.9586939848800264,2.455430512294761,1.1719544835574198,0.2797821221180485,12.709543113838064,12.709543113838064,12.709543113838064,12.531499945217488,10845796640.0,17107796640.0,5.533569714285714,2.211622479608483,8.642069035856574,18.10650524207012,1.669611551724138,1.669611551724138,3.488539282218597,11.84750459833795,13.631710470119522,28.560595392320533,0.0451787928784178,0.0552287692534128,0.9859913793103448,0.3100193610842207,4.336565096952908,0.6604850213980028,0.0,2.561224489795918,0.0080215407763721,0.1775510204081632,0.0,0.0,0.0,0.5227091633466135,0.1337683523654159,2.037267080745341,0.0,16.55755588879962,0.0310075753055214,0.0237173281703775,-24.982782638638888,-1190000000.0,6496000000.0,-11849000000.0,13912000000.0,1547500000.0,1848500000.0,443500000.0,24.151712887438823,51.007628734901466,15.162110616656072,3.726443768996961,1.7644419517666854,5.935849056603773,0.0754310344827586,1.2834760287373412,2001-04-30,0.97,bmo,4954556701.0,2025-04-25,2001-03-31,-0.0103092783505154,21.426451612903225,5546612.0322580645
2000-12-31,COP,USD,1163165,2000-12-31,2000-12-30 19:00:00,2000,Q4,5800000000.0,3637000000.0,2163000000.0,0.3729310345,0,0.0,0.0,139000000.0,487000000.0,626000000.0,4263000000.0,0.0,0.0,331000000.0,1868000000.0,0.3220689655,1537000000.0,0.265,-136000000.0,1401000000.0,0.2415517241,657000000.0,744000000.0,0.1282758621,1.46,1.46,509670678,509880000,,,11.379897354032206,1.4597661433448208,2.5447804945137533,1.2655230678190987,0.2923456389225515,11.954778375537623,11.954778375537623,11.954778375537623,13.506760928475464,11207658209.22,17942658209.22,3.766014183205645,1.9323548636586203,8.641216815127217,17.376214277860463,1.8394318413293944,1.8394318413293944,3.093561760210345,9.605277413929336,13.833969320909793,27.818074742976744,0.066383180688714,0.0575499348712641,1.129821106187428,0.3356575162123945,3.605460385438972,0.7462772050400917,0.0,1.743279569892473,0.0077625493547286,0.1169354838709677,0.0,0.0,0.0,0.5026985350809561,0.1124137931034482,1.9697885196374625,0.0,19.815437574919056,0.0472378435136758,0.0362767565459066,-25.02449238408021,-886000000.0,6093000000.0,-11810000000.0,13898000000.0,1673000000.0,1834000000.0,398000000.0,27.605172413793102,47.36321143799835,8.834204014297498,3.260258572231591,1.9002089864158829,10.18767507002801,0.122107336287543,1.2792574266946548,2001-01-25,1.12,bmo,4557142857.0,2025-04-25,2000-12-31,0.2142857142857142,23.03936507936508,2596584.095238095
2000-09-30,COP,USD,1163165,2000-09-30,2000-09-29 20:00:00,2000,Q3,5225000000.0,3479000000.0,1746000000.0,0.3341626794,0,0.0,0.0,134000000.0,455000000.0,589000000.0,4068000000.0,0.0,0.0,316000000.0,1473000000.0,0.2819138756,1157000000.0,0.2214354067,-219000000.0,938000000.0,0.1795215311,512000000.0,426000000.0,0.0815311005,0.84,0.83,509880000,514784000,,,10.247509217855182,0.835490703694987,2.218168980936691,0.9374754844277084,0.1725896289322978,10.661332078136033,10.661332078136033,10.661332078136033,15.53110535812348,12333997200.0,20164997200.0,7.238261267605634,2.3605736267942583,10.905390981432362,25.80334142259414,2.2689472406181017,2.2689472406181017,3.859329607655503,13.689746911065852,17.82935207780725,42.18618661087866,0.0345386814260019,0.0387546707080491,1.4567696835908757,0.3847910592808552,5.316361167684996,0.6977537674154108,0.0,2.6549295774647885,0.0069725976587703,0.2018779342723004,0.0,0.0,0.0,0.5773651635720601,0.1249760765550239,2.066455696202532,0.0,14.156888302394554,0.0300727152962285,0.0206997084548104,-26.79306895740174,-1063000000.0,5436000000.0,-12690000000.0,13977000000.0,1707000000.0,1800500000.0,595500000.0,26.99138755980861,45.37510778959472,11.356711698764014,3.334396936821953,1.983466362599772,7.924829157175399,0.0783664459161147,1.2806934965089825,2000-10-26,0.74,bmo,3530405405.0,2025-04-25,2000-09-30,0.3243243243243243,22.007142857142856,2760607.888888889
2000-06-30,COP,USD,1163165,2000-06-30,2000-06-29 20:00:00,2000,Q2,5434000000.0,3826000000.0,1608000000.0,0.2959146117,0,0.0,0.0,178000000.0,409000000.0,587000000.0,4413000000.0,0.0,0.0,298000000.0,1319000000.0,0.2427309533,1021000000.0,0.1878910563,-133000000.0,888000000.0,0.1634155318,446000000.0,442000000.0,0.0813397129,0.87,0.87,507972000,511948000,,,10.697440016378856,0.8701266998968447,1.6063877536557134,0.7835077523958014,0.4626239241532998,10.002519823927305,10.002519823927305,10.002519823927305,15.998913325931351,9925772880.0,17817772880.0,5.614124932126697,1.826605241074715,12.163937352941176,24.93912783919598,1.9535077504428264,1.9535077504428264,3.2789423776223776,13.50854653525398,21.83550598039216,44.7682735678392,0.0445305373539838,0.040097633182999,1.5994882897067506,0.4010560600078958,5.983320697498105,0.8415084388185654,0.0,1.8461538461538465,0.0087650605199018,0.1968325791855203,0.0,0.0,0.0,0.5122549019607843,0.0769230769230769,1.4026845637583891,0.0,13.993850085432143,0.0294097482899566,0.0218120805369127,-25.95960013544053,-601000000.0,5081000000.0,-11992000000.0,15047000000.0,1742000000.0,1764000000.0,661000000.0,30.59072506440928,43.44746471510716,17.68949294302143,2.942068218733081,2.071467244179751,5.087765957446808,0.0869907498523912,0.822880001259912,2000-07-27,0.79,bmo,4883721518.0,2025-04-25,2000-06-30,0.10126582278481,19.81206349206349,2443021.238095238
2000-03-31,COP,USD,1163165,2000-03-31,2000-03-30 19:00:00,2000,Q1,4768000000.0,3653000000.0,1115000000.0,0.2338506711,0,0.0,0.0,185000000.0,296000000.0,481000000.0,4134000000.0,0.0,0.0,234000000.0,868000000.0,0.1820469799,634000000.0,0.1329697987,-92000000.0,542000000.0,0.1136744966,292000000.0,250000000.0,0.0524328859,0.5,0.49,507436000,509354000,,,9.39625883855304,0.4926729676254739,1.5174327402864598,0.9281958710063928,0.2581606350357484,9.27210525071142,9.27210525071142,9.27210525071142,7.821676034022024,9047583880.0,12885583880.0,9.04758388,1.8975637332214763,11.750108935064931,19.209307600849257,1.9229721317747075,1.9229721317747075,2.7025133976510065,14.845142718894008,16.73452451948052,27.35792755838641,0.0276316863502789,0.0520580970839255,0.8435706695005314,0.2635108219359979,4.421658986175115,1.014225297962322,0.0,3.08,0.0095053001044959,0.344,0.0,0.0,0.0,0.3883116883116883,0.0627097315436241,1.2777777777777777,0.0,10.138175438661731,0.0233183497611229,0.0165980613464347,-17.171130940650645,37000000.0,4705000000.0,-7719000000.0,10032000000.0,1722500000.0,1674500000.0,542500000.0,30.89974832214765,41.415275116342734,14.043252121543937,2.9126450824679293,2.173111243307555,6.408771929824561,0.053134962805526,0.5892368692800668,2000-04-27,0.52,bmo,4676307692.0,2025-04-25,2000-03-31,0.0192307692307692,15.83904761904762,2145590.380952381
1999-12-31,COP,USD,1163165,1999-12-31,1999-12-30 19:00:00,1999,Q4,4313000000.0,3249000000.0,1064000000.0,0.2466960352,0,0.0,0.0,166000000.0,290000000.0,456000000.0,3705000000.0,0.0,0.0,231000000.0,839000000.0,0.1945281706,608000000.0,0.140969163,-120000000.0,488000000.0,0.1131463019,238000000.0,250000000.0,0.057964294,0.49,0.49,506602000,506612000,,,8.513586602500583,0.4934840367783782,1.077769136323978,0.4086047824524972,0.2724031883016648,8.979435533219371,8.979435533219371,8.979435533219371,8.491873304882334,9179628240.0,13343628240.0,9.17962824,2.128362680268954,16.812505934065936,44.34603014492754,2.0179442163112773,2.0179442163112773,3.0938159610479943,15.904205292014304,24.43887956043956,64.46197217391304,0.0272342183652526,0.0225499328064292,0.9457023521653112,0.2830076968620486,4.963051251489869,1.1003968253968257,0.0,2.184,0.0093685711176469,0.344,0.0,0.0,0.0,0.6208791208791209,0.0785995826570832,1.4675324675324677,0.0,9.985098003314585,0.0245024708807477,0.0164462864285244,-17.569018677383824,253000000.0,4549000000.0,-7879000000.0,11339000000.0,1778000000.0,1682500000.0,545000000.0,37.72779967539995,46.204986149584485,14.265927977839334,2.3855088495575223,1.9478417266187047,6.30873786407767,0.0549571334359199,0.669164353871481,2000-01-24,0.38,bmo,3859000000.0,2025-04-25,1999-12-31,0.1052631578947368,18.30390625,1390945.296875
1999-09-30,COP,USD,1163165,1999-09-30,1999-09-29 20:00:00,1999,Q3,3769000000.0,2826000000.0,943000000.0,0.2501989918,0,0.0,0.0,150000000.0,282000000.0,432000000.0,3258000000.0,0.0,0.0,229000000.0,740000000.0,0.1963385513,511000000.0,0.1355797294,-97000000.0,414000000.0,0.1098434598,193000000.0,221000000.0,0.058636243,0.44,0.44,506612000,510890000,,,7.439618485152345,0.4362312775852131,1.3955453088359533,0.673098939622433,0.3553014930558297,8.65553915027674,8.65553915027674,8.65553915027674,8.860824457375664,9519239480.0,13828239480.0,10.768370452488687,2.5256671477845583,13.464270834512025,27.915658299120235,2.170864191562144,2.170864191562144,3.668941225789334,18.68681010810811,19.55903745403112,40.55202193548387,0.0232161403717516,0.035822189442386,1.0237172177879132,0.2955039167928379,5.822972972972973,1.072972972972973,0.0,3.1990950226244346,0.0090343351672879,0.3891402714932127,0.0,0.0,0.0,0.5176803394625177,0.0971079862032369,1.5982532751091705,0.0,9.217151419422716,0.0215687667618182,0.0145480876834968,-17.819356825341682,189000000.0,4385000000.0,-8027000000.0,11290000000.0,1627500000.0,1538000000.0,560500000.0,41.74051472539135,54.04458598726114,18.312101910828027,2.156178489702518,1.6652916912197997,4.914782608695652,0.0503990877993158,0.7224463692135205,1999-10-28,0.36,bmo,3350222222.0,2025-04-25,1999-09-30,0.1111111111111112,20.03671875,1484812.171875
1999-06-30,COP,USD,1163165,1999-06-30,1999-06-29 20:00:00,1999,Q2,3231000000.0,2456000000.0,775000000.0,0.2398638193,0,0.0,0.0,174000000.0,280000000.0,454000000.0,2910000000.0,0.0,0.0,222000000.0,543000000.0,0.1680594243,321000000.0,0.0993500464,-137000000.0,184000000.0,0.0569483132,116000000.0,68000000.0,0.0210461158,0.14,0.14,505162000,509280000,,,6.395968026098559,0.1346102834338291,1.0273931926787845,-0.1939971731840478,0.2909957597760718,8.359694513839125,8.359694513839125,8.359694513839125,9.3118643128343,9795091180.0,14352091180.0,36.011364632352944,3.031597393995667,18.873008053949903,-99.94991,2.31946274686242,2.31946274686242,4.441996651191581,26.431107145488028,27.653354874759152,-146.44991,0.006942252884674,-0.0100050115102654,1.1139000710395452,0.3185912631222485,8.392265193370166,1.1620866325104795,0.0,7.632352941176471,0.0087799080600289,1.2647058823529411,0.0,0.0,0.0,1.188824662813102,0.1909625502940266,2.779279279279279,0.0,5.031825620824166,0.009345394263637,0.004605485946495,-17.79973553038431,348000000.0,4223000000.0,-8047000000.0,11312000000.0,1431000000.0,1364000000.0,542500000.0,41.977715877437326,50.53338762214984,20.00814332247557,2.143994691439947,1.7810007251631617,4.498168498168498,0.0161022969452995,1.2213903658628322,1999-07-27,0.21,bmo,2923285714.0,2025-04-25,1999-06-30,0.0952380952380953,19.406666666666663,1693505.5396825396
1999-03-31,COP,USD,1163165,1999-03-31,1999-03-30 19:00:00,1999,Q1,2539000000.0,1904000000.0,635000000.0,0.250098464,0,0.0,0.0,175000000.0,281000000.0,456000000.0,2360000000.0,0.0,0.0,220000000.0,399000000.0,0.1571484837,179000000.0,0.0705001969,-80000000.0,99000000.0,0.038991729,29000000.0,70000000.0,0.0275699094,0.14,0.14,504216000,506854000,,,5.0355403239881324,0.1388293905786409,0.3351738143970044,-0.3946721246449934,0.4145048947276564,8.339679819759786,8.339679819759786,8.339679819759786,9.136957177082838,9181773360.0,13579773360.0,32.792047714285715,3.6162951398188254,54.33001988165681,-46.139564623115575,2.1835370653983355,2.1835370653983355,5.348473162662466,34.03451969924812,80.35368852071007,-68.24006713567839,0.0076237995924569,-0.0216733731271275,1.0956004756242568,0.3186030428769018,11.022556390977444,1.243795620437956,0.0,2.414285714285714,0.009366382356447,1.2285714285714286,0.0,0.0,0.0,2.1775147928994083,0.1449389523434423,1.6727272727272726,0.0,5.103952880607385,0.0101074633896866,0.0048409405255878,-17.374002411664843,501000000.0,4205000000.0,-7699000000.0,11111000000.0,1318500000.0,1344500000.0,539500000.0,48.03072075620323,63.765756302521005,25.477941176470587,1.87380073800738,1.4114158636026686,3.5324675324675323,0.0166468489892984,0.7298459390419979,1999-04-27,,bmo,,2025-04-25,1999-03-31,,15.915245901639343,2250826.934426229
1998-12-31,COP,USD,1163165,1998-12-31,1998-12-30 19:00:00,1998,Q4,2678000000.0,2284000000.0,394000000.0,0.1471247199,0,0.0,0.0,223000000.0,598000000.0,821000000.0,3105000000.0,0.0,0.0,549000000.0,122000000.0,0.0455563854,-427000000.0,-0.1594473488,-31000000.0,-458000000.0,-0.1710231516,-248000000.0,-210000000.0,-0.0784167289,-0.41,-0.41,507476000,513558000,,,5.277096847929754,-0.4138126729145812,-0.0906446807336701,-1.0325611457487645,0.1911420441557827,8.313693652507705,8.313693652507705,8.313693652507705,8.420102625542883,8337830680.0,12513830680.0,-9.925988904761905,3.1134543241224795,-181.2571886956522,-15.911890610687022,1.9762575681441097,1.9762575681441097,4.672826990291262,102.57238262295084,-272.0397973913044,-23.881356259541985,-0.025186407359378,-0.0628460831253052,1.012799241526428,0.3005768148564997,34.22950819672131,1.101782363977486,0.0,0.219047619047619,0.0104343687631709,-0.4142857142857143,0.0,0.0,0.0,-10.391304347826088,0.1784914115011202,0.8706739526411658,0.0,,-0.0159812281610377,-0.0147720877884074,-17.081595976952606,217000000.0,4219000000.0,-7648000000.0,10802000000.0,1328000000.0,1446500000.0,569500000.0,43.08439133681852,52.80210157618214,21.2784588441331,2.088923556942277,1.7044776119402985,4.229629629629629,-0.0497748281583313,0.9419164650150944,1999-01-26,-0.20446,bmo,54098378339.0,2025-04-25,1998-12-31,0.9999510906778832,16.7459375,1870827.125
1998-09-30,COP,USD,1163165,1998-09-30,1998-09-29 20:00:00,1998,Q3,2913000000.0,2278000000.0,635000000.0,0.2179883282,0,0.0,0.0,135000000.0,322000000.0,457000000.0,2735000000.0,0.0,0.0,270000000.0,448000000.0,0.1537933402,178000000.0,0.0611053896,-70000000.0,108000000.0,0.0370751802,62000000.0,46000000.0,0.0157912805,0.09,0.09,513558000,517318000,,,5.672192819506268,0.0895711876750045,1.1040622480810347,-0.3212879557907773,0.2472943659722952,9.033059557051004,9.033059557051004,9.033059557051004,7.046915830344382,8930773620.0,12422773620.0,48.53681315217391,3.065833717816684,15.750923492063492,-54.12590072727273,1.9251505971114464,1.9251505971114464,4.264597878475798,27.72940540178572,21.90965365079365,-75.28953709090909,0.0051507295960324,-0.0184754431162034,0.7801250269454624,0.2502420135527589,7.794642857142857,0.9748557295960428,0.0,12.326086956521738,0.0098535696619751,1.9130434782608696,0.0,0.0,0.0,1.291005291005291,0.2512873326467559,2.7111111111111112,0.0,4.266707411979694,0.0062347709551656,0.0031807495505462,-16.29027295845844,-61000000.0,4639000000.0,-7458000000.0,10794000000.0,1400500000.0,1514000000.0,605000000.0,42.45108135942327,61.35645302897278,23.66549604916593,2.120087336244542,1.466838377334192,3.8030050083472458,0.0099159301573615,1.425350203871812,1998-10-22,0.16,bmo,3459187500.0,2025-04-25,1998-09-30,-0.1875,17.61796875,1631347.328125
1998-06-30,COP,USD,1163165,1998-06-30,1998-06-29 20:00:00,1998,Q2,3000000000.0,2183000000.0,817000000.0,0.2723333333,0,0.0,0.0,139000000.0,312000000.0,451000000.0,2634000000.0,0.0,0.0,252000000.0,618000000.0,0.206,366000000.0,0.122,-47000000.0,319000000.0,0.1063333333,161000000.0,158000000.0,0.0526666667,0.31,0.3,520766000,525430000,,,5.760744749081161,0.3033992234516078,0.8986761808566611,0.0806504264871362,0.2496322724601836,9.2959217767673,9.2959217767673,9.2959217767673,6.010377021541345,9670624620.0,12670624620.0,15.301621234177215,3.22354154,20.663727820512825,230.25296714285716,1.997650200371824,1.997650200371824,4.22354154,20.50262883495145,27.07398423076923,301.6815385714286,0.0163381380426283,0.0043430493531037,0.6465606279694278,0.2243245180247975,4.854368932038835,1.107159142726858,0.0,2.962025316455696,0.0092031283911007,0.5632911392405063,0.0,0.0,0.0,0.9102564102564102,0.142,1.6904761904761905,0.0,7.966081068355193,0.0152771782289907,0.0113237296638715,-14.60588824923286,235000000.0,4841000000.0,-6684000000.0,10544000000.0,1494500000.0,1455500000.0,569000000.0,42.81,60.81081081081081,25.190105359596885,2.102312543798178,1.48,3.572831423895254,0.0326378847345589,0.8180257543695248,1998-07-23,0.28,bmo,2785714285.0,2025-04-25,1998-06-30,0.0714285714285712,19.1715873015873,1487008.761904762
1998-03-31,COP,USD,1163165,1998-03-31,1998-03-30 19:00:00,1998,Q1,3254000000.0,2303000000.0,951000000.0,0.2922556853,0,0.0,0.0,144000000.0,296000000.0,440000000.0,2743000000.0,0.0,0.0,231000000.0,742000000.0,0.2280270436,511000000.0,0.1570374923,-59000000.0,452000000.0,0.1389059619,209000000.0,243000000.0,0.0746773202,0.47,0.46,524512000,528734000,,,6.203861875419437,0.463287779879202,1.2220883411628332,0.4289701665548167,0.3698676102739308,9.319138551644196,9.319138551644196,9.319138551644196,5.772985174791044,10096856000.0,12930856000.0,10.387711934156378,3.102905961893055,15.751725429017162,44.87491555555555,2.0656415711947624,2.0656415711947624,3.973834050399508,17.42702964959569,20.172942277691103,57.47047111111111,0.0240668976560624,0.0222841644963541,0.6194762684124386,0.2168433113720997,3.819407008086253,1.1373674911660778,0.0,2.6378600823045266,0.0088146250674467,0.3662551440329218,0.0,0.0,0.0,0.6489859594383776,0.1278426551936078,1.800865800865801,0.0,9.85608785089212,0.0232832465928191,0.0174018905757662,-14.197959245927644,311000000.0,4888000000.0,-6501000000.0,10484000000.0,1639500000.0,1491000000.0,513500000.0,43.20221266133989,56.11810681719496,20.59487624837169,2.083226632522407,1.6037604456824512,4.370018975332068,0.0497135842880523,0.7931181746080166,1998-04-23,0.29,bmo,2805172413.0,2025-04-25,1998-03-31,0.1379310344827587,18.131967213114752,1850313.491803279
1997-12-31,COP,USD,1163165,1997-12-31,1997-12-30 19:00:00,1997,Q4,3772000000.0,2841000000.0,931000000.0,0.2468186638,0,0.0,0.0,164000000.0,303000000.0,467000000.0,3308000000.0,0.0,0.0,241000000.0,705000000.0,0.1869034995,464000000.0,0.1230116649,-65000000.0,399000000.0,0.1057794274,190000000.0,209000000.0,0.0554082715,0.4,0.4,526382000,527006000,,,7.16589852996493,0.3970500511035711,0.7352075108951294,-0.7200094228146099,0.3096610446405842,9.14544950245259,9.14544950245259,9.14544950245259,5.716380879285386,9864398680.0,12710398680.0,11.799519952153108,2.615164019088017,25.489402273901806,-26.027437150395777,2.0491064977149978,2.0491064977149978,3.369670911983033,18.02893429787234,32.843407441860464,-33.53667197889182,0.0211873026202546,-0.0384209937467774,0.6250519318653927,0.2170995670995671,4.036879432624113,1.0830265848670757,0.0,1.8516746411483256,0.0091237188316885,0.430622009569378,0.0,0.0,0.0,1.979328165374677,0.2030752916224814,3.178423236514522,0.0,9.038917348170822,0.0208642474931426,0.015079365079365,-13.954219559179457,203000000.0,4814000000.0,-6398000000.0,10225000000.0,1748500000.0,1568000000.0,532500000.0,40.96765641569459,48.97571277719113,15.83949313621964,2.1968549796156087,1.8376455368693403,5.682,0.0434150394682176,1.4552169337097394,1998-01-26,0.38,bmo,3573473684.0,2025-04-25,1997-12-31,0.0526315789473684,18.9509375,1460042.078125
1997-09-30,COP,USD,1163165,1997-09-30,1997-09-29 20:00:00,1997,Q3,3895000000.0,2877000000.0,1018000000.0,0.2613607189,0,0.0,0.0,171000000.0,315000000.0,486000000.0,3363000000.0,0.0,0.0,250000000.0,782000000.0,0.2007702182,532000000.0,0.1365853659,-66000000.0,466000000.0,0.1196405648,250000000.0,216000000.0,0.0554557125,0.41,0.41,527006000,531568000,,,7.390807694789053,0.4098625063092261,1.4515963765118425,0.493353016853698,1.7058629313518252,8.958152279101187,8.958152279101187,8.958152279101187,5.424985673787395,10487419400.0,12447419400.0,12.138216898148146,2.692533863928113,13.70904496732026,40.33622846153846,2.2214402457106543,2.2214402457106543,3.195743106546855,15.917416112531969,16.271136470588235,47.87469,0.0205961058446847,0.0247916088871205,0.605592035585681,0.2011114237478897,2.506393861892583,1.234856535600425,0.0,3.5416666666666665,0.008486358426745,0.412037037037037,0.0,0.0,0.0,0.6601307189542484,0.1296534017971758,2.02,0.0,9.089072656920104,0.0209955108282768,0.0151941474395047,-13.241784723513584,663000000.0,4721000000.0,-6009000000.0,10211000000.0,1771000000.0,1545000000.0,543000000.0,41.12965340179718,49.73931178310741,17.674661105318037,2.188202247191011,1.8094339622641509,5.092035398230088,0.045753018428299,0.9582433596581444,1997-10-22,0.46,bmo,3810326086.0,2025-04-25,1997-09-30,0.0217391304347825,18.25703125,1532003.828125
1997-06-30,COP,USD,1163165,1997-06-30,1997-06-29 20:00:00,1997,Q2,3763000000.0,2841000000.0,922000000.0,0.2450172735,0,0.0,0.0,135000000.0,251000000.0,386000000.0,3227000000.0,0.0,0.0,189000000.0,725000000.0,0.1926654265,536000000.0,0.1424395429,6000000.0,542000000.0,0.1440340154,235000000.0,307000000.0,0.0815838427,0.59,0.57,526686000,530726000,,,7.144674436001717,0.5828899951773923,0.8638923381293598,0.1158185332437163,1.4695663070596143,8.707275302552185,8.707275302552185,8.707275302552185,5.44726839141348,8879925960.0,10974925960.0,7.231210065146579,2.359799617326601,19.51632079120879,145.57255672131149,1.936311809856084,1.936311809856084,2.9165362636194527,15.137828910344828,24.1207163956044,179.91681901639345,0.0345723603308061,0.0068694266455347,0.6255996511120803,0.207552629675179,2.889655172413793,1.3083751447317638,0.0,1.482084690553746,0.0101352196409529,0.2931596091205212,0.0,0.0,0.0,0.865934065934066,0.1047036938612809,2.0846560846560847,0.0,10.68625904281005,0.0261860855627704,0.0222093612095782,-13.064710282787088,799000000.0,4586000000.0,-5847000000.0,10078000000.0,1747500000.0,1523500000.0,486500000.0,42.1419080520861,47.51847940865892,16.504751847940867,2.1356413166855845,1.894,5.452975047984645,0.0669428696031399,0.7480738048856435,1997-07-24,0.39,bmo,3570025641.0,2025-04-25,1997-06-30,0.0512820512820511,15.901875,1837761.78125
1997-03-31,COP,USD,1163165,1997-03-31,1997-03-30 19:00:00,1997,Q1,3994000000.0,3009000000.0,985000000.0,0.2466199299,0,0.0,0.0,161000000.0,257000000.0,418000000.0,3427000000.0,0.0,0.0,183000000.0,750000000.0,0.1877816725,567000000.0,0.1419629444,-74000000.0,493000000.0,0.1234351527,266000000.0,227000000.0,0.0568352529,0.43,0.43,527064000,531610000,,,7.577827360624137,0.4306877343168951,1.2104791827937404,0.4932987265303644,1.6335777059332452,8.32915926718577,8.32915926718577,8.32915926718577,5.494588892430521,8306528640.0,10341528640.0,9.148159295154183,2.079751787681522,13.01963736677116,31.94818707692308,1.8921477539863325,1.8921477539863325,2.589266059088633,13.788704853333334,16.209292539184954,39.77511015384616,0.0273279019236608,0.0313006806174089,0.6596810933940774,0.2120524273266456,2.713333333333334,1.2042459736456808,0.0,2.8105726872246697,0.0101125275840859,0.3700440528634361,0.0,0.0,0.0,0.5924764890282131,0.0946419629444166,2.065573770491804,0.0,8.984069317678276,0.0231735329586697,0.0166215127773303,-13.05391755080977,558000000.0,4390000000.0,-5977000000.0,9790000000.0,1860500000.0,1670000000.0,462000000.0,39.05107661492239,46.271186440677965,13.519441674975075,2.3046739757645702,1.945054945054945,6.657079646017699,0.0517084282460136,0.717180456263376,1997-04-23,0.48,bmo,4077208333.0,2025-04-25,1997-03-31,-0.0208333333333333,16.691475409836066,1580020.0655737706
1996-12-31,COP,USD,1163165,1996-12-31,1996-12-30 19:00:00,1996,Q4,4333000000.0,3372000000.0,961000000.0,0.2217862913,0,0.0,0.0,116000000.0,371000000.0,487000000.0,3859000000.0,0.0,0.0,308000000.0,782000000.0,0.1804754212,474000000.0,0.1093930302,-61000000.0,413000000.0,0.0953150242,213000000.0,200000000.0,0.0461573967,0.38,0.38,526360000,526360000,,,8.232008511285052,0.3799680826810548,1.2500949920206703,0.3305722319325176,1.1684018542442436,8.07622159738582,8.07622159738582,8.07622159738582,5.944600653545102,8979701600.0,11493701600.0,11.224626999999998,2.0723982460189245,13.646962917933129,51.60748045977011,2.1123739355445776,2.1123739355445776,2.652596722824833,14.697828132992328,17.46763161094225,66.05575632183908,0.0222724550223361,0.0193770358694324,0.7360621030345801,0.2309565987599645,3.214833759590793,1.0538731271915842,0.0,3.29,0.0094657933844928,0.425,0.0,0.0,0.0,0.7355623100303952,0.1117009000692361,1.5714285714285714,0.0,8.309385946174684,0.0208957625465498,0.0147623265426631,-13.21339007523368,169000000.0,4251000000.0,-5991000000.0,9289000000.0,1844500000.0,1637000000.0,488000000.0,41.29240710823909,47.855871886121,12.597864768683277,2.1795774647887325,1.8806469604015617,7.1440677966101696,0.0470477534697718,0.9195227600881526,1997-01-23,0.49,bmo,4421428571.0,2025-04-25,1996-12-31,-0.0204081632653061,16.51703125,1317394.796875
1996-09-30,COP,USD,1163165,1996-09-30,1996-09-29 20:00:00,1996,Q3,3897000000.0,2989000000.0,908000000.0,0.2329997434,0,0.0,0.0,132000000.0,274000000.0,406000000.0,3395000000.0,0.0,0.0,205000000.0,707000000.0,0.1814216064,502000000.0,0.1288170387,-67000000.0,435000000.0,0.1116243264,248000000.0,187000000.0,0.04798563,0.36,0.35,526360000,526360000,,,7.403678091040352,0.3552701573067862,1.2348962687134282,0.5642526027813664,0.6573447830382247,7.793145375788434,7.793145375788434,7.793145375788434,5.481039592674216,8674412800.0,11213412800.0,11.596808556149732,2.225920656915576,13.34525046153846,29.206777104377103,2.114678888347148,2.114678888347148,2.877447472414678,15.860555586987273,17.251404307692308,37.75559865319865,0.0215576551763826,0.0342386288095489,0.7033154558751828,0.2231417743058241,3.591230551626591,1.1060424169667866,0.0,3.475935828877005,0.0096836525925996,0.4491978609625668,0.0,0.0,0.0,0.5430769230769231,0.0905824993584808,1.721951219512195,0.0,7.892725741488029,0.0206311949187929,0.01446360894114,-13.21006535451022,265000000.0,4102000000.0,-6063000000.0,9114000000.0,1759000000.0,1501000000.0,513500000.0,39.28406466512702,44.59350953496153,15.175644028103044,2.291005291005291,2.0182309250506414,5.930555555555555,0.045587518283764,0.6706436659320617,1996-10-23,0.39,bmo,,2025-04-25,1996-09-30,0.0256410256410256,15.94453125,1170342.8125
1996-06-30,COP,USD,1163165,1996-06-30,1996-06-29 20:00:00,1996,Q2,3975000000.0,3075000000.0,900000000.0,0.2264150943,0,0.0,0.0,135000000.0,253000000.0,388000000.0,3463000000.0,0.0,0.0,187000000.0,699000000.0,0.1758490566,512000000.0,0.1288050314,-69000000.0,443000000.0,0.1114465409,222000000.0,221000000.0,0.0555974843,0.42,0.42,525898000,525898000,,,7.558499937250189,0.4202335814169287,0.1331056592723303,-0.6103845232345436,0.424036600253281,7.5718105031774225,7.5718105031774225,7.5718105031774225,5.67220259441945,8540583519.999999,11300583520.0,9.661293574660633,2.148574470440251,122.008336,-26.60617919003115,2.144797468608739,2.144797468608739,2.842914093081761,16.16678615164521,161.43690742857143,-35.204310031152644,0.0258764520576926,-0.0375852538937526,0.7491210447011551,0.2336675544414851,3.948497854077253,1.171343537414966,0.0,0.3167420814479638,0.009367041468848,0.3619909502262443,0.0,0.0,0.0,5.585714285714285,0.0983647798742138,2.090909090909091,0.0,8.461288526289168,0.0244586921283311,0.0173116089613034,-13.190295456533397,403000000.0,3982000000.0,-6029000000.0,9129000000.0,1720000000.0,1492000000.0,497500000.0,41.13962264150943,44.51707317073171,15.307317073170733,2.1876719867914143,2.021696252465483,5.879541108986616,0.0554997488699146,0.7434901825068739,1996-07-24,0.41,bmo,,2025-04-25,1996-06-30,0.024390243902439,15.567460317460318,1912791.142857143
1996-03-31,COP,USD,1163165,1996-03-31,1996-03-30 19:00:00,1996,Q1,3602000000.0,2792000000.0,810000000.0,0.2248750694,0,0.0,0.0,126000000.0,307000000.0,433000000.0,3225000000.0,0.0,0.0,241000000.0,618000000.0,0.1715713493,377000000.0,0.1046640755,504000000.0,881000000.0,0.2445863409,186000000.0,695000000.0,0.192948362,1.33,1.32,524618000,524618000,,,6.865948175624931,1.324773454208586,1.3476472404683026,0.7453042022957657,0.3126084122161268,7.287207072574711,7.287207072574711,7.287207072574711,5.583109996225826,7963701240.0,10728701240.0,2.8646407338129496,2.210910949472515,11.26407530410184,20.367522352941176,2.083102600052315,2.083102600052315,2.9785400444197667,17.360357993527508,15.174966393210749,27.439133606138107,0.087270978538115,0.0490977735372704,0.7661522364635104,0.239375612945407,4.47411003236246,0.9919093851132686,0.0,1.0172661870503596,0.0100455802633801,0.1151079136690647,0.0,0.0,0.0,0.4469589816124469,0.087729039422543,1.3112033195020747,0.0,14.738138142724504,0.0304003226426624,0.0567996077149395,-12.953711081205752,-20000000.0,3823000000.0,-5961000000.0,8519000000.0,1572500000.0,1478500000.0,488500000.0,40.55247084952804,47.15974212034384,15.214899713467048,2.219346888478127,1.9084073820915928,5.915254237288136,0.1817944023018571,0.602343038172537,1996-04-24,0.32,bmo,,2025-04-25,1996-03-31,0.25,13.534126984126983,2299494.6507936507
1995-12-31,COP,USD,1163165,1995-12-31,1995-12-30 19:00:00,1995,Q4,3346000000.0,2647000000.0,699000000.0,0.2089061566,0,0.0,0.0,137000000.0,254000000.0,391000000.0,3038000000.0,0.0,0.0,189000000.0,497000000.0,0.1485355649,308000000.0,0.0920502092,-74000000.0,234000000.0,0.0699342499,125000000.0,109000000.0,0.0325762104,0.21,0.21,524188000,524308000,,,6.3832060253191605,0.207940662510397,0.6047448625302373,-0.4940975375247048,0.1278167375063908,6.081787450304089,6.081787450304089,6.081787450304089,5.944432150297222,6893072200.0,9942072200.0,15.809798623853212,2.0600933054393304,21.744707255520503,-26.61417837837838,2.162193287327478,2.162193287327478,2.9713306037059177,20.004169416498996,31.36300378548896,-38.38637915057915,0.0158129781376727,-0.0375739572262132,0.9774153074027604,0.2601435965937552,6.134808853118712,0.855772646536412,0.0,2.908256880733945,0.0116058555138882,0.7339449541284404,0.0,0.0,0.0,1.8170347003154577,0.1721458457860131,3.047619047619047,0.0,5.33428959772828,0.0156251454443569,0.0091000166972783,-13.98162491319908,-406000000.0,3188000000.0,-6381000000.0,8087000000.0,1470000000.0,1406500000.0,545000000.0,40.93843395098625,50.79712882508501,17.170381564034756,2.1984231274638635,1.7717536813922357,5.241584158415842,0.0341907151819322,1.0988424000549422,1996-01-24,0.25,bmo,,2025-04-25,1995-12-31,0.0,12.573809523809524,1208717.5396825396
1995-09-30,COP,USD,1163165,1995-09-30,1995-09-29 20:00:00,1995,Q3,3415000000.0,2659000000.0,756000000.0,0.2213762811,0,0.0,0.0,142000000.0,252000000.0,394000000.0,3053000000.0,0.0,0.0,190000000.0,552000000.0,0.1616398243,362000000.0,0.1060029283,-71000000.0,291000000.0,0.0852122987,155000000.0,136000000.0,0.0398243045,0.26,0.26,524308000,524308000,,,6.513347116580331,0.2593895191376061,1.003227110782212,0.3719187958223029,0.2727404502696888,6.015548112941248,6.015548112941248,6.015548112941248,5.538729143938296,6569579240.0,9330579240.0,12.076432426470587,1.9237420907759883,12.489694372623577,33.69014994871795,2.082935713379835,2.082935713379835,2.7322340380673498,16.903223260869567,17.73874380228137,47.84912430769231,0.0207014779838472,0.0296822662268398,0.9207355738744452,0.2473805264502939,5.001811594202898,0.8718502519798416,0.0,3.8676470588235294,0.0121773399904983,0.5882352941176471,0.0,0.0,0.0,0.629277566539924,0.0969253294289897,1.7421052631578948,0.0,5.925228095036655,0.0188210179757695,0.0115853139108953,-13.514956857419683,-356000000.0,3154000000.0,-6163000000.0,7925000000.0,1492500000.0,1347000000.0,572500000.0,37.37042459736457,44.64460323429861,19.800676946220385,2.408321579689704,2.015921152388173,4.545299145299145,0.0431198478123018,0.631308314959909,1995-10-24,0.27,bmo,,2025-04-25,1995-09-30,0.037037037037037,13.027936507936507,1414460.5396825396
1995-06-30,COP,USD,1163165,1995-06-30,1995-06-29 20:00:00,1995,Q2,3636000000.0,2847000000.0,789000000.0,0.2169966997,0,0.0,0.0,107000000.0,350000000.0,457000000.0,3304000000.0,0.0,0.0,281000000.0,613000000.0,0.1685918592,332000000.0,0.0913091309,-76000000.0,256000000.0,0.0704070407,143000000.0,113000000.0,0.0310781078,0.21,0.21,524056000,524056000,,,6.938189811775841,0.2156258109820324,0.7651854000335842,0.190819301754011,0.2327995481398934,5.9001328102340205,5.9001328102340205,5.9001328102340205,5.734120017708031,6739360160.0,9622360160.0,14.91008884955752,1.8535093949394936,16.806384438902743,67.3936016,2.1796119534282017,2.1796119534282017,2.646413685368537,15.69716176182708,23.9959106234414,96.2236016,0.0167671703718532,0.0148382038688966,0.9718628719275548,0.256071580741372,4.703099510603589,0.9540530444527456,0.0,3.5486725663716814,0.0118705630951173,0.7079646017699115,0.0,0.0,0.0,0.7506234413965087,0.0827832783278327,1.0711743772241993,0.0,5.350230905992675,0.0161288658375522,0.0096293140178951,-13.482814813684032,-123000000.0,3092000000.0,-6089000000.0,8053000000.0,1491000000.0,1314000000.0,548500000.0,38.78712871287129,43.4668071654373,17.702845100105375,2.320357370772176,2.0705454545454547,5.083928571428571,0.0365459249676584,0.5743660982795732,1995-07-26,0.32,bmo,,2025-04-25,1995-06-30,0.0625,13.553333333333333,1543195.0793650793
1995-03-31,COP,USD,1163165,1995-03-31,1995-03-30 19:00:00,1995,Q1,3124000000.0,2370000000.0,754000000.0,0.2413572343,0,0.0,0.0,114000000.0,281000000.0,395000000.0,2765000000.0,0.0,0.0,211000000.0,570000000.0,0.1824583867,359000000.0,0.1149167734,-76000000.0,283000000.0,0.0905889885,172000000.0,111000000.0,0.03553137,0.22,0.22,523350000,523350000,,,5.969236648514379,0.2120951562052164,0.6725900449030285,0.1987197859940766,0.3783319002579535,5.787713767077482,5.787713767077482,5.787713767077482,5.911913633323779,7389702000.0,10285702000.0,16.643472972972972,2.3654615877080665,20.99347159090909,71.05482692307692,2.4396507098052163,2.4396507098052163,3.292478233034571,18.045091228070177,29.22074431818182,98.90098076923076,0.0150209034139671,0.0140736392347079,1.0214592274678111,0.2676007611139941,5.080701754385965,0.9674732249107496,0.0,3.171171171171171,0.0098786121551315,0.6576576576576577,0.0,0.0,0.0,0.7045454545454546,0.0793854033290653,1.1753554502369667,0.0,5.255453001286954,0.0155435685262337,0.0096004151530877,-13.385401738798128,-82000000.0,3029000000.0,-6094000000.0,8095000000.0,1438500000.0,1312000000.0,532000000.0,40.76504481434059,47.58227848101266,20.39240506329114,2.207773851590106,1.89146049481245,4.41340782122905,0.0366457576758006,0.4738702589089519,1995-04-26,0.22,bmo,,2025-04-25,1995-03-31,0.0454545454545455,12.79873015873016,1259560.9206349207
1994-12-31,COP,USD,1163165,1994-12-31,1994-12-30 19:00:00,1994,Q4,3068000000.0,2388000000.0,680000000.0,0.221642764,0,0.0,0.0,113000000.0,267000000.0,380000000.0,2768000000.0,0.0,0.0,198000000.0,498000000.0,0.1623207301,300000000.0,0.0977835724,-71000000.0,229000000.0,0.0746414602,67000000.0,162000000.0,0.0528031291,0.31,0.31,523138000,523138000,,,5.864609338262562,0.3096697238587141,0.7913781831944917,-0.0898424507491331,0.3689275105230359,5.644782065152981,5.644782065152981,5.644782065152981,5.971655662559401,6602001560.0,9533001560.0,10.188274012345678,2.1518909908735333,15.946863671497583,-140.46811829787234,2.235693044361666,2.235693044361666,3.107236492829205,19.142573413654617,23.02657381642512,-202.82982042553192,0.0245380129840502,-0.0071190531496935,1.057907213003725,0.273172437915355,5.885542168674699,1.0098320360507989,0.0,2.555555555555556,0.0110572527644177,0.4506172839506173,0.0,0.0,0.0,1.1135265700483092,0.1502607561929596,2.3282828282828283,0.0,6.27139596306654,0.0235467740192841,0.0141657922350472,-13.246982631733882,24000000.0,2953000000.0,-6018000000.0,8066000000.0,1412000000.0,1261500000.0,534000000.0,42.88787483702738,51.67085427135679,19.86180904522613,2.098495212038304,1.7417943107221006,4.531309297912713,0.0548594649508973,0.8812206339436248,1995-01-26,0.2,bmo,,2025-04-25,1994-12-31,-0.05,13.084126984126984,1191052.111111111
1994-09-30,COP,USD,1163165,1994-09-30,1994-09-29 20:00:00,1994,Q3,3347000000.0,2662000000.0,685000000.0,0.2046608903,0,0.0,0.0,139000000.0,262000000.0,401000000.0,3063000000.0,0.0,0.0,191000000.0,475000000.0,0.1419181356,284000000.0,0.0848521064,-50000000.0,234000000.0,0.0699133552,115000000.0,119000000.0,0.0355542277,0.23,0.23,523138000,523138000,,,6.397929418241458,0.2274734391307838,0.7130049814771628,0.323050514395819,0.2752619767633014,5.455539456128211,5.455539456128211,5.455539456128211,6.191482935668982,6905421600.0,10000421600.0,14.507188235294116,2.063167493277562,18.513194638069702,40.860482840236685,2.4195590749824807,2.4195590749824807,2.987876187630714,21.053519157894737,26.810781769437,59.17409230769231,0.0172328362977866,0.024473523817865,1.1348983882270498,0.29333454084405,6.515789473684211,1.0074528715475668,0.0,3.134453781512605,0.010716217529716,0.6218487394957983,0.0,0.0,0.0,0.546916890080429,0.0609501045712578,1.068062827225131,0.0,5.284153882503928,0.0164364800759474,0.0107770331461691,-12.906728243790358,17000000.0,2854000000.0,-5890000000.0,7869000000.0,1391500000.0,1175500000.0,536500000.0,36.62384224678817,38.94815927873779,18.290758827948917,2.4574155653450807,2.310763888888889,4.920517560073937,0.0416958654519971,0.3899544670813437,1994-10-25,0.18,bmo,,2025-04-25,1994-09-30,0.5000000000000001,12.68828125,1337727.59375
1994-06-30,COP,USD,1163165,1994-06-30,1994-06-29 20:00:00,1994,Q2,3028000000.0,2413000000.0,615000000.0,0.2031043593,0,0.0,0.0,116000000.0,261000000.0,377000000.0,2790000000.0,0.0,0.0,201000000.0,439000000.0,0.1449801849,238000000.0,0.0785997358,-77000000.0,161000000.0,0.0531704095,85000000.0,76000000.0,0.0250990753,0.14,0.14,523054000,523054000,,,5.7890772272078985,0.1453004852271467,0.4320777587017784,-0.0955924244915439,0.2447166066983523,5.328321741158657,5.328321741158657,5.328321741158657,6.525138895792786,6302800700.0,9587800700.0,20.732897039473684,2.081506175693527,27.88849867256637,-126.056014,2.261500071761751,2.261500071761751,3.166380680317041,21.840092710706152,42.42389690265487,-191.756014,0.01205813155412,-0.0079329812856053,1.2246142805884463,0.3072836949671378,7.482915717539863,1.0441373160945162,0.0,2.973684210526316,0.0115821526769837,0.9605263157894736,0.0,0.0,0.0,1.2212389380530972,0.0911492734478203,1.373134328358209,0.0,4.173688299912433,0.0126375507409399,0.0068425317367425,-13.11575860236228,99000000.0,2787000000.0,-5978000000.0,8096000000.0,1389500000.0,1175000000.0,517500000.0,42.23579920739762,44.72026523000415,19.84251968503937,2.1308937368050667,2.012510425354462,4.535714285714286,0.0272694653749551,0.5276701831933223,1994-07-26,0.14,bmo,,2025-04-25,1994-06-30,-0.1428571428571429,12.239193548387098,1854787.8709677416
1994-03-31,COP,USD,1163165,1994-03-31,1994-03-30 19:00:00,1994,Q1,2924000000.0,2247000000.0,677000000.0,0.2315321477,0,0.0,0.0,110000000.0,275000000.0,385000000.0,2632000000.0,0.0,0.0,204000000.0,496000000.0,0.169630643,292000000.0,0.0998632011,-64000000.0,228000000.0,0.0779753762,101000000.0,127000000.0,0.0434336525,0.25,0.25,522852000,522852000,,,5.592404734035635,0.2428985640295915,0.3633915524852157,-0.0439895037218945,0.2218601057278159,5.259614575443911,5.259614575443911,5.259614575443911,6.227383657325591,5364461520.0,8504461520.0,10.559963622047244,1.8346311627906973,28.234008,-233.2374573913044,1.95071328,1.95071328,2.908502571819425,17.146091774193547,44.76032378947368,-369.7591965217391,0.0236743239794923,-0.004287475996286,1.184,0.2975418075482043,6.330645161290323,0.9977885891198583,0.0,1.4960629921259845,0.0136080759882121,0.5748031496062992,0.0,0.0,0.0,1.1210526315789473,0.0728454172366621,1.0441176470588236,0.0,5.3614306508430944,0.0186953014720709,0.0116055926162843,-13.018980514562438,-5000000.0,2750000000.0,-5937000000.0,7883000000.0,1303000000.0,1250000000.0,520500000.0,41.79890560875513,46.10146862483311,20.14686248331108,2.153166421207658,1.952215464813206,4.467196819085487,0.0461818181818181,0.4073810562071102,1994-04-26,0.11,bmo,,2025-04-25,1994-03-31,0.6363636363636362,11.091269841269842,1672662.603174603
1993-12-31,COP,USD,1163165,1993-12-31,1993-12-30 19:00:00,1993,Q4,2990000000.0,2435000000.0,555000000.0,0.1856187291,0,0.0,0.0,161000000.0,304000000.0,465000000.0,2900000000.0,0.0,0.0,240000000.0,330000000.0,0.110367893,90000000.0,0.0301003344,-81000000.0,9000000.0,0.0030100334,-11000000.0,20000000.0,0.0066889632,0.039,0.039,512500000,512500000,,,5.834146341463415,0.0390243902439024,0.6478048780487805,-0.2419512195121951,0.2321951219512195,5.951219512195122,5.951219512195122,5.244878048780488,6.294634146341464,5729750000.0,8836750000.0,71.621875,1.916304347826087,17.25828313253012,-46.20766129032258,2.131603422619047,2.131603422619047,2.9554347826086955,26.778030303030302,26.61671686746988,-71.26411290322581,0.0034905536890789,-0.0216414328722893,1.2001488095238095,0.2968347442031652,9.415151515151516,0.9656538969616908,0.0,16.6,0.012740520965138,3.65,0.0,0.0,0.0,1.3734939759036144,0.1525083612040133,1.9,0.0,2.1459866669061496,0.0232153221125943,0.0018402649981597,-12.671219512195124,-78000000.0,3050000000.0,-5625000000.0,7883000000.0,1303500000.0,1236500000.0,582000000.0,37.56521739130434,49.86036960985626,19.88501026694045,2.395833333333333,1.805040770941438,4.526022304832714,0.0074404761904761,0.8897560975609756,1994-01-28,0.07,bmo,,2025-04-25,1993-12-31,0.1428571428571427,11.87984375,2039449.5625
1993-09-30,COP,USD,1163165,1993-09-30,1993-09-29 20:00:00,1993,Q3,3192000000.0,2594000000.0,598000000.0,0.1873433584,0,0.0,0.0,119000000.0,279000000.0,398000000.0,2992000000.0,0.0,0.0,207000000.0,407000000.0,0.1275062657,200000000.0,0.0626566416,-78000000.0,122000000.0,0.0382205514,81000000.0,41000000.0,0.0128446115,0.08,0.08,512500000,512500000,,,6.2282926829268295,0.08,0.8039024390243903,0.3297560975609756,0.2263414634146341,6.056585365853659,6.056585365853659,5.344390243902439,6.833170731707317,6667625000.0,10053625000.0,40.65625,2.088854949874687,16.183555825242717,39.45340236686391,2.434328221978824,2.434328221978824,3.1496318922305764,24.70178132678133,24.402002427184467,59.48890532544379,0.0061491160645657,0.0253463564612586,1.2785688207374954,0.3105986696230599,8.31941031941032,0.9666940789473684,0.0,10.048780487804878,0.0109484261637389,1.7804878048780488,0.0,0.0,0.0,0.5898058252427184,0.0761278195488721,1.173913043478261,0.0,3.1015967563537963,0.0075792867336601,0.0036363636363636,-13.117560975609756,-81000000.0,3104000000.0,-5820000000.0,8233000000.0,1354000000.0,1164500000.0,640500000.0,38.317669172932334,38.997686969930605,21.719352351580568,2.34878587196468,2.307829181494662,4.143769968051118,0.0149689667761956,0.4741463414634146,1993-10-26,0.14,bmo,,2025-04-25,1993-09-30,-0.2142857142857143,11.94578125,1484004.578125
1993-06-30,COP,USD,1163165,1993-06-30,1993-06-29 20:00:00,1993,Q2,3280000000.0,2549000000.0,731000000.0,0.2228658537,0,0.0,0.0,152000000.0,276000000.0,428000000.0,2977000000.0,0.0,0.0,200000000.0,503000000.0,0.1533536585,303000000.0,0.0923780488,-79000000.0,224000000.0,0.0682926829,101000000.0,121000000.0,0.0368902439,0.23,0.23,526086957,526086957,,,6.234710738133734,0.2299999997909091,0.6919008258172803,0.1102479337840721,0.2604132229037565,5.940082639228024,5.940082639228024,5.250082639855297,6.922809911061909,5676478266.03,9181478266.03,11.728260880227271,1.7306336176920731,15.594720511071426,97.87031493155172,2.055205744398986,2.055205744398986,2.7992311786676827,18.253435916560637,25.223841390192305,158.30134941431032,0.0213160333448479,0.0102176027603403,1.3186097031136856,0.3198103266596417,6.968190854870775,1.005838198498749,0.0,2.959349593495935,0.0128600862328421,0.6033057851239669,0.0,0.0,0.0,0.8406593406593407,0.0932926829268292,1.53,0.0,5.212406127361136,0.0184313132032474,0.0106252195293291,-12.900433872569854,14000000.0,3125000000.0,-5851000000.0,8384000000.0,1309000000.0,1214000000.0,647500000.0,37.01524390243902,42.54609650843468,23.12671635935661,2.431430689399555,2.115352697095436,3.8916030534351145,0.0438088341781317,0.5816528920332081,1993-07-26,0.17,bmo,,2025-04-25,1993-06-30,0.4117647058823528,11.491111111111111,1407993.142857143
1993-03-31,COP,USD,1163165,1993-03-31,1993-03-30 19:00:00,1993,Q1,3083000000.0,2398000000.0,685000000.0,0.2221861823,0,0.0,0.0,165000000.0,265000000.0,430000000.0,2828000000.0,0.0,0.0,194000000.0,449000000.0,0.1456373662,255000000.0,0.0827116445,-72000000.0,183000000.0,0.0593577684,122000000.0,61000000.0,0.0197859228,0.12,0.12,530434783,530434783,,,5.8122131104664,0.1149999999151639,0.3770491800497178,-0.0207377049027344,0.1715573769226216,5.768852454760682,5.768852454760682,5.086393438870694,7.212950814351102,5749913047.72,9484913047.72,23.565217408688525,1.8650382898864744,28.7495652386,-522.7193679745454,2.131176074025204,2.131176074025204,3.0765206122997086,21.12452794592428,47.4245652386,-862.2648225200002,0.0106088560807346,-0.0019130724080013,1.4180874722016308,0.3352023830383739,8.3184855233853,0.9817796610169492,0.0,3.278688524590164,0.0126958441621906,1.1967213114754098,0.0,0.0,0.0,1.055,0.0684398313331171,1.0876288659793814,0.0,3.627815184566181,0.0093571114046675,0.0053443140003504,-13.180225400112947,-43000000.0,3060000000.0,-6037000000.0,8432000000.0,1268500000.0,1256000000.0,652000000.0,37.045085955238406,45.90075062552127,24.02001668056714,2.429472025216706,1.9607522485690925,3.746875,0.0226093402520385,0.3977868849524523,1993-04-27,0.14,bmo,,2025-04-25,1993-03-31,-0.2142857142857143,10.46048387096774,1442199.9516129033
1992-12-31,COP,USD,1163165,1992-12-31,1992-12-30 19:00:00,1992,Q4,3157000000.0,2448000000.0,709000000.0,0.2245802978,0,0.0,0.0,121000000.0,279000000.0,400000000.0,2848000000.0,0.0,0.0,206000000.0,515000000.0,0.1631295534,309000000.0,0.097877732,-96000000.0,213000000.0,0.0674691162,58000000.0,91000000.0,0.0288248337,0.17,0.17,516368286,521052632,,,6.113853398037694,0.1762308074822395,0.0406686478805168,-0.501579990526374,0.2536948986832239,5.920193170035233,5.920193170035233,5.224952951506398,7.40169391425406,4998445008.48,8689445008.48,13.73199178153846,1.5832895180487805,238.02119088,-19.29901547675675,1.8526482611119348,1.8526482611119348,2.7524374432942667,16.872708754330095,413.7830956419048,-33.54998072772201,0.0182056619299834,-0.0518161147237989,1.4166048925129726,0.3332752005580746,7.166990291262136,0.933253873659118,0.0,0.1354838709677419,0.0146045419877888,0.8021978021978022,0.0,0.0,0.0,13.333333333333334,0.0886917960088691,1.3592233009708738,0.0,4.551697238203061,0.0248325957956463,0.0079351238228113,-13.550406153332196,-168000000.0,3057000000.0,-6062000000.0,8321000000.0,1275000000.0,1272500000.0,659000000.0,36.14824200190054,47.38970588235294,24.41176470588235,2.4897476340694005,1.8991466252909237,3.6867469879518073,0.0337286879169755,0.5422486384068909,1992-12-30,,bmo,,2025-04-25,1992-12-31,,9.53546875,1259934.25
1992-09-30,COP,USD,1163165,1992-09-30,1992-09-29 20:00:00,1992,Q3,3134000000.0,2530000000.0,604000000.0,0.1927249521,0,0.0,0.0,134000000.0,289000000.0,423000000.0,2953000000.0,0.0,0.0,209000000.0,390000000.0,0.1244416082,181000000.0,0.0577536694,-92000000.0,89000000.0,0.0283982131,-10000000.0,99000000.0,0.0315890236,0.19,0.19,521052632,521052632,,,6.014747469887073,0.1899999998464646,0.875151514444322,0.2264646462816447,0.3205050502460565,5.108888884760494,5.108888884760494,5.108888884760494,8.066363629845362,5523157899.2,9559157899.2,13.947368432323232,1.7623350029355456,12.112188375438596,46.80642287457627,2.074815138692712,2.074815138692712,3.050146106955967,24.51066128,20.96306556842105,81.00981270508476,0.0179245282874023,0.0213645892718532,1.5788880540946657,0.3603704021263825,10.34871794871795,0.887240356083086,0.0,4.606060606060606,0.0132170764139431,0.7373737373737373,0.0,0.0,0.0,0.7412280701754386,0.1078493937460114,1.6172248803827751,0.0,4.67338206919809,0.0222447330296857,0.008488382062934,-14.481262614560595,-304000000.0,2662000000.0,-6609000000.0,8228000000.0,1265000000.0,1202500000.0,670000000.0,36.815571155073386,44.6798418972332,23.26482213438735,2.4446177847113884,2.014331210191082,3.868501529051988,0.0371900826446281,0.6486868681626773,1993-01-28,0.18,bmo,,2025-04-25,1992-09-30,0.3333333333333333,10.56546875,1405038.859375
1992-06-30,COP,USD,1163165,1992-06-30,1992-06-29 20:00:00,1992,Q2,3090000000.0,2368000000.0,722000000.0,0.2336569579,0,0.0,0.0,116000000.0,280000000.0,396000000.0,2764000000.0,0.0,0.0,201000000.0,527000000.0,0.1705501618,326000000.0,0.1055016181,-84000000.0,242000000.0,0.0783171521,138000000.0,104000000.0,0.0336569579,0.2,0.2,520000000,520000000,,,5.9423076923076925,0.2,0.698076923076923,0.2,0.3788461538461538,5.032692307692308,5.032692307692308,5.032692307692308,8.292307692307693,4862000000.0,8977000000.0,11.687499999999998,1.573462783171521,13.393939393939394,46.75,1.8578525028658768,1.8578525028658768,2.905177993527508,17.03415559772296,24.730027548209367,86.3173076923077,0.0213903743315508,0.0213903743315508,1.6476881925869316,0.3697478991596639,7.808349146110057,0.9722757027339236,0.0,3.4903846153846154,0.0148087206910736,0.6923076923076923,0.0,0.0,0.0,0.7134986225895317,0.0838187702265372,1.2885572139303485,0.0,4.758898547417815,0.0153382059944951,0.0089178528554278,-14.555769230769233,-72000000.0,2617000000.0,-6520000000.0,8321000000.0,1185500000.0,1073500000.0,687000000.0,36.3495145631068,43.66976351351351,26.072635135135133,2.4759615384615383,2.060922541340296,3.4518950437317786,0.0397401604891096,0.4980769230769231,1992-06-29,,bmo,,2025-04-25,1992-06-30,,9.589682539682538,1351973.4761904762
1992-03-31,COP,USD,1163165,1992-03-31,1992-03-30 19:00:00,1992,Q1,2759000000.0,2166000000.0,593000000.0,0.2149329467,0,0.0,0.0,238000000.0,282000000.0,520000000.0,2686000000.0,0.0,0.0,204000000.0,277000000.0,0.1003986952,73000000.0,0.0264588619,-106000000.0,-33000000.0,-0.0119608554,55000000.0,-114000000.0,-0.0413193186,-0.22,-0.22,518181818,518181818,,,5.324385966780486,-0.2200000000771929,0.1312280702214835,-0.3994736843506925,0.2335087720117574,4.961578949109326,4.961578949109326,4.961578949109326,8.309824564319237,4642909089.280001,8827909089.28,-10.181818178245615,1.6828231566799567,68.27807484235295,-22.42951250859904,1.8058767363982888,1.8058767363982888,3.1996770892642266,31.869707903537908,129.82219248941178,-42.64690381294686,-0.0245535714371867,-0.0445841165569969,1.6748346946713342,0.3752832490848876,15.108303249097473,0.9536556132640832,0.0,-0.7727272727272727,0.015722901008023,-0.6403508771929824,0.0,0.0,0.0,4.044117647058823,0.0996737948532076,1.3480392156862746,0.0,,0.0214154748808214,-0.0099355063622102,-14.658464917424023,-116000000.0,2571000000.0,-6516000000.0,8244000000.0,1190500000.0,1050500000.0,687000000.0,36.63283798477709,41.46814404432133,28.58725761772853,2.4568121104185217,2.1703406813627253,3.1482558139534884,-0.0443407234539089,0.530701754572176,1992-03-30,,bmo,,2025-04-25,1992-03-31,,9.01936507936508,1371092.2222222222
1991-12-31,COP,USD,1163165,1991-12-31,1991-12-30 19:00:00,1991,Q4,3372000000.0,2692000000.0,680000000.0,0.2016607355,0,0.0,0.0,140000000.0,658000000.0,798000000.0,3490000000.0,0.0,0.0,590000000.0,472000000.0,0.1399762752,-118000000.0,-0.0349940688,-123000000.0,-241000000.0,-0.0714709371,-64000000.0,26000000.0,0.0077105575,0.0488,0.0488,520803541,533333333,,,6.4746103559998645,0.0499228556512445,-0.0288016474911026,-0.8122064592490933,0.2188925209323797,5.293742808864658,5.293742808864658,5.293742808864658,7.678519221127953,4817432754.25,8702432754.25,46.32146879086539,1.428657400430012,-321.16218361666665,-11.388729915484634,1.7473459391548785,1.7473459391548785,2.580792631746738,18.43735753019068,-580.1621836166667,-20.5731270786052,0.0053970654758102,-0.0878061037026046,1.4504896626768229,0.3485574827856707,8.23093220338983,0.9446792162888974,0.0,0.0847457627118644,0.015153299220544,2.8076923076923075,0.0,0.0,0.0,-27.2,0.1209964412811387,0.6915254237288135,0.0,2.43849791004415,-0.0096368175708815,0.0022661901856532,-14.046563481410738,-144000000.0,2757000000.0,-6257000000.0,8154000000.0,1280500000.0,1175500000.0,705000000.0,33.57651245551602,36.87592867756315,22.934621099554235,2.6804451510333864,2.44061650045331,3.924198250728863,0.0094305404425099,0.7834048117579907,1991-12-30,,bmo,,2025-04-25,1991-12-31,,9.5315625,1294762.296875
1991-09-30,COP,USD,1163165,1991-09-30,1991-09-29 20:00:00,1991,Q3,3109000000.0,2478000000.0,631000000.0,0.2029591509,0,0.0,0.0,139000000.0,278000000.0,417000000.0,2895000000.0,0.0,0.0,214000000.0,428000000.0,0.137664844,214000000.0,0.068832422,-108000000.0,106000000.0,0.0340945642,50000000.0,56000000.0,0.0180122226,0.11,0.11,533333333,533333333,,,5.829375003643359,0.105000000065625,0.8381250005238281,0.2456250001535156,0.8456250005285156,5.212500003257812,5.212500003257812,5.212500003257812,7.26937500454336,5397333329.96,8823333329.96,24.095238080178568,1.7360351656352524,12.074571207964205,41.2010177859542,1.9414868093381297,1.9414868093381297,2.8379972113091023,20.615264789626167,19.739000738165547,67.35368954167939,0.0103754940776309,0.024271245074458,1.3946043165467623,0.3212096106048053,8.004672897196262,1.0198412698412698,0.0,7.982142857142857,0.0135251976369117,1.3035714285714286,0.0,0.0,0.0,0.7069351230425056,0.1016403988420714,1.4766355140186915,0.0,3.509206643301754,0.0121305368855777,0.0046396023198011,-14.06203125878877,55000000.0,2780000000.0,-6463000000.0,8625000000.0,1326000000.0,1204500000.0,714500000.0,37.71952396268897,45.3268765133172,26.2953995157385,2.3860322333077515,1.9855769230769231,3.422651933701657,0.0201438848920863,0.5925000003703125,1991-09-29,,bmo,,2025-04-25,1991-09-30,,10.01109375,1343454.390625
1991-06-30,COP,USD,1163165,1991-06-30,1991-06-29 20:00:00,1991,Q2,3254000000.0,2602000000.0,652000000.0,0.2003687769,0,0.0,0.0,135000000.0,259000000.0,394000000.0,2996000000.0,0.0,0.0,194000000.0,452000000.0,0.1389059619,258000000.0,0.0792870313,-103000000.0,155000000.0,0.0476336816,122000000.0,16000000.0,0.0049170252,0.03,0.03,533333333,533333333,,,6.1012500038132815,0.03000000001875,0.3262500002039062,-0.315000000196875,0.7143750004464844,5.195625003247265,5.195625003247265,5.195625003247265,7.271250004544531,5343999996.66,8840999996.66,83.4999999478125,1.6422864156914567,30.712643658965515,-31.809523789642856,1.9285456501840488,1.9285456501840488,2.7169637359127226,19.55973450588495,50.8103448083908,-52.62499998011905,0.0029940119779191,-0.0314371257681512,1.399494767232046,0.3247906197654941,7.736725663716814,1.0578231292517006,0.0,5.2727272727272725,0.0136601796492561,4.5625,0.0,0.0,0.0,1.9655172413793105,0.1051014136447449,1.7628865979381445,0.0,1.8727111040904865,0.0058879871645475,0.0013400335008375,-13.919531258699706,153000000.0,2771000000.0,-6370000000.0,8670000000.0,1326000000.0,1167500000.0,685000000.0,37.311001843884455,40.157571099154495,24.385088393543427,2.412157153446998,2.2411714039621016,3.690780141843972,0.0057740887766149,0.6412500004007813,1991-06-29,,bmo,,2025-04-25,1991-06-30,,10.33640625,1231148.6875
1991-03-31,COP,USD,1163165,1991-03-31,1991-03-30 19:00:00,1991,Q1,3524000000.0,2561000000.0,963000000.0,0.2732690125,0,0.0,0.0,148000000.0,261000000.0,409000000.0,2970000000.0,0.0,0.0,192000000.0,746000000.0,0.2116912599,554000000.0,0.1572077185,-123000000.0,431000000.0,0.1223041998,245000000.0,160000000.0,0.0454029512,0.31,0.31,516129032,516129032,,,6.827750003413875,0.310000000155,0.82150000041075,0.2034375001017187,1.4511875007255937,5.430812502715407,5.430812502715407,5.430812502715407,7.552375003776188,5522580642.4,8671580642.4,8.62903225375,1.5671341209988647,13.024954345283016,52.59600611809523,1.9702392587941489,1.9702392587941489,2.460720954143019,11.624102737801609,20.451841137735848,82.58648230857142,0.0289719626313084,0.0190128504767961,1.3906528719229396,0.3237810449372871,4.221179624664879,1.1560975609756097,0.0,2.2795698924731185,0.0130373831840887,0.45,0.0,0.0,0.0,0.7523584905660378,0.090522133938706,1.6614583333333333,0.0,6.154666296833641,0.0254477069182032,0.0132901403771077,-13.905921881952962,416000000.0,2803000000.0,-6155000000.0,8796000000.0,1449000000.0,1273000000.0,684500000.0,33.277525539160045,41.2573213588442,23.369777430691137,2.704528012279355,2.1814310051107326,3.851127819548872,0.0570816981805208,0.6180625003090312,1991-03-30,,bmo,,2025-04-25,1991-03-31,,10.329016393442624,1170655.1475409835
1990-12-31,COP,USD,1163165,1990-12-31,1990-12-30 19:00:00,1990,Q4,4437000000.0,3413000000.0,1024000000.0,0.2307865675,0,0.0,0.0,154000000.0,235000000.0,389000000.0,3802000000.0,0.0,0.0,172000000.0,807000000.0,0.1818796484,635000000.0,0.1431147172,-150000000.0,485000000.0,0.1093080911,248000000.0,237000000.0,0.0534144692,0.48,0.48,494444444,494444444,,,8.973707873234794,0.4793258431274839,0.1152808989800277,-0.6431460679938391,1.3550561809933088,5.499101128538518,5.499101128538518,5.499101128538518,7.883595512704355,4979055551.08,8207055551.08,5.2521683028270045,1.1221671289339643,87.35185177333334,-15.657407393333331,1.8312083674439128,1.8312083674439128,1.8496857225783188,10.169833396629492,143.98343072070176,-25.80835078955975,0.0475993885926001,-0.0638675340609572,1.4336152997425524,0.3213520197856554,4.0,1.1415807560137456,0.0,0.240506329113924,0.0144605737496506,0.3037974683544304,0.0,0.0,0.0,6.578947368421052,0.0845165652467883,2.1802325581395348,0.0,7.701095955109281,0.0334409924638608,0.0195383347073371,-14.54713484453675,412000000.0,2719000000.0,-6089000000.0,8713000000.0,1606000000.0,1363000000.0,699000000.0,32.35294117647059,36.179314386170525,18.56431292118371,2.7818181818181817,2.487609329446064,4.848011363636363,0.0871643986759838,0.7584269669738669,1990-12-30,,bmo,,2025-04-25,1990-12-31,,10.02328125,1152851.09375
1990-09-30,COP,USD,1163165,1990-09-30,1990-09-29 20:00:00,1990,Q3,3426000000.0,2571000000.0,855000000.0,0.2495621716,0,0.0,0.0,133000000.0,270000000.0,403000000.0,2974000000.0,0.0,0.0,217000000.0,669000000.0,0.1952714536,452000000.0,0.1319322825,-136000000.0,316000000.0,0.0922358435,138000000.0,178000000.0,0.0519556334,0.36,0.36,494444444,494444444,,,6.928988770273248,0.3600000003235955,0.6006741578433026,-0.1092134832442368,2.1316853951745487,5.18966292601318,5.18966292601318,5.18966292601318,8.045393265658781,4929611106.68,7853611106.68,6.92361110488764,1.4388824012492705,16.598017194208754,-91.28909456814816,1.921126697848792,1.921126697848792,2.292355839661413,11.739329008490284,26.4431350393266,-145.4372427162963,0.0361083250073816,-0.0109542109572955,1.5502727981293842,0.321948850760764,4.370702541106128,1.123869801084991,0.0,1.6685393258426966,0.012577057025043,0.348314606741573,0.0,0.0,0.0,1.181818181818182,0.1024518388791593,1.6175115207373272,0.0,6.483538365621983,0.0280435725230431,0.0144059566202654,-14.5137640579899,411000000.0,2566000000.0,-6061000000.0,8563000000.0,1399500000.0,1191500000.0,662000000.0,42.47810858143608,47.39789964994166,24.294049008168027,2.11873840445269,1.898818316100443,3.704610951008646,0.0693686671862821,0.7098876410875394,1990-09-29,,bmo,,2025-04-25,1990-09-30,,10.884761904761906,1732347.0793650793
1990-06-30,COP,USD,1163165,1990-06-30,1990-06-29 20:00:00,1990,Q2,2980000000.0,2207000000.0,773000000.0,0.2593959732,0,0.0,0.0,115000000.0,261000000.0,376000000.0,2583000000.0,0.0,0.0,209000000.0,606000000.0,0.2033557047,397000000.0,0.1332214765,-164000000.0,233000000.0,0.0781879195,128000000.0,105000000.0,0.0352348993,0.22,0.22,488372093,488372093,,,6.101904762195328,0.215000000010238,0.6572857143170137,-0.0143333333340158,2.295380952490256,4.985952381189807,4.985952381189807,4.985952381189807,8.149523809911882,4849534883.49,7708534883.49,11.546511627357145,1.627360699157718,15.107585306822427,-692.7906976414286,1.991595434698152,1.991595434698152,2.5867566723120805,12.720354593217822,24.014127362897195,-1101.21926907,0.0216515609275164,-0.0014434373951677,1.6344969199178645,0.3360067539046011,4.717821782178218,1.146643717728055,0.0,3.057142857142857,0.0125785258721762,0.580952380952381,0.0,0.0,0.0,1.0218068535825544,0.1100671140939597,1.569377990430622,0.0,4.911165304197593,0.0199005093881136,0.0088644997889404,-14.512500000691071,426000000.0,2435000000.0,-6079000000.0,8480000000.0,1225500000.0,1101000000.0,638500000.0,35.697986577181204,41.96193928409605,25.69098323516085,2.521150592216582,2.1448007774538387,3.503174603174603,0.0431211498973305,0.6716190476510295,1990-06-29,,bmo,,2025-04-25,1990-06-30,,10.022698412698414,1288978.3174603174
1990-03-31,COP,USD,1163165,1990-03-31,1990-03-30 19:00:00,1990,Q1,3132000000.0,2399000000.0,733000000.0,0.2340357599,0,0.0,0.0,138000000.0,272000000.0,410000000.0,2809000000.0,0.0,0.0,210000000.0,533000000.0,0.1701787995,323000000.0,0.1031289911,-170000000.0,153000000.0,0.0488505747,132000000.0,259000000.0,0.0826947637,0.53,0.53,488679245,488679245,,,6.40911197282381,0.5300000003069498,0.8778764483848706,0.204633204751718,1.935830116951253,4.7720463348100655,4.7720463348100655,4.7720463348100655,8.20169884644886,4896566034.9,7958566034.9,4.726415091602316,1.5633991171455937,11.41390684125874,48.965660349,2.0997281453259005,2.0997281453259005,2.541049181002554,14.931643592682926,18.55143597878788,79.585660349,0.05289421160748,0.0204224755241235,1.718696397941681,0.3442116111301958,5.74484052532833,1.0702451954937044,0.0,20.428571428571427,0.0124577100697153,0.2355212355212355,0.0,0.0,0.0,0.7668997668997669,0.105044699872286,1.5666666666666669,0.0,7.543649817930811,0.0051039987719702,0.0222432153899003,-14.510028965932449,212000000.0,2332000000.0,-6082000000.0,8163000000.0,1310000000.0,1201500000.0,615500000.0,36.46551724137931,44.005835764902045,24.272613588995416,2.4680851063829787,2.0451832907075875,3.7078825347758886,0.1110634648370497,0.6732432436331525,1990-03-30,,bmo,,2025-04-25,1990-03-31,,9.723968253968254,1815735.3015873013
1989-12-31,COP,USD,1163165,1989-12-31,1989-12-30 19:00:00,1989,Q4,3146000000.0,2537000000.0,609000000.0,0.1935791481,0,0.0,0.0,147000000.0,500000000.0,647000000.0,3184000000.0,0.0,0.0,464000000.0,426000000.0,0.1354100445,-38000000.0,-0.0120788303,-266000000.0,-304000000.0,-0.0966306421,-49000000.0,-255000000.0,-0.0810553083,-0.53,-0.53,483333333,483333333,,,6.508965521730321,-0.5275862072604043,0.8586206902473246,0.2151724139414982,1.4648275872171226,4.411034485800713,4.411034485800713,4.411034485800713,8.327586212639714,4775333330.04,8092333330.04,-4.681699343176471,1.5179063350413222,11.506827301301206,45.916666635,2.2398373968292686,2.2398373968292686,2.5722610712142404,18.99608762920188,19.499598385638556,77.81089740423077,-0.0533994136903243,0.0217785844070342,1.8878986866791745,0.3575870646766169,7.786384976525822,1.0628233555062825,0.0,-1.6274509803921569,0.0127739773925873,-0.2392156862745098,0.0,0.0,0.0,0.7493975903614458,0.0988556897647806,0.6702586206896551,0.0,,-0.0036909448818897,-0.0226545842217484,-14.711896561870274,170000000.0,2132000000.0,-6248000000.0,8002000000.0,1323000000.0,1139500000.0,603000000.0,38.64907819453274,43.6342136381553,20.717382735514388,2.328645447816432,2.06260162601626,4.344178082191781,-0.1196060037523452,0.6434482763058263,1989-12-30,,bmo,,2025-04-25,1989-12-31,,,
1989-09-30,COP,USD,1163165,1989-09-30,1989-09-29 20:00:00,1989,Q3,3030000000.0,2302000000.0,728000000.0,0.2402640264,0,0.0,0.0,130000000.0,254000000.0,384000000.0,2686000000.0,0.0,0.0,209000000.0,553000000.0,0.1825082508,344000000.0,0.1135313531,-125000000.0,219000000.0,0.0722772277,132000000.0,87000000.0,0.0287128713,0.18,0.18,483333333,483333333,,,6.268965521564804,0.1800000001241379,,,1.5786206907438762,5.044137934513199,5.044137934513199,5.044137934513199,8.548965523137218,4775333330.04,8144333330.04,13.72222221275862,1.5760176006732671,0.0,0.0,1.9587093232321573,1.9587093232321573,2.6878987887920798,14.727546708933092,0.0,0.0,0.0182186234943459,,1.6948318293683349,0.3538277102243535,6.092224231464738,1.0171551107934238,0.0,0.0,0.0128471659919028,0.7051666661803447,0.0,0.0,0.0,0.0,,0.0,,4.519818430962382,0.0149466842662775,0.0074499058057886,-14.885689665438406,48000000.0,2438000000.0,-6394000000.0,8276000000.0,,,,38.46534653465347,41.01216333622937,24.31798436142485,2.33976833976834,2.194470924690181,3.700964630225081,0.0356849876948318,,1989-09-29,,bmo,,2025-04-25,1989-09-30,,,
1989-06-30,COP,USD,1163165,1989-06-30,1989-06-29 20:00:00,1989,Q2,3299000000.0,0.0,3299000000.0,1.0,0,0.0,0.0,0.0,0.0,0.0,0.0,0.0,0.0,0.0,3299000000.0,1.0,3299000000.0,1.0,-3299000000.0,0.0,0.0,0.0,0.0,0.0,0.41,0.41,486506000,486506000,,,6.781005784101327,0.0,,,,,,,,4076920280.000001,,0.0,1.2358048742043044,0.0,0.0,0.0,0.0,,,0.0,0.0,0.0,,0.0,0.0,,0.0,0.0,0.0,0.0100065632458233,0.0,0.0,0.0,0.0,0.0,,0.0,,,0.0,0.0,,,,,,,,,,0.0,0.0,0.0,0.0,0.0,0.0,,1989-06-29,,bmo,,2025-04-25,1989-06-30,,,
1989-03-31,COP,USD,1163165,1989-03-31,1989-03-30 19:00:00,1989,Q1,3102000000.0,0.0,3102000000.0,1.0,0,0.0,0.0,0.0,0.0,0.0,0.0,0.0,0.0,0.0,3102000000.0,1.0,3102000000.0,1.0,-3102000000.0,0.0,0.0,0.0,0.0,0.0,0.39,0.39,486506000,486506000,,,6.376077581776998,0.0,,,,,,,,4290982920.0,,0.0,1.383295589941973,0.0,0.0,0.0,0.0,,,0.0,0.0,0.0,,0.0,0.0,,0.0,0.0,0.0,0.0095073696145124,0.0,0.0,0.0,0.0,0.0,,0.0,,,0.0,0.0,,,,,,,,,,0.0,0.0,0.0,0.0,0.0,0.0,,1989-03-30,,bmo,,2025-04-25,1989-03-31,,,
1988-12-31,COP,USD,1163165,1988-12-31,1988-12-30 19:00:00,1988,Q4,2860000000.0,0.0,2860000000.0,1.0,0,0.0,0.0,0.0,-9687000000.0,-9687000000.0,-9687000000.0,0.0,0.0,0.0,-6827000000.0,-2.3870629371,-6827000000.0,-2.3870629371,6827000000.0,0.0,0.0,0.0,0.0,0.0,0.28,0.28,486506000,492596000,,,5.878653089581629,0.0,,,2.217855483796705,4.343214677722371,4.343214677722371,4.343214677722371,10.05948539175262,3658525120.0,7473525120.0,0.0,1.2792045874125877,0.0,0.0,1.7314364032181733,1.7314364032181733,2.613120671328671,-1.0947012040427713,0.0,0.0,0.0,,2.316138192143871,0.4089237967914438,-0.5588106049509302,1.2406807131280388,0.0,0.0,0.0091234042553191,0.0,0.0,0.0,0.0,0.0,,0.0,,0.0,,0.0,-15.51728036242102,594000000.0,2113000000.0,-6793000000.0,9011000000.0,,,,39.68181818181819,0.0,0.0,2.268041237113402,0.0,0.0,0.0,,1988-12-30,,bmo,,2025-04-25,1988-12-31,,,
1988-09-30,COP,USD,1163165,1988-09-30,1988-09-29 20:00:00,1988,Q3,2850000000.0,0.0,2850000000.0,1.0,0,0.0,0.0,0.0,0.0,0.0,0.0,0.0,0.0,0.0,2850000000.0,1.0,2850000000.0,1.0,-2850000000.0,0.0,0.0,0.0,0.0,0.0,0.45,0.45,492596000,492596000,,,5.785674264508847,0.0,,,,,,,,3605802720.0,,0.0,1.2651939368421052,0.0,0.0,0.0,0.0,,,0.0,0.0,0.0,,0.0,0.0,,0.0,0.0,0.0,0.0093726775956284,0.0,0.0,0.0,0.0,0.0,,0.0,,,0.0,0.0,,,,,,,,,,0.0,0.0,0.0,0.0,0.0,0.0,,1988-09-29,,bmo,,2025-04-25,1988-09-30,,,
1988-06-30,COP,USD,1163165,1988-06-30,1988-06-29 20:00:00,1988,Q2,2881000000.0,0.0,2881000000.0,1.0,0,0.0,0.0,0.0,0.0,0.0,0.0,0.0,0.0,0.0,2881000000.0,1.0,2881000000.0,1.0,-2881000000.0,0.0,0.0,0.0,0.0,0.0,0.36,0.36,456700000,456700000,,,6.308298664331071,0.0,,,,,,,,2772169000.0,,0.0,0.9622245748004166,0.0,0.0,0.0,0.0,,,0.0,0.0,0.0,,0.0,0.0,,0.0,0.0,0.0,0.0094191103789126,0.0,0.0,0.0,0.0,0.0,,0.0,,,0.0,0.0,,,,,,,,,,0.0,0.0,0.0,0.0,0.0,0.0,,1988-06-29,,bmo,,2025-04-25,1988-06-30,,,
1988-03-31,COP,USD,1163165,1988-03-31,1988-03-30 19:00:00,1988,Q1,2900000000.0,0.0,2900000000.0,1.0,0,0.0,0.0,0.0,0.0,0.0,0.0,0.0,0.0,0.0,2900000000.0,1.0,2900000000.0,1.0,-2900000000.0,0.0,0.0,0.0,0.0,0.0,0.28,0.28,456668000,456668000,,,6.350346422346212,0.0,,,,,,,,3014008800.0,,0.0,1.0393133793103448,0.0,0.0,0.0,0.0,,,0.0,0.0,0.0,,0.0,0.0,,0.0,0.0,0.0,0.0086627272727272,0.0,0.0,0.0,0.0,0.0,,0.0,,,0.0,0.0,,,,,,,,,,0.0,0.0,0.0,0.0,0.0,0.0,,1988-03-30,,bmo,,2025-04-25,1988-03-31,,,
1987-12-31,COP,USD,1163165,1987-12-31,1987-12-30 19:00:00,1987,Q4,2736000000.0,0.0,2736000000.0,1.0,0,0.0,0.0,0.0,-9879000000.0,-9879000000.0,-9879000000.0,0.0,0.0,0.0,-7143000000.0,-2.610745614,-7143000000.0,-2.610745614,7143000000.0,0.0,0.0,0.0,0.0,0.0,0.06,0.06,456656000,456656000,,,5.991380820573911,0.0,,,2.202971164289969,3.540958620931292,3.540958620931292,3.540958620931292,12.256490662555622,2465942400.0,7056942400.0,0.0,0.9012947368421051,0.0,0.0,1.5250107606679035,1.5250107606679035,2.579291812865497,-0.9879521769564608,0.0,0.0,0.0,,3.4613481756338897,0.4621418545124267,-0.6427271454570909,1.201082431307244,0.0,0.0,0.0105877777777777,0.0,0.0,0.0,0.0,0.0,,0.0,,0.0,,0.0,-18.09841543744087,483000000.0,1617000000.0,-7609000000.0,9255000000.0,,,,41.74342105263158,0.0,0.0,2.1560283687943262,0.0,0.0,0.0,,1987-12-30,,bmo,,2025-04-25,1987-12-31,,,
1987-09-30,COP,USD,1163165,1987-09-30,1987-09-29 20:00:00,1987,Q3,2764000000.0,0.0,2764000000.0,1.0,0,0.0,0.0,0.0,0.0,0.0,0.0,0.0,0.0,0.0,2764000000.0,1.0,2764000000.0,1.0,-2764000000.0,0.0,0.0,0.0,0.0,0.0,0.055,0.055,456656000,456656000,,,6.052696121369258,0.0,,,,,,,,2858666560.0,,0.0,1.0342498408104197,0.0,0.0,0.0,0.0,,,0.0,0.0,0.0,,0.0,0.0,,0.0,0.0,0.0,0.0091332268370607,0.0,0.0,0.0,0.0,0.0,,0.0,,,0.0,0.0,,,,,,,,,,0.0,0.0,0.0,0.0,0.0,0.0,,1987-09-29,,bmo,,2025-04-25,1987-09-30,,,
1987-06-30,COP,USD,1163165,1987-06-30,1987-06-29 20:00:00,1987,Q2,2609000000.0,0.0,2609000000.0,1.0,0,0.0,0.0,0.0,0.0,0.0,0.0,0.0,0.0,0.0,2609000000.0,1.0,2609000000.0,1.0,-2609000000.0,0.0,0.0,0.0,0.0,0.0,-0.005,-0.005,456612000,456612000,,,5.713822676583182,0.0,,,,,,,,2926882920.0,,0.0,1.1218409045611346,0.0,0.0,0.0,0.0,,,0.0,0.0,0.0,,0.0,0.0,,0.0,0.0,0.0,0.0089195007800312,0.0,0.0,0.0,0.0,0.0,,0.0,,,0.0,0.0,,,,,,,,,,0.0,0.0,0.0,0.0,0.0,0.0,,1987-06-29,,bmo,,2025-04-25,1987-06-30,,,
1987-03-31,COP,USD,1163165,1987-03-31,1987-03-30 19:00:00,1987,Q1,2491000000.0,0.0,2491000000.0,1.0,0,0.0,0.0,0.0,0.0,0.0,0.0,0.0,0.0,0.0,2491000000.0,1.0,2491000000.0,1.0,-2491000000.0,0.0,0.0,0.0,0.0,0.0,-0.08,-0.08,455766000,455766000,,,5.46552397502227,0.0,,,,,,,,2789287920.0,,0.0,1.1197462545162584,0.0,0.0,0.0,0.0,,,0.0,0.0,0.0,,0.0,0.0,,0.0,0.0,0.0,0.009342156862745,0.0,0.0,0.0,0.0,0.0,,0.0,,,0.0,0.0,,,,,,,,,,0.0,0.0,0.0,0.0,0.0,0.0,,1987-03-30,,bmo,,2025-04-25,1987-03-31,,,
1986-12-31,COP,USD,1163165,1986-12-31,1986-12-30 19:00:00,1986,Q4,2146000000.0,0.0,2146000000.0,1.0,0,0.0,0.0,0.0,-9011000000.0,-9011000000.0,-9011000000.0,0.0,0.0,0.0,-6865000000.0,-3.1989748369,-6865000000.0,-3.1989748369,6865000000.0,0.0,0.0,0.0,0.0,0.0,0.025,0.025,455766000,455766000,,,4.708556583861016,0.0,,,2.503477661782582,3.782642847426091,3.782642847426091,3.782642847426091,13.043974320155518,2064619980.0,6868619980.0,0.0,0.962078275862069,0.0,0.0,1.1975753944315546,1.1975753944315546,3.200661686859273,-1.0005273095411509,0.0,0.0,0.0,,3.4483758700696057,0.479474151141221,-0.6997815003641661,1.2550425818018829,0.0,0.0,0.0126211920529801,0.0,0.0,0.0,0.0,0.0,,0.0,,0.0,,0.0,-18.64114479798844,569000000.0,1724000000.0,-7875000000.0,9708000000.0,,,,43.86766076421249,0.0,0.0,2.051625239005736,0.0,0.0,0.0,,1986-12-30,,bmo,,2025-04-25,1986-12-31,,,
1986-09-30,COP,USD,1163165,1986-09-30,1986-09-29 20:00:00,1986,Q3,2190000000.0,0.0,2190000000.0,1.0,0,0.0,0.0,0.0,0.0,0.0,0.0,0.0,0.0,0.0,2190000000.0,1.0,2190000000.0,1.0,-2190000000.0,0.0,0.0,0.0,0.0,0.0,0.24,0.24,455766000,455766000,,,4.805097352588828,0.0,,,,,,,,1777487400.0,,0.0,0.8116380821917808,0.0,0.0,0.0,0.0,,,0.0,0.0,0.0,,0.0,0.0,,0.0,0.0,0.0,0.01466,0.0,0.0,0.0,0.0,0.0,,0.0,,,0.0,0.0,,,,,,,,,,0.0,0.0,0.0,0.0,0.0,0.0,,1986-09-29,,bmo,,2025-04-25,1986-09-30,,,
1986-06-30,COP,USD,1163165,1986-06-30,1986-06-29 20:00:00,1986,Q2,2339000000.0,0.0,2339000000.0,1.0,0,0.0,0.0,0.0,0.0,0.0,0.0,0.0,0.0,0.0,2339000000.0,1.0,2339000000.0,1.0,-2339000000.0,0.0,0.0,0.0,0.0,0.0,0.005,0.005,454282000,454282000,,,5.148784235342805,0.0,,,,,,,,1685386220.0,,0.0,0.7205584523300556,0.0,0.0,0.0,0.0,,,0.0,0.0,0.0,,0.0,0.0,,0.0,0.0,0.0,0.015410781671159,0.0,0.0,0.0,0.0,0.0,,0.0,,,0.0,0.0,,,,,,,,,,0.0,0.0,0.0,0.0,0.0,0.0,,1986-06-29,,bmo,,2025-04-25,1986-06-30,,,
1986-03-31,COP,USD,1163165,1986-03-31,1986-03-30 19:00:00,1986,Q1,3113000000.0,0.0,3113000000.0,1.0,0,0.0,0.0,0.0,0.0,0.0,0.0,0.0,0.0,0.0,3113000000.0,1.0,3113000000.0,1.0,-3113000000.0,0.0,0.0,0.0,0.0,0.0,0.2,0.2,454288000,454288000,,,6.852481245377382,0.0,,,,,,,,1730837280.0,,0.0,0.5560029810472213,0.0,0.0,0.0,0.0,,,0.0,0.0,0.0,,0.0,0.0,,0.0,0.0,0.0,0.025010498687664,0.0,0.0,0.0,0.0,0.0,,0.0,,,0.0,0.0,,,,,,,,,,0.0,0.0,0.0,0.0,0.0,0.0,,1986-03-30,,bmo,,2025-04-25,1986-03-31,,,
1985-12-31,COP,USD,1163165,1985-12-31,1985-12-30 19:00:00,1985,Q4,3739000000.0,0.0,3739000000.0,1.0,0,0.0,0.0,0.0,-13181000000.0,-13181000000.0,-13181000000.0,0.0,0.0,0.0,-9442000000.0,-2.5252741375,-9442000000.0,-2.5252741375,9442000000.0,0.0,0.0,0.0,0.0,0.0,0.32,0.32,451202000,451202000,,,8.286754048076029,0.0,,,1.4982203093071396,3.643600870563517,3.643600870563517,3.643600870563517,15.035394346656265,2107113340.0,8215113340.0,0.0,0.563549970580369,0.0,0.0,1.281699111922141,1.281699111922141,2.197141840064188,-0.8700607223045965,0.0,0.0,0.0,,4.126520681265207,0.4830188679245283,-0.6468968438890066,1.0109324758842444,0.0,0.0,0.0204047109207708,0.0,0.0,0.0,0.0,0.0,,0.0,,0.0,,0.0,-22.540347782146355,34000000.0,1644000000.0,-9257000000.0,10315000000.0,,,,39.596148702861726,0.0,0.0,2.272948328267477,0.0,0.0,0.0,,1985-12-30,,bmo,,2025-04-25,1985-12-31,,,
1985-09-30,COP,USD,1163165,1985-09-30,1985-09-29 20:00:00,1985,Q3,3987500000.0,0.0,3987500000.0,1.0,0,0.0,0.0,0.0,0.0,0.0,0.0,0.0,0.0,0.0,3987500000.0,1.0,3987500000.0,1.0,-3987500000.0,0.0,0.0,0.0,0.0,0.0,0.06,0.06,451202000,451202000,,,8.837505152902692,0.0,,,,,,,,2107113340.0,,0.0,0.5284296777429467,0.0,0.0,0.0,0.0,,,0.0,0.0,0.0,,0.0,0.0,,0.0,0.0,0.0,0.0204047109207708,0.0,0.0,0.0,0.0,0.0,,0.0,,,0.0,0.0,,,,,,,,,,0.0,0.0,0.0,0.0,0.0,0.0,,1985-09-29,,bmo,,2025-04-25,1985-09-30,,,
