date,symbol,reportedCurrency,cik,fillingDate,acceptedDate,calendarYear,period,revenue,costOfRevenue,grossProfit,grossProfitRatio,researchAndDevelopmentExpenses,generalAndAdministrativeExpenses,sellingAndMarketingExpenses,sellingGeneralAndAdministrativeExpenses,otherExpenses,operatingExpenses,costAndExpenses,interestIncome,interestExpense,depreciationAndAmortization,ebitda,ebitdaratio,operatingIncome,operatingIncomeRatio,totalOtherIncomeExpensesNet,incomeBeforeTax,incomeBeforeTaxRatio,incomeTaxExpense,netIncome,netIncomeRatio,eps,epsdiluted,weightedAverageShsOut,weightedAverageShsOutDil,link,finalLink,revenuePerShare,netIncomePerShare,operatingCashFlowPerShare,freeCashFlowPerShare,cashPerShare,bookValuePerShare,tangibleBookValuePerShare,shareholdersEquityPerShare,interestDebtPerShare,marketCap,enterpriseValue,peRatio,priceToSalesRatio,pocfratio,pfcfRatio,pbRatio,ptbRatio,evToSales,enterpriseValueOverEBITDA,evToOperatingCashFlow,evToFreeCashFlow,earningsYield,freeCashFlowYield,debtToEquity,debtToAssets,netDebtToEBITDA,currentRatio,interestCoverage,incomeQuality,dividendYield,payoutRatio,salesGeneralAndAdministrativeToRevenue,researchAndDdevelopementToRevenue,intangiblesToTotalAssets,capexToOperatingCashFlow,capexToRevenue,capexToDepreciation,stockBasedCompensationToRevenue,grahamNumber,roic,returnOnTangibleAssets,grahamNetNet,workingCapital,tangibleAssetValue,netCurrentAssetValue,investedCapital,averageReceivables,averagePayables,averageInventory,daysSalesOutstanding,daysPayablesOutstanding,daysOfInventoryOnHand,receivablesTurnover,payablesTurnover,inventoryTurnover,roe,capexPerShare,report_date,epsEstimated,time,revenueEstimated,updatedFromDate,fiscalDateEnding,surprise(%),QuarterAvgPrice,QuarterAvgVolume
2024-12-31,COR,USD,1140859,2025-02-05,2025-02-05 14:09:29,2025,Q1,81487060000.0,78929022000.0,2558038000.0,0.0313919535,0,0.0,0.0,1472055000.0,379729000.0,1851784000.0,80401077000.0,33248000.0,61181000.0,278492000.0,961037000.0,0.0117937376,706254000.0,0.0086670693,-85807000.0,620447000.0,0.0076140555,126728000.0,488600000.0,0.005996044,2.52,2.5,193758000,195188000,https://www.sec.gov/Archives/edgar/data/1140859/000114085925000034/0001140859-25-000034-index.htm,https://www.sec.gov/Archives/edgar/data/1140859/000114085925000034/cor-20241231.htm,420.5610090938181,2.521702329710257,-14.03184384644763,-14.578365796509049,16.64065483747768,1.867804168085963,-64.50084125558686,1.1693968765160665,42.371040163502926,43533547440.0,48457834440.0,22.274635407286123,0.5342387790159566,-16.012150823420193,-15.411878336445788,192.13323082355012,192.13323082355012,0.5946690731019133,50.422444130663024,-17.823361505262284,-17.15518933682636,0.011223528261128,-0.0648850177875603,35.96322270279813,0.118001997673889,5.123930712345103,0.9170327415942712,11.543681862015983,-5.506739663654832,0.0025471850221448,0.2269504707327057,0.0,0.0,0.1862223408663505,-0.0389486909947174,0.0012995069401203,0.3789892236828449,0.0008637445012741,8.145525988356763,0.0335353322137581,0.0086947457007543,-189.95266776081505,-4522471000.0,-12497554000.0,-18705778000.0,10436772000.0,24208769500.0,50426507500.0,19753426500.0,27.110011822736027,56.91159799243427,23.38457709510197,3.319806741084516,1.581399981282628,3.84869051229714,2.1564127460499605,0.5465219500614168,2025-02-05,3.5,bmo,78311244289.0,2025-05-05,2024-12-31,0.0657142857142857,251.20916666666665,1572644.05
2024-09-30,COR,USD,1490892,2024-11-26,2024-11-26 14:45:55,2024,Q4,79050106000.0,76557689000.0,2492417000.0,0.0315295845,0,0.0,0.0,1490343000.0,875435000.0,2365778000.0,78923467000.0,0.0,20969000.0,277044000.0,423190000.0,0.00535344,126639000.0,0.0016020092,-1462000.0,125177000.0,0.0015835146,117711000.0,3382000.0,4.2783e-05,0.017,0.0169,198503000,200284000,https://www.sec.gov/Archives/edgar/data/1140859/000114085924000177/0001140859-24-000177-index.htm,https://www.sec.gov/Archives/edgar/data/1140859/000114085924000177/cor-20240930.htm,398.2312912147423,0.0170375258812209,5.039616529724992,4.12112159513962,15.781363505841222,3.963375868374785,-63.13421459625295,3.254046538339471,22.21147791217261,44679055240.0,45934483240.0,3302.709583086931,0.5651991818961002,44.66212829337681,54.61619969317466,69.16926274657939,69.16926274657939,0.5810806027255675,108.5434042392306,45.917080666427424,56.15084956390463,7.569542332157872e-05,0.0183095859034104,6.793339298818153,0.065394440945856,2.966582386162244,0.8791526135363318,6.039343793218561,295.79509166173864,0.002259336045889,29.847723240685983,0.0,0.0,0.1984909406199998,0.1822549253832797,0.0023064358699278,0.6581048497711555,0.0,1.1168797149211114,0.0005636318082352,6.2882798103788e-05,-180.24412351450607,-6559240000.0,-12532331000.0,-18597112000.0,8941243000.0,23983969000.0,50412605500.0,18650189500.0,27.17850055760836,59.88679438847743,22.33472551659704,3.3114409608150868,1.5028354901780572,4.029599554877923,0.0052357966244438,0.9184949345853716,2024-11-06,3.23,bmo,77619349635.0,2025-04-25,2024-09-30,0.0340557275541795,235.1790625,1262755.28125
2024-06-30,COR,USD,1490892,2024-07-31,2024-07-31 16:05:22,2024,Q3,74241353000.0,72154776000.0,2086577000.0,0.0281053202,0,0.0,0.0,1383206000.0,-12814000.0,1383206000.0,73537982000.0,27608000.0,58936000.0,278932000.0,966202000.0,0.0130143372,703371000.0,0.0094741134,-75037000.0,628334000.0,0.0084633964,140740000.0,483463000.0,0.0065120446,2.44,2.42,198260000,200047000,https://www.sec.gov/Archives/edgar/data/1140859/000114085924000119/0001140859-24-000119-index.htm,https://www.sec.gov/Archives/edgar/data/1140859/000114085924000119/cor-20240630.htm,374.46460708161,2.438530212851811,12.496681125794412,11.902113386462222,17.202980934126906,5.349051745183093,-63.371633213961466,4.666644809845657,24.15996166649854,44317057800.0,45637412800.0,22.916468168194875,0.596932248796705,17.88714921585152,18.78069824593075,47.89951005664666,47.89951005664666,0.6147168788801572,47.23382149902401,18.42006787235348,19.34023874937333,0.0109091854017438,0.0532461566074451,5.113458688793559,0.0708528729004016,1.3665413650561684,0.8930301803340126,11.934488258449845,5.1246775864957606,0.0023135786780502,0.2120762085206106,0.0,0.0,0.2040447596188631,0.0475780515920296,0.0015877808692414,0.4226083776691093,0.0002987283919785,16.001389725045023,0.0380002989501428,0.0090965656944437,-176.93126071824875,-5666605000.0,-12564060001.0,-18404658000.0,10038837000.0,23425189000.0,48101911500.0,18563723000.0,29.21082364972524,62.22005886346317,22.82786020983559,3.0810497190772144,1.446478862990111,3.942550864282176,0.5225446358606541,0.5945677393321901,2024-07-31,3.22,bmo,73319500799.0,2025-04-25,2024-06-30,0.0372670807453415,232.16015625,1423159.078125
2024-03-31,COR,USD,1490892,2024-03-31,2024-03-30 20:00:00,2024,Q2,68414307000.0,66148016000.0,2266291000.0,0.0331259805,0,0.0,0.0,1388810000.0,-22063000.0,1388810000.0,67536826000.0,12680000.0,76810000.0,271732000.0,821947000.0,0.012014256,877481000.0,0.0128259868,-86193000.0,467066000.0,0.0068270223,45861000.0,420775000.0,0.0061503948,2.11,2.09,199406000,201177000,,,343.0905138260634,2.110142122102645,-4.405298737249631,-4.9707431070278725,10.375104059055394,6.153385555098643,-63.025129635016,6.153385555098643,26.710670691955105,48455658000.0,51636258000.0,28.78953003386608,0.7082679065944496,-55.16084481292469,-48.886050791165424,39.49045575384957,39.49045575384957,0.7547581823784315,62.82188267613362,-58.781569208246864,-52.09490151291975,0.0086837124366363,-0.0204557329507319,4.278210170640787,0.0821922436769084,3.869592564970734,0.8874486501305188,11.424046348131752,-2.087678688134989,0.0022082457326242,0.2542974273661695,0.0,0.0,0.2159861129930294,-0.128355510829957,0.0016480909468249,0.4149419280761927,0.0004115513440777,17.092444418526313,0.0521450646466774,0.008403158281432,-170.97542074962638,-5600759000.0,-12567589000.0,-18479972000.0,10283348999.0,22176220000.0,47032124000.0,18739070000.0,29.933548110046637,63.02335144866627,25.6142376212765,3.006659941184626,1.4280421134586396,3.5136708470776963,0.3429237617581429,0.5654443697782414,2024-05-01,3.69,bmo,70595959981.0,2025-04-25,2024-03-31,0.0298102981029809,231.6006349206349,1499953.2698412698
2023-12-31,COR,USD,1490892,2023-12-31,2023-12-30 19:00:00,2024,Q1,72252833000.0,70102872000.0,2149961000.0,0.0297560789,0,0.0,0.0,1398747000.0,1087000.0,1398747000.0,71501619000.0,18052000.0,58616000.0,276534000.0,1118548000.0,0.0154810262,751214000.0,0.0103970179,-39477000.0,783398000.0,0.0108424537,180390000.0,601500000.0,0.0083249331,3.01,2.98,200081000,201837000,,,361.1179122455405,3.00628245560548,4.423993282720498,4.053058511302923,14.854718838870255,5.304131826610223,-64.85231981047676,4.556669548832723,24.17690335414157,41724891740.0,43531467740.0,17.342016517040733,0.5774845083237082,47.13840792085472,51.45250171406023,45.765881805807375,45.765881805807375,0.6024880400191367,38.91783610537947,49.17937466460752,53.68025715835943,0.0144158552584898,0.0194354009365249,5.241534798064721,0.073870784671154,1.615108158076363,0.8835072574906834,12.81585232700969,1.4715827098919367,0.0025330203529007,0.1757107231920199,0.0,0.0,0.2169873018205496,0.083846142548723,0.0010271846364833,0.2683829113237432,0.0008729899905793,17.556175657430916,0.0398518721856018,0.0118748376710677,-175.58956247719672,-5914741000.0,-12975717000.0,-18770310000.0,10239515000.0,21293193000.0,46789755500.0,18053504000.0,26.90325858918224,61.29438833832657,23.946260004868275,3.345319664592187,1.4683236498458407,3.758415718433818,0.6597543278896746,0.3709347714175758,2024-01-31,2.89,bmo,69174100000.0,2025-04-25,2023-12-31,0.134948096885813,229.89737704918036,1311627.8852459015
2023-09-30,COR,USD,1490892,2023-09-30,2023-09-29 20:00:00,2023,Q4,68922331000.0,66668879000.0,2253452000.0,0.032695528,0,0.0,0.0,1393828000.0,30424000.0,1670054000.0,68338933000.0,13164000.0,60942000.0,276226000.0,796755000.0,0.0115601865,476941000.0,0.0069199778,-30518000.0,446423000.0,0.0064771895,97443000.0,350565000.0,0.0050863776,1.74,1.72,201338000,203395000,,,342.3215240044105,1.7411765290208503,9.073354260000595,8.201700622833245,12.874127089769445,3.309295811024248,-66.2548202525107,3.309295811024248,24.080893820341917,36234799860.0,38430205860.0,25.84028629498096,0.5257338127464087,19.83500201170236,21.94301014828191,54.38317100588785,54.38317100588785,0.5575871463198191,48.23340407025999,21.036771652896768,23.272500481434783,0.0096748154082394,0.0455725988933335,7.185277515545103,0.0765273811594625,2.755434230095826,0.8764647961329968,7.82614617176988,5.23471545647315,0.0027139379927569,0.2805157388786673,0.0,0.0,0.2238839634029748,0.0960674092722235,0.0025463009949561,0.6414176486067659,0.0003616389584966,11.386243206571908,0.0259474900503806,0.0072202770564675,-173.00198298383813,-6032372000.0,-13339613000.0,-19093633000.0,10108699000.0,20911164000.0,44794058500.0,17153554000.0,27.40676443459232,61.876596575142656,23.56315485670608,3.283860822564068,1.454507923536234,3.8195224937965375,0.5261471407966837,0.8716536371673504,2023-11-02,2.79,bmo,66022900000.0,2025-04-25,2023-09-30,0.0250896057347669,195.16650793650797,1400423.5714285714
2023-06-30,COR,USD,1490892,2023-06-30,2023-06-29 20:00:00,2023,Q3,66947043000.0,64682397000.0,2264646000.0,0.0338274239,0,0.0,0.0,1304141000.0,-3436000.0,1578413000.0,66260810000.0,10602000.0,57864000.0,275439000.0,952733000.0,0.0142311439,670128000.0,0.0100098222,-61300000.0,608828000.0,0.0090941731,129615000.0,479581000.0,0.0071635875,2.37,2.35,202349000,204375000,,,330.8493889270518,2.370068544939683,3.681436527978888,3.1660843394333558,6.86608285684634,4.556701540407909,-66.73233374022111,4.556701540407909,25.098112666729264,38938018070.0,42569387070.0,20.2979361515573,0.5816241662831919,52.27035656802272,60.77854515854112,42.23010840046679,42.23010840046679,0.6358665769599413,44.681339966181504,57.145102686811605,66.44676700683989,0.0123165231249788,0.0164531743461692,5.445200012146926,0.0820683903198178,3.8115285184831422,0.8760959994815234,11.581086686022395,1.554496643454998,0.0025408072856236,0.206292576227999,0.0,0.0,0.2357948049792932,0.1399867102498875,0.0015576640181105,0.3764575496559641,0.0003072129713033,15.588237144269304,0.0345767293351074,0.0102579934078017,-172.0494875190883,-5796627000.0,-13503221000.0,-19268568000.0,10776519000.0,20180286000.0,43243451000.0,16903792500.0,28.00827857325976,60.87726155232002,23.448583700446356,3.213335648765125,1.4783845019482502,3.838184904885612,0.5201281066847135,0.5153521885455327,2023-06-29,2.82,bmo,63930685905.0,2025-04-25,2023-06-30,-0.1666666666666665,184.6888888888889,1650126.7936507936
2023-03-31,COR,USD,1490892,2023-03-31,2023-03-31 00:00:00,2023,Q2,63457205000.0,61156908000.0,2300297000.0,0.0362495795,0,0.0,0.0,1321087000.0,15720000.0,1562553000.0,62724316000.0,8163000.0,64109000.0,242127000.0,826529000.0,0.0130249827,560519000.0,0.0088330238,-48389000.0,512130000.0,0.0080704784,83917000.0,435402000.0,0.0068613485,2.15,2.13,202316000,204256000,,,313.65391269103776,2.152088811562111,3.111508728919117,2.603125803198956,7.608918721208407,2.5264289527274166,-69.2344945530754,2.5264289527274166,24.69859032404753,32392814760.000004,35786219760.0,18.59937182190252,0.5104670897496983,51.45735202729751,61.50682375905244,63.37403623686018,63.37403623686018,0.5639425776789255,43.29699231363933,56.847918946224674,67.95015277582625,0.0134413141687721,0.0162583586484226,9.65066312945453,0.083939618811043,4.105609119583221,0.8872568821655261,8.743218580854482,1.4700814781428868,0.0031416226331051,0.2337288299089117,0.0,0.0,0.2470533606036655,0.1633879156420569,0.0016208403758091,0.4202067246803121,0.0003703125594642,11.060503530732822,0.0335692847519748,0.0098400824447769,-166.04313919808615,-5081456000.0,-14007246000.0,-18265405000.0,11586864000.0,19119508000.0,42246385500.0,16867559000.0,27.693940349247967,62.88960815350573,24.95175279299601,3.249808400863547,1.4310790390094523,3.606961031822306,0.8518303312027891,0.5083829257201605,2023-03-31,3.3,bmo,60458628085.0,2025-04-25,2023-03-31,-0.3545454545454545,173.03129032258065,1287069.564516129
2022-12-31,COR,USD,1490892,2022-12-31,2022-12-31 00:00:00,2023,Q1,62846832000.0,60747194000.0,2099638000.0,0.0334088121,0,0.0,0.0,1290928000.0,6328000.0,1462868000.0,62163747000.0,14790000.0,46016000.0,172730000.0,826991000.0,0.0131588335,633143000.0,0.0100743821,-39688000.0,593455000.0,0.0094428785,117285000.0,479745000.0,0.007633559,2.35,2.33,204032000,206327000,,,308.02438833124216,2.3513223415934754,3.4802383939774155,3.1090858296737767,8.29382155740276,0.3605267801129234,-63.487433343789206,0.3605267801129234,27.88935069008783,33810142720.0,37762241720.0,17.61880932578766,0.5379768819532542,47.61455430374042,53.29862508729367,459.6329846789652,459.6329846789652,0.6008614995899872,45.66221605797403,53.18026380126183,59.52875090052384,0.0141893810970579,0.0187622100638089,76.7316575809894,0.0974720574284653,4.778889975828032,0.9094628776726364,13.759192454798333,1.4912321229812882,0.0029492037589363,0.2078458347663863,0.0,0.0,0.2249650486341928,0.1066457300585849,0.0012049453821315,0.4317093471370259,0.0008852156621037,4.367331008579633,0.0359413357770639,0.0106895372637699,-165.25233419267565,-4052498000.0,-12953468000.0,-17125209000.0,11114311000.0,18668907000.0,40975419500.0,16168133500.0,26.79739513361628,61.86648571784237,24.860219387252688,3.3585353931322426,1.454745634178537,3.620241583473248,6.5219075843880425,0.3711525643036386,2022-12-31,2.64,bmo,62812045126.0,2025-04-25,2022-12-31,-0.1174242424242424,158.64806451612904,1324442.822580645
2022-09-30,COR,USD,1490892,2022-09-30,2022-09-30 00:00:00,2022,Q4,61174149000.0,59176175000.0,1997974000.0,0.0326604298,0,0.0,0.0,1263462000.0,-20656000.0,1434024000.0,60622614000.0,10798000.0,51523000.0,170562000.0,615223000.0,0.0100569115,454519000.0,0.0074299195,-72179000.0,382340000.0,0.0062500256,83664000.0,294737000.0,0.0048179992,1.41,1.4,209772745,209941000,,,291.621054012522,1.4050300004416685,5.551102456136521,4.723606968102553,16.15171217786181,0.3397629181998834,-60.85323429409288,-1.381418734831353,27.43138056376199,28388545580.85,30703189580.85,24.07955701256544,0.4640611442073351,24.378941132747087,28.649716395511486,-97.96450315010492,-97.96450315010492,0.5018981070067685,49.90578957686888,26.366664302944688,30.985654810098865,0.0103822507976181,0.0349043594775922,-19.67959928774535,0.1008269252230209,3.762284569985193,0.9105708398658584,8.821671874696737,3.8987732526215697,0.0033974266038151,0.327234110410298,0.0,0.0,0.2269533804228723,0.1490686750195367,0.0028375711446349,0.9960807716805627,0.000268740967692,,0.0250870742149305,0.0067408527853345,-149.46662756403364,-3888197000.0,-12765350000.0,-16899585000.0,11083429000.0,18688661500.0,39749279000.0,15689877000.0,27.40163774080453,61.12865692992154,23.659445038480435,3.2844752146320992,1.4723045543627244,3.803977644176407,-1.0170920409684454,0.8274954880339674,2022-09-30,2.57,bmo,60539921689.0,2025-04-25,2022-09-30,-0.4552529182879377,157.98,1504672.0793650793
2022-06-30,COR,USD,1490892,2022-06-30,2022-06-30 00:00:00,2022,Q3,60064601000.0,58021614000.0,2042987000.0,0.0340131619,0,0.0,0.0,1212152000.0,41888000.0,1384266000.0,59433498000.0,4795000.0,52862000.0,172843000.0,706823000.0,0.0117677132,487297000.0,0.0081128817,-10974000.0,476323000.0,0.0079301784,113120000.0,406964000.0,0.0067754383,1.92,1.92,211738000,211960416,,,283.67416807564064,1.9220168321227176,1.929847264071636,1.3943316740500051,14.330129688577394,2.445777328585327,-60.084793471176646,2.445777328585327,28.8779482190254,29956692240.0,32984156240.0,18.402544352817447,0.498741217643317,73.31150119181052,101.46796679233012,57.84663973552902,57.84663973552902,0.5491446824061978,46.66536918012005,80.72046106181261,111.7224573133762,0.0135850779765529,0.0098553270713175,11.70519093816137,0.1060226016784311,4.283199612915822,0.9209862467966698,9.21828534675192,1.1250512798627763,0.00324855625649,0.2391268023707256,0.0,0.0,0.2315770049933859,0.2774911776654218,0.0018877841209666,0.6459807440323592,0.0002396586302138,10.284384611935492,0.0240640873619045,0.0092631751073417,-149.45731517252457,-3409784000.0,-12722234000.0,-16911240000.0,11935079000.0,18499222500.0,38758145500.0,15669105500.0,28.097867494366607,60.96883344196527,24.544343078770613,3.203090057209653,1.4761640484013654,3.6668327080973953,0.7858511114887307,0.5355155900216305,2022-06-30,2.56,bmo,59079063934.0,2025-04-25,2022-06-30,-0.25,143.605,989640.234375
2022-03-31,COR,USD,1490892,2022-03-31,2022-03-30 20:00:00,2022,Q2,57719446000.0,55484366000.0,2235080000.0,0.0387231714,0,0.0,0.0,1203238000.0,948000.0,1378528000.0,56862894000.0,2456000.0,55372000.0,176701000.0,960262000.0,0.0166367155,780157000.0,0.0135163633,-51968000.0,728189000.0,0.0126160081,172944000.0,548014000.0,0.0094944432,2.62,2.59,209244000,211991000,,,275.8475559633729,2.619018944390281,1.2740389210682266,0.6544178088738506,14.149791630823344,4.330183900135727,-61.07816233679341,2.6299870008220068,31.120337978627823,32372139240.0,35867752240.0,14.767934414084312,0.5608532562838527,121.43271091771857,236.40860303944265,58.82538581051737,58.82538581051737,0.6214153933494095,37.352047920255096,134.54527539058836,261.9365108483711,0.0169285692223533,0.0042299645069733,11.73226678102666,0.1126606191618145,3.6402700512985,0.9208403624494572,14.089377302607817,0.4801213878558114,0.0030082040386034,0.1776998397851149,0.0,0.0,0.2388194922282698,0.4863439428324924,0.0022462447058137,0.7217564603582841,0.0003403532320805,12.449083501193684,0.0364498901325301,0.0125628329051343,-152.92734678174762,-3387841000.0,-12780239000.0,-16992348000.0,12437061000.0,17787829500.0,38414178500.0,15904392000.0,28.45094615079985,61.98063198559392,25.166307027821137,3.1633394377455453,1.4520665104047112,3.576210045459025,0.9958296157249836,0.619621112194376,2022-03-30,2.92,bmo,57481509214.0,2025-04-25,2022-03-31,-0.113013698630137,152.98145161290324,1606772.7258064516
2021-12-31,COR,USD,1490892,2021-12-31,2021-12-30 19:00:00,2022,Q1,59628810000.0,57568451000.0,2060359000.0,0.0345530793,0,0.0,0.0,1170110000.0,5172000.0,1346039000.0,58914490000.0,3260000.0,56632000.0,177270000.0,830107000.0,0.0139212404,644405000.0,0.0108069405,-48200000.0,596205000.0,0.0099986064,146789000.0,449105000.0,0.0075316781,2.15,2.13,208555000,211168000,,,285.9140754237491,2.153412768813982,4.13996787418187,3.7578576394716015,15.19446189254633,2.8823140178849704,-64.25807101244276,1.158188487449354,32.30673922945986,27714873950.0,31227092950.0,15.427836446933345,0.464789989100906,32.09928290234894,35.36323425458071,114.7395276676078,114.7395276676078,0.5236913658011957,37.6181539849682,36.16712428959093,39.84470595365691,0.0162044756476332,0.0282779565014041,27.6597418297136,0.1160365172795431,4.231043708823079,0.9462983319998352,11.378814098036443,1.9211843815084464,0.0036276910434947,0.2238696963961657,0.0,0.0,0.2431930430401675,0.0922978743611096,0.0013364512892341,0.4417412223811266,0.0007197862912239,7.49108151372369,0.0299244252290601,0.0103064591864055,-156.61875764186905,-2234720000.0,-13401342000.0,-17597558000.0,13897440000.0,17859172000.0,38313844000.0,15831142500.0,26.155753569457445,60.37327737027352,25.47322265106629,3.440925521836031,1.4907257634536506,3.5331218681210976,1.859293881910692,0.3821102347102683,2022-02-02,2.59,bmo,59600229854.0,2025-04-25,2021-12-31,-0.0038610038610037,141.5135483870968,1154292.4838709678
2021-09-30,COR,USD,1490892,2021-09-30,2021-09-29 20:00:00,2021,Q4,58912421000.0,56843010000.0,2069411000.0,0.0351269047,0,0.0,0.0,1215688000.0,46637000.0,1393409000.0,58236419000.0,5175000.0,54596000.0,177721000.0,791428000.0,0.0134339752,561895000.0,0.0095378019,-100672000.0,553936000.0,0.009402703,117488000.0,437698000.0,0.0074296386,2.11,2.08,207900000,210810000,,,283.3690283790284,2.1053294853294853,4.857224627224627,4.064487734487734,12.251765271765272,2.811019721019721,-65.91172198172198,1.0743338143338144,32.41231361231361,24833655000.0,28970437000.0,14.184240617960327,0.421535129238705,24.59223304816615,29.38869737173775,111.18518137127607,111.18518137127607,0.4917543110306059,36.605271736658295,28.688799059631595,34.284256816807435,0.0176251945192924,0.0340266867684197,29.92524870832848,0.1165709779089032,5.226984640422123,0.938198356179063,10.291871199355263,2.313716639782976,0.0037290926365853,0.2115773889759606,0.0,0.0,0.2491804142136239,0.1632077891340708,0.0027975424741074,0.9455699180135057,0.0003077279747169,7.133799812798094,0.0271950776943354,0.0101671189781582,-157.43284511784512,-2556032000.0,-13703047000.0,-17950785000.0,13894387000.0,18169142500.0,37256385000.0,15790277500.0,28.09279387788188,60.18146927828065,24.332836702349155,3.203668541876824,1.495476947959474,3.6987056256910313,1.9596604493315544,0.7927368927368927,2021-11-04,2.36,bmo,164960000.0,2025-04-25,2021-09-30,0.0127118644067797,122.999375,877611.6875
2021-06-30,COR,USD,1490892,2021-07-30,2021-07-30 07:19:20,2021,Q3,53405695000.0,51664921000.0,1740774000.0,0.0325952878,0,20620000.0,5804000.0,26424000.0,45367000.0,71791000.0,124761000.0,1673000.0,11022000.0,127953000.0,754494000.0,0.0141275944,37363000.0,0.000699607,-47197000.0,28479000.0,0.0005332577,4000.0,25249000.0,0.0004727773,0.12,0.59,208658571,42939000,https://www.sec.gov/Archives/edgar/data/1490892/000155837021009655/0001558370-21-009655-index.htm,https://www.sec.gov/Archives/edgar/data/1490892/000155837021009655/cor-20210630x10q.htm,255.94776550060817,0.121006292140283,5.787536041354371,5.203831286662076,12.236338952019372,1.957460927881079,-67.87215560869532,0.1819335760715048,34.09308309697951,23889319793.79,28438894793.79,236.5372865637253,0.4473178336840293,19.78216622443834,22.001097593891824,629.2956059688636,629.2956059688636,0.5325067821660218,37.6926719016851,23.54955892031344,26.19107221224618,0.0010569158192006,0.0454522778117047,187.10268162899743,0.1269921890811911,6.029968429172399,0.9411446947572758,3.3898566503356924,47.82838924313834,0.0038375307790819,3.6308764703552616,0.0003861011452055,0.0,0.2605096399602538,0.1008554850495065,0.0022805620262033,2.684660656424273,0.000268791558653,0.7038038915530987,0.002224111678758,0.0006104633254407,-150.49106346079597,-2330072000.0,-14162107000.0,-18262729000.0,14383556000.0,16207426000.0,33961603000.0,14583439500.0,30.248293744702693,63.58769889534913,28.24156587793873,2.975374437963512,1.415368091053578,3.1867921342953824,0.6651124809019546,0.5837047546922959,2021-08-04,2.01,bmo,160010000.0,2025-04-25,2021-06-30,0.0746268656716419,120.13640625,809559.96875
2021-03-31,COR,USD,1490892,2021-04-30,2021-04-30 07:19:01,2021,Q2,49154171000.0,47620790000.0,1533381000.0,0.0311953384,0,20738000.0,5862000.0,26600000.0,44628000.0,71228000.0,120595000.0,658000.0,11136000.0,105082000.0,704761000.0,0.014337766,37047000.0,0.0007536899,-57836000.0,24924000.0,0.0005070577,9000.0,21868000.0,0.0004448859,0.11,0.51,207270000,42592000,https://www.sec.gov/Archives/edgar/data/1490892/000155837021005326/0001558370-21-005326-index.htm,https://www.sec.gov/Archives/edgar/data/1490892/000155837021005326/cor-20210331x10q.htm,237.15043662855217,0.1055048969942586,-2.189911709364597,-2.6058040237371545,32.04120229652145,-0.4958845949727408,-41.7411492256477,-1.3593670092150336,29.92296521445457,24472368900.0,24022185900.0,279.7737435979513,0.497869629415579,-53.91541562844925,-45.31039131280029,-86.8566025213305,-86.8566025213305,0.48871103736039,34.08557780580934,-52.92361121208717,-44.47688116199628,0.0008935792072013,-0.0220699925784462,-21.97290208549241,0.1317142325264742,-0.6387739957233729,1.0749384645849436,3.326778017241379,-20.756493506493506,0.0037291853670937,4.173312602890068,0.0004218970552875,0.0,0.1818790402791296,-0.1899128227837225,0.0017537067200258,1.931567625705835,0.0003823276767296,,0.00263571575829,0.0005686743739536,-111.63362401698268,2472703000.0,-8651688000.0,-11636883000.0,12504362000.0,14834762500.0,32435040000.0,13066817000.0,26.48616594510361,59.38236429929029,24.483441790864877,3.398000306519936,1.5156014931705175,3.675953763722072,-0.0776132540212098,0.4158923143725575,2021-05-05,2.51,bmo,156450000.0,2025-04-25,2021-03-31,0.0079681274900398,118.13666666666666,1049453.349206349
2020-12-31,COR,USD,1490892,2021-02-05,2021-02-05 07:18:21,2021,Q1,52516556000.0,51064326000.0,1452230000.0,0.0276528034,0,20489000.0,5844000.0,26333000.0,44386000.0,70719000.0,120586000.0,964000.0,10905000.0,104283000.0,665211000.0,0.0126666912,34352000.0,0.0006541175,-19346000.0,22419000.0,0.0004268939,10000.0,19658000.0,0.0003743201,0.0949,0.46,207096685,42529000,https://www.sec.gov/Archives/edgar/data/1490892/000155837021000757/0001558370-21-000757-index.htm,https://www.sec.gov/Archives/edgar/data/1490892/000155837021000757/cor-20201231x10k.htm,253.5847254146053,0.0949218477350325,4.360538170854835,4.0446953556982335,23.61659241431122,-2.4700926526177858,-43.85975082121667,-3.366649736571109,17.919248683290125,20245771925.6,19054965925.6,257.4749710753892,0.385512178780345,22.41925105791133,24.16992910535873,-29.037769785807104,-29.037769785807104,0.362837310306487,28.64499523549671,21.100606415791766,22.74831393039756,0.000970968164229,0.0413737249969131,-5.306935237270195,0.0807060598033868,-1.7901177220460875,0.990177332211596,3.1501146263182025,45.93819310204497,0.0044998531216685,4.634398209380405,0.0003901436339427,0.0,0.1869632555123624,0.0724320720932215,0.0012455119867342,1.4736628666696707,0.0009200336747139,,0.0031612652916067,0.0005273760850639,-113.35279461378148,-344230000.0,-9083209000.0,-11658095000.0,9704471000.0,14769318500.0,32577372500.0,12884118000.0,26.055625582149755,58.954505734590526,23.227687759944192,3.454148499188498,1.5266008743279833,3.874686147417724,-0.028194750022231,0.3158428151566018,2021-02-04,1.94,bmo,147895363.0,2025-04-25,2020-12-31,0.1237113402061856,108.19983606557376,1220573.0
2020-09-30,COR,USD,1490892,2020-10-30,2020-10-30 07:18:15,2020,Q4,49244768000.0,47906997000.0,1337771000.0,0.0271657489,0,19820000.0,5901000.0,25721000.0,41759000.0,67480000.0,118455000.0,1054000.0,10356000.0,99060000.0,-6008636000.0,-0.1220157236,35526000.0,0.0007214167,-6178983000.0,24142000.0,0.000490245,10000.0,21132000.0,0.0004291217,0.1,0.5,204084432,42404000,https://www.sec.gov/Archives/edgar/data/1490892/000155837020012091/0001558370-20-012091-index.htm,https://www.sec.gov/Archives/edgar/data/1490892/000155837020012091/cor-20200930x10q.htm,241.29605339029484,0.1035453796887358,6.366149476800857,5.785135046459595,22.528646379063343,-4.114159966890566,-46.218429831041696,-4.992659116693428,20.236114825260167,19779863149.44,19301637149.44,234.0036810221465,0.4016642569915244,15.224273377995615,16.753282200268323,-19.41250098087787,-19.41250098087787,0.3919530527474512,-3.2123159315092478,14.8561897716805,16.348231110026965,0.0010683592621619,0.0596897961871604,-4.043010077297227,0.0930442872394992,0.0795897771141403,0.9764460110967166,3.4304750869061413,61.48173386333523,0.0043890091323739,4.108177172061329,0.0004024793050096,0.0,0.1940792545109715,0.0912662249698283,0.0024078903163885,2.839531597978879,0.0003418028083714,,0.0032510524172559,0.000592231310775,-115.0064903039738,-797375000.0,-9432462000.0,-12058764000.0,9280259000.0,13739576000.0,30425102000.0,12219239500.0,26.19822698728117,59.56238396658425,23.65072100010777,3.4353469814462483,1.5110207820172523,3.8053808169142025,-0.0207395252246487,0.5810144303412619,2020-11-05,1.87,bmo,129344040.0,2025-04-25,2020-09-30,0.0106951871657752,100.0396875,965482.96875
2020-06-30,COR,USD,1490892,2020-07-31,2020-07-31 08:43:39,2020,Q3,45366777000.0,44140629000.0,1226148000.0,0.0270274435,0,20598000.0,5837000.0,26435000.0,41779000.0,68214000.0,114850000.0,1429000.0,9543000.0,98785000.0,480424000.0,0.0105897759,35693000.0,0.0007867652,-60996000.0,25107000.0,0.0005534226,19000.0,20671000.0,0.0004556418,0.1,0.52,205275886,39993000,https://www.sec.gov/Archives/edgar/data/1490892/000155837020008831/0001558370-20-008831-index.htm,https://www.sec.gov/Archives/edgar/data/1490892/000155837020008831/cor-20200630x10q.htm,221.0039273682638,0.100698627602075,-0.4281993453434662,-0.9480801851221824,16.661830411001123,19.329844714444445,-22.641363730370163,18.790575333334573,20.21617872836753,20685651032.22,21405730032.22,250.17719307508105,0.4559647477761093,-235.3343158877803,-106.28847810695824,5.36279481667778,5.36279481667778,0.4718371338616361,44.55591317715184,-243.5264341143813,-109.98843905609962,0.000999291729702,-0.0094083574984835,1.073393960259791,0.1015048087013529,1.4988406074634073,0.9767233943045232,3.740228439694016,-4.252285811039621,0.0041682516961007,4.171206037443762,0.0004540326944539,0.0,0.2112218615565796,-1.2141093755332826,0.002352360186398,2.5543694200435625,0.000260454913956,6.52488818511125,0.003340186989786,0.0006424747714196,-85.82869909035492,-712999000.0,-4647726000.0,-6903180000.0,9357686000.0,14027043500.0,29932568000.0,11475883500.0,26.076308440425468,59.425147974216685,24.159784628352263,3.451408783786097,1.5145103221122664,3.725198770786317,0.005358996508395,0.5198808397787161,2020-08-05,1.58,bmo,130277596.0,2025-04-25,2020-06-30,0.170886075949367,99.38734375,900900.984375
2020-03-31,COR,USD,1490892,2020-05-01,2020-05-01 07:17:50,2020,Q2,47417639000.0,46024597000.0,1393042000.0,0.0293781392,0,19666000.0,6144000.0,25810000.0,40991000.0,66801000.0,113174000.0,7561000.0,10154000.0,100823000.0,413942000.0,0.008729705,34188000.0,0.0007209975,-33312000.0,23005000.0,0.000485157,17000.0,17848000.0,0.0003764,0.0862,0.48,206956250,37504000,https://www.sec.gov/Archives/edgar/data/1490892/000155837020004871/0001558370-20-004871-index.html,https://www.sec.gov/Archives/edgar/data/1490892/000155837020004871/cor-20200501x10q.htm,229.1191447467762,0.0862404493703379,4.121146377555643,3.748715006190922,17.839219641832514,17.90288043970646,-23.843048953583185,17.34951227614532,20.078388548304293,18315628125.0,18768884125.0,256.55014742548184,0.3862619166888507,21.474607279659796,23.608089666417467,5.101007947161888,5.101007947161888,0.3958207224320046,45.34182113677762,22.00603839033318,24.192317966796423,0.000974468354467,0.0423583616518748,1.1544604090135604,0.0985958843032756,1.0949746582854605,0.9710031736007242,3.36694898562143,47.78669878978037,0.0047747748208881,4.899876736889287,0.0004147401771733,0.0,0.2054975300805651,0.0903708185161866,0.0016254921507163,1.8803395867385524,0.0003034524768304,5.8021693390185325,0.0032681358740016,0.0005343283672349,-86.54814725334461,-931140000.0,-4934468000.0,-7156499000.0,9130209000.0,13739240000.0,29950923500.0,11394516000.0,28.29895769378142,60.0722007408343,21.710802595403496,3.1803291475917903,1.498197150929784,4.145401792702696,0.0049707708203944,0.3724313713647208,2020-05-07,2.28,bmo,138151875.0,2025-04-25,2020-03-31,0.0526315789473684,92.10428571428572,1398337.761904762
2019-12-31,COR,USD,1490892,2020-02-07,2020-02-07 07:18:29,2020,Q1,47864742000.0,46642020000.0,1222722000.0,0.0255453586,0,19513000.0,5527000.0,25040000.0,39737000.0,64777000.0,110351000.0,10595000.0,9947000.0,109345000.0,378307000.0,0.0079036674,35684000.0,0.0007455174,-33849000.0,24767000.0,0.0005174372,22000.0,19194000.0,0.000401005,0.0921,0.51,208488888,37489000,https://www.sec.gov/Archives/edgar/data/1490892/000155837020000595/0001558370-20-000595-index.html,https://www.sec.gov/Archives/edgar/data/1490892/000155837020000595/cor-20191231x10k0cf293.htm,229.57934333651392,0.0920624604223511,0.6849765537624241,0.3621535935286872,15.504922257535377,14.720597483353645,-27.70929930807631,14.171623381673944,20.042075335928693,17725725257.76,18661724257.76,230.87586300093776,0.3703294850677352,124.12103674644632,234.7622708133236,5.999312690594342,5.999312690594342,0.3898845680137584,49.3295769249842,130.67519261788388,247.15878760029136,0.0010828329854428,0.0042596282466324,1.4108733220380516,0.1041714844423351,2.474178378935626,0.945294970469914,3.5874132904393283,7.440345941440033,0.0046874245646803,4.328852766489528,0.0004076695952941,0.0,0.2210615467957433,0.4712905258735382,0.0014061498545213,1.6937614817424569,0.0006554720382698,5.418041770386791,0.0035944274407382,0.0006157730290258,-88.4709404752545,-1675640000.0,-5777081000.0,-7992841000.0,8612905000.0,12480777000.0,28783467000.0,11373360000.0,23.633125192652244,56.30904064618127,22.55009409969808,3.808214075215995,1.5983223824663677,3.9911141657366738,0.0064962536713614,0.3228229602337368,2020-01-30,1.67,bmo,151761862.0,2025-04-25,2019-12-31,0.0538922155688623,88.11983870967742,1911630.8064516129
2019-09-30,COR,USD,1490892,2019-11-01,2019-11-01 07:17:42,2019,Q4,45637802000.0,44456202000.0,1181600000.0,0.0258908174,0,19002000.0,5476000.0,24478000.0,40546000.0,65024000.0,111248000.0,11243000.0,10085000.0,113387000.0,302986000.0,0.0066389262,33643000.0,0.000737174,-35190000.0,22657000.0,0.0004964525,13000.0,17450000.0,0.0003823585,0.0839,0.47,207989347,37132000,https://www.sec.gov/Archives/edgar/data/1490892/000155837019009633/0001558370-19-009633-index.html,https://www.sec.gov/Archives/edgar/data/1490892/000155837019009633/cor-20190930x10q52e74e.htm,219.42374769800108,0.0838985277452695,3.234886832929958,2.8528720752221988,16.222917417015594,14.391150523685235,-28.881945573875957,13.841656034431418,20.111496383514297,17123762938.51,17922460938.510002,245.3261165975645,0.375210071214867,25.45065847803728,28.85863713099987,5.947987711528327,5.947987711528327,0.3927108702235485,59.15276923194472,26.63774510719032,30.204680979073665,0.001019051715599,0.0346516710217684,1.4494658929034772,0.1065274719327437,2.6360887961820016,0.9510082283756756,3.335944471988101,38.55713467048711,0.004900207991743,4.8085959885386815,0.0004163653630821,0.0,0.2297648216914233,0.1180921551316692,0.0017409909443053,1.959626103684704,0.0002288234652492,5.111665840410296,0.0034557800784394,0.0005783577470456,-86.4462519803959,-1449240000.0,-6007137000.0,-8046720000.0,9321619000.0,12190884000.0,28096238500.0,11154015000.0,24.439091523294657,57.46457288456625,22.391090898858163,3.682624614512144,1.566182353443926,4.019455791883261,0.0060613070817949,0.3820147577077589,2019-11-07,1.58,bmo,147973787.0,2025-04-25,2019-09-30,0.0189873417721519,85.68828125,1110132.0625
2019-06-30,COR,USD,1490892,2019-07-26,2019-07-26 07:24:16,2019,Q3,45239265000.0,44011506000.0,1227759000.0,0.027139234,0,20015000.0,5784000.0,25799000.0,36996000.0,62795000.0,106850000.0,12789000.0,9455000.0,112296000.0,530206000.0,0.0117200401,36056000.0,0.0007970068,-35579000.0,25745000.0,0.0005690853,2000.0,19535000.0,0.0004318151,0.0925,0.53,211160139,36619000,https://www.sec.gov/Archives/edgar/data/1490892/000155837019006376/0001558370-19-006376-index.html,https://www.sec.gov/Archives/edgar/data/1490892/000155837019006376/cor-20190630x10q.htm,214.2415003809029,0.0925127256143736,2.689281237876056,2.361193747840827,14.205138404459944,14.714884232956486,-28.081843609697568,14.157132184876994,19.86244667133885,18073196297.01,19258339297.01,231.29250444087532,0.3995024299579138,31.8263477967806,36.2486136846106,6.045715960145474,6.045715960145474,0.4256996504476808,36.32237148770479,33.9133484958855,38.6256027938988,0.0010808824116646,0.0275872619212621,1.3998364901308682,0.1087541839557417,2.2352500726132862,0.9518184301148872,3.813432046536224,29.0693114921935,0.0046829569385024,4.332531353980036,0.0004424254019157,0.0,0.2348572339208937,0.1219982073330292,0.0015313909277703,1.872607849497243,0.0002334697524374,5.4284974826726895,0.00365806777307,0.0006635174918461,-84.0884154750438,-1387093000.0,-5929766000.0,-7969563000.0,9417296000.0,12105650500.0,27998396500.0,11310753000.0,23.851242941281207,56.863908951445566,23.00079983629735,3.773388255763811,1.582726225818355,3.912907404983883,0.0065347080472412,0.3280874900352287,2019-08-01,1.63,amc,145602339.0,2025-04-25,2019-06-30,0.0797546012269939,85.95921875,1283051.25
2019-03-31,COR,USD,1490892,2019-04-26,2019-04-26 07:16:30,2019,Q2,43319602000.0,41946822000.0,1372780000.0,0.0316895802,0,17858000.0,5652000.0,23510000.0,35646000.0,59156000.0,103462000.0,6607000.0,8887000.0,136597000.0,203006000.0,0.0046862388,35433000.0,0.0008179438,-21630000.0,25935000.0,0.0005986897,30000.0,19661000.0,0.0004538592,0.0932,0.54,210934220,36547000,https://www.sec.gov/Archives/edgar/data/1490892/000155837019003347/0001558370-19-003347-index.html,https://www.sec.gov/Archives/edgar/data/1490892/000155837019003347/cor-20190331x10q.htm,205.37019550455116,0.093209153071512,2.959993878660371,2.5700381853641385,13.63339717946192,14.404163534963647,-28.52712566031249,13.84893830882443,20.39194967985754,16682787459.8,18099510459.800003,212.13045445043485,0.3851094352113392,26.719649851368757,30.77386182446704,5.710907091672472,5.710907091672472,0.4178134060372946,89.15751485079261,28.98871565272822,33.38721633435343,0.0011785200792958,0.0324951091840199,1.4694135830467805,0.1106013582473317,6.978724766755662,0.9455798474450428,3.987059750196917,31.75647220385535,0.0050886580078157,4.317837342963227,0.0004122383211184,0.0,0.2333317615860321,0.1317420607209896,0.0018987939916899,2.307552039499523,0.0001408369356671,5.389255583182684,0.0035816858551886,0.0006607710691901,-85.53690695611172,-1589716000.0,-6017347000.0,-8149796000.0,9324829000.0,12100826500.0,28262841500.0,11586957500.0,25.392763072938667,60.48241509213737,24.40317647901908,3.544316927680625,1.488035817731423,3.688044467382293,0.0067304186785293,0.3899556932962323,2019-05-02,1.96,amc,144039259.0,2025-04-25,2019-03-31,0.0765306122448979,79.07539682539682,1481938.349206349
2018-12-31,COR,USD,1490892,2019-02-08,2019-02-08 07:22:34,2019,Q1,45392452000.0,44182151000.0,1210301000.0,0.0266630452,0,17954000.0,5394000.0,23348000.0,36035000.0,59383000.0,103780000.0,7066000.0,7078000.0,135232000.0,617024000.0,0.0135930969,35366000.0,0.0007791163,1361000.0,25918000.0,0.000570976,20000.0,19631000.0,0.0004324728,0.0918,0.54,213941304,36486000,https://www.sec.gov/Archives/edgar/data/1490892/000155837019000493/0001558370-19-000493-index.html,https://www.sec.gov/Archives/edgar/data/1490892/000155837019000493/cor-20181231x10k.htm,212.17245642290743,0.0917588125012082,2.238782278339296,1.868433035259054,11.873144420957628,14.792529263073016,-30.18356848007246,14.24901570198899,20.2333720467554,15917233017.6,17698753017.6,202.7053259844124,0.3506581450501947,33.232351676103626,39.81946293819656,5.221413293103093,5.221413293103093,0.3899051987233471,28.684059319572658,36.95184859447812,44.27621553679312,0.001233317372328,0.0251133472481055,1.4176620075822064,0.1100564194760682,2.8872782906337515,0.936101567004365,4.996609211641707,24.39855330854261,0.0053737354919301,4.357139218582853,0.0003955283138262,0.0,0.2450414681761196,0.1654244124868467,0.0017455104650438,2.198778964895241,0.0006998520370743,5.423848919616544,0.0035084828478156,0.0006621898213622,-87.30574531788402,-1875530000.0,-6457512000.0,-8626883000.0,9643658000.0,11646804000.0,27586583000.0,11859346500.0,23.75162240629786,57.7216435207059,24.03723281829352,3.789214835957314,1.5592071623483,3.744191383440175,0.0064396597224887,0.3703492430802422,2019-01-31,1.5,bmo,131415666.0,2025-04-25,2018-12-31,0.0666666666666667,80.35295081967213,1451884.4098360655
2018-09-30,COR,USD,1490892,2018-10-26,2018-10-26 07:22:56,2018,Q4,43297136000.0,42264495000.0,1032641000.0,0.0238500995,0,17403000.0,5180000.0,22583000.0,36264000.0,58847000.0,104707000.0,6381000.0,9433000.0,36264000.0,288755000.0,0.0066691478,34473000.0,0.0007961958,-42227000.0,25040000.0,0.0005783292,20000.0,18600000.0,0.0004295896,0.0858,0.52,216851320,35721478,https://www.sec.gov/Archives/edgar/data/1490892/000155837018007910/0001558370-18-007910-index.html,https://www.sec.gov/Archives/edgar/data/1490892/000155837018007910/cor-20180930x10q.htm,199.6627735537879,0.0857730540907014,3.0682082082783726,2.6621604147948004,11.494124176878426,14.06475644234031,-30.2610055590162,13.524584494113292,19.91974040093461,20121633982.800003,21939306982.800003,270.45206966129035,0.4647336023057045,30.24240654517581,34.85514978148012,6.8608392398589215,6.8608392398589215,0.5067149703112004,75.97896826998668,32.9743320875636,38.00376408998551,0.0009243782098362,0.0286901650479017,1.4696377961991582,0.1144201628900023,6.294862426624647,0.9291231724274478,3.65451076009753,35.77123655913979,0.0040790424907917,4.412741935483871,0.0004019434449428,0.0,0.2551670118676911,0.1323403647731628,0.0020336680005809,2.4280829472755348,0.0002012142327381,5.1089148202701935,0.0034612269102209,0.0006629187285161,-81.54175635177134,-1975315000.0,-6562139000.0,-8725505000.0,9529209000.0,11539420000.0,26643207500.0,11996427500.0,23.518422558018617,57.14769737577605,25.379830517317195,3.826787267639872,1.5748666023794948,3.5461229710967177,0.0063420102945147,0.406047793483572,2018-11-06,1.44,bmo,139200000.0,2025-04-25,2018-09-30,0.0069444444444444,86.2152380952381,1414654.9682539685
2018-06-30,COR,USD,1490892,2018-07-27,2018-07-27 07:17:38,2018,Q3,43142309000.0,41966568000.0,1175741000.0,0.0272526211,0,16844000.0,5369000.0,22213000.0,35577000.0,57790000.0,100344000.0,5694000.0,8907000.0,35558000.0,536966000.0,0.0124463899,36103000.0,0.0008368351,-83946000.0,27196000.0,0.0006303789,-83000.0,19389000.0,0.0004494196,0.0879,0.57,220647200,34220321,https://www.sec.gov/Archives/edgar/data/1490892/000155837018005794/0001558370-18-005794-index.html,https://www.sec.gov/Archives/edgar/data/1490892/000155837018005794/cor-20180630x10q.htm,195.52620200936155,0.0878733108781801,3.731227951227117,3.3707293815647783,10.826912827355162,14.846923051822094,-29.17648173192318,14.039702293978804,19.953169584748867,18814586744.0,20819362744.0,242.59356779617303,0.4361052335886797,22.853066367053938,25.297195457564584,6.073490606461768,6.073490606461768,0.4825741418708025,38.77221787599215,25.28815992517779,27.992721594316308,0.0010305302084927,0.0395300736667618,1.4183208132425986,0.1146893968487056,3.733525027655382,0.9396694003997412,4.05332884248344,42.46144721233689,0.0044343785561278,4.303006859559544,0.0003904288015738,0.0,0.2535563678151414,0.0966166029989614,0.0018437353457368,2.236993081725631,0.0002177908465678,5.268642168254334,0.0034801920334052,0.0006780330543999,-80.59969942967778,-1695270000.0,-6437709000.0,-8629259000.0,9921728000.0,11514814000.0,26426568000.0,12470914000.0,24.54238738125954,56.72274130207645,25.89421250744164,3.66712490524551,1.5866652057718051,3.475680134089239,0.006258915540956,0.3604985696623388,2018-08-02,1.45,bmo,131614035.0,2025-04-25,2018-06-30,0.0620689655172414,86.51809523809524,1252925.349206349
2018-03-31,COR,USD,1490892,2018-04-27,2018-04-27 07:16:18,2018,Q2,41033858000.0,39778513000.0,1255345000.0,0.030592907,0,15585000.0,5080000.0,20665000.0,33832000.0,54497000.0,93282000.0,1347000.0,7172000.0,33776000.0,536826000.0,0.0130825135,36337000.0,0.000885537,-120088000.0,28599000.0,0.000696961,33000.0,20302000.0,0.0004947622,0.0911,0.59,222833333,34164235,https://www.sec.gov/Archives/edgar/data/1490892/000155837018003374/0001558370-18-003374-index.html,https://www.sec.gov/Archives/edgar/data/1490892/000155837018003374/cor-20180331x10q.htm,184.145959886531,0.0911084518939543,-0.3929753184636878,-0.8200882585192045,9.385305922790286,15.094671675534288,-28.704381493948212,14.304637268967296,20.363053134424916,19210461637.93,21649497637.93,236.55873359681308,0.4681612349959879,-219.3776452349032,-105.12283172504556,6.02671695751596,6.02671695751596,0.5276008324133208,40.328705461229525,-247.2306965778595,-118.46964117875925,0.0010568199964499,-0.0095126813422944,1.4212780975984691,0.1179921507942601,4.543438656100859,0.9395896421223244,5.066508644729503,-4.313269628608019,0.0043714722520873,4.136439759629593,0.0003798083036696,0.0,0.2541920284264928,-1.0868696327425544,0.0023194260700517,2.817829227854097,0.0002826933796963,5.415131625436623,0.00343891489361,0.0007089716199379,-81.0393838160649,-1697193000.0,-6396293000.0,-8634925000.0,10002850000.0,10696398500.0,25875144000.0,12444070500.0,24.707675793000018,59.73887108349173,29.11303622636673,3.642592721145309,1.5065567589018374,3.091398619512242,0.0063691549936471,0.4271129400555167,2018-05-02,1.83,bmo,127403389.0,2025-04-25,2018-03-31,0.0601092896174862,87.86234375,1497429.984375
2017-12-31,COR,USD,1490892,2018-02-09,2018-02-09 07:19:16,2018,Q1,40466332000.0,39353680000.0,1112652000.0,0.0274957463,0,16312000.0,4616000.0,20928000.0,32666000.0,53594000.0,92279000.0,1519000.0,6190000.0,32629000.0,506107000.0,0.0125068662,33667000.0,0.0008319756,-59954000.0,27032000.0,0.0006680121,24000.0,20909000.0,0.0005167011,0.0946,0.61,220987948,34145280,https://www.sec.gov/Archives/edgar/data/1490892/000155837018000547/0001558370-18-000547-index.html,https://www.sec.gov/Archives/edgar/data/1490892/000155837018000547/cor-20171231x10k.htm,183.11556067301916,0.0946160195125211,0.0467265300820839,-0.2865088371244571,13.746211173470872,13.0078677412761,-27.27100303225586,13.0078677412761,19.42643496558464,20781706629.92,22030777629.92,248.4780074360324,0.5135554818736722,2012.5611688863064,-328.22722308963125,7.22947079955277,7.22947079955277,0.5444224010696103,43.52988128976679,2133.524852791013,-347.9551074772171,0.0010061252606605,-0.0030466698971124,1.4912839501534485,0.1178943888743894,2.4679978739673625,0.946004364724378,5.438933764135703,0.4938543211057439,0.0040206033839253,3.996126070113348,0.0004031005330554,0.0,0.2447958019345181,7.131609529343405,0.0018198091193439,2.256918691961139,0.000805805675691,5.262312707409134,0.0034888634293274,0.0007614246933717,-76.21688830741122,-1443859000.0,-6026563000.0,-8190496000.0,9286403000.0,10215553500.0,25375368000.0,11741044000.0,22.52490959645169,57.9666872322995,27.49067939770817,3.99557652449702,1.552615895390539,3.273836877509221,0.007273753192638,0.333235367206541,2018-02-06,1.35,bmo,134484090.0,2025-04-25,2017-12-31,0.1481481481481481,96.057868852459,2064872.754098361
2017-09-30,COR,USD,1490892,2017-10-27,2017-10-27 07:16:45,2017,Q4,39120015000.0,37947995000.0,1172020000.0,0.0299596,0,15836000.0,4643000.0,20479000.0,32077000.0,52556000.0,92269000.0,842000.0,6002000.0,32077000.0,-23317000.0,-0.0005960376,30799000.0,0.0007872952,13461000.0,24352000.0,0.0006224946,64000.0,17842000.0,0.0004560837,0.082,0.52,217604804,34114169,https://www.sec.gov/Archives/edgar/data/1490892/000155837017007621/0001558370-17-007621-index.html,https://www.sec.gov/Archives/edgar/data/1490892/000155837017007621/cor-20170930x10q.htm,179.77551175754374,0.081992675124948,6.343858107103187,5.907429323113657,11.19053878975944,9.487203232884507,-31.309515574849165,9.487203232884507,15.845500359449783,18006797531.0,19013737531.0,252.30912357078805,0.4602962839099115,13.044112683943109,14.007785023551422,8.722275466090181,8.722275466090181,0.4860360490914944,-815.4452773084016,13.77353937979824,14.791100270325986,0.0009908480377637,0.0713888739953312,1.6672899124759442,0.0974631666188608,-43.18480078912381,0.906225276785343,5.131456181272909,77.37103463737249,0.0044484312028331,4.489519112207152,0.0004048055707545,0.0,0.2513717254300897,0.0687954832250839,0.0024276319934948,2.960657168687845,0.0002713189143715,4.183578179221798,0.0036094616773119,0.0006748387641426,-79.77161662294918,-2514866000.0,-6813101000.0,-8948710000.0,8160641000.0,10428291000.0,25104293000.0,11565478500.0,23.70395716872808,60.24992308552797,27.182688308038408,3.796834400238214,1.493777840549941,3.3109308019908164,0.0086424495304101,0.4364287839895299,2017-11-02,1.32,bmo,115071739.0,2025-04-25,2017-09-30,0.0075757575757575,82.71444444444445,2029373.0
2017-06-30,COR,USD,1490892,2017-07-28,2017-07-28 07:16:20,2017,Q3,38707144000.0,37627269000.0,1079875000.0,0.0278985967,0,15439000.0,4414000.0,19853000.0,32346000.0,52199000.0,87804000.0,1414000.0,5541000.0,32207000.0,269911000.0,0.0069731572,30082000.0,0.0007771692,-37001000.0,24124000.0,0.0006232441,-11000.0,17728000.0,0.0004580033,0.081,0.52,218921739,34053816,https://www.sec.gov/Archives/edgar/data/1490892/000155837017005424/0001558370-17-005424-index.html,https://www.sec.gov/Archives/edgar/data/1490892/000155837017005424/cor-20170630x10q.htm,176.80813324801883,0.0809787099306752,-1.117751033395546,-1.6144034010254231,5.9905745587010895,11.664049498528788,-29.053597093891163,11.664049498528788,15.707594941039638,20694671987.67,22816397987.67,291.83596553009363,0.534647350568412,-84.57160599783408,-58.554138290316565,8.10438947570681,8.10438947570681,0.5894621930171341,84.53304232754502,-93.24232933252964,-64.55741477095759,0.0008566456144152,-0.0170782122186123,1.3444974259001516,0.0990705837506251,7.860835608774744,0.91946542350308,5.428983937917344,-13.803023465703973,0.0038693534281533,4.5168659747292415,0.0003988669378448,0.0,0.2572278936838767,-0.4443318348998774,0.0028089905057319,3.3759120688049182,0.0002671858197546,4.610004644418921,0.0033788635493295,0.0006887326325002,-77.83293279978925,-2073852000.0,-6360464000.0,-8423272000.0,8590040000.0,10068389000.0,24540281500.0,11502672500.0,24.53793077577617,59.32955059799848,27.912140261893573,3.6677909324305342,1.5169506442045455,3.224403401371212,0.0069425897018774,0.4966523676298771,2017-08-03,1.37,bmo,115336956.0,2025-04-25,2017-06-30,0.043795620437956,84.8384126984127,1529410.761904762
2017-03-31,COR,USD,1490892,2017-04-28,2017-04-28 07:19:02,2017,Q2,37147402000.0,35890975000.0,1256427000.0,0.0338227422,0,14086000.0,4503000.0,18589000.0,32338000.0,50927000.0,84657000.0,586000.0,4738000.0,32338000.0,734722000.0,0.0197785568,30264000.0,0.0008147003,-32066000.0,25157000.0,0.000677221,97000.0,18376000.0,0.0004946779,0.0831,0.54,221222043,33981776,https://www.sec.gov/Archives/edgar/data/1490892/000155837017003033/0001558370-17-003033-index.html,https://www.sec.gov/Archives/edgar/data/1490892/000155837017003033/cor-20170331x10q.htm,167.9190802880344,0.083065863377819,3.61057600394731,3.043643349772337,10.86886716799736,11.43327294920606,-28.69224474163273,11.43327294920606,18.527986381537936,19578150805.5,21267778805.5,266.3549032093491,0.5270395707753668,24.511324482089893,29.07699419073517,7.74056566244625,7.74056566244625,0.5725239898472577,28.94670202539192,26.62669383302931,31.58638866974296,0.000938597326303,0.0343914502799134,1.618658897430585,0.119023736159881,2.299683417673624,0.9201961927234305,6.387505276487969,43.466423595994776,0.0040823058721943,4.349368741837179,0.0003791920630142,0.0,0.2580645301962702,0.157020002779381,0.0033762253414114,3.878347455006494,0.0003245987431368,4.622616196170892,0.003179614866549,0.0007200524255845,-75.07271777613951,-2037505000.0,-6347357000.0,-8373800000.0,8541204000.0,9639860000.0,24224180000.0,11375293500.0,23.218765070031008,60.874403941380805,28.42562621940474,3.8761751423276634,1.4784539013583735,3.1661571606314003,0.0072652742348451,0.566932654174973,2017-05-04,1.71,bmo,110112500.0,2025-04-25,2017-03-31,0.0350877192982456,89.05428571428571,1516075.0
2016-12-31,COR,USD,1490892,2017-02-10,2017-02-10 07:16:35,2017,Q1,38169265000.0,37131585000.0,1037680000.0,0.0271862715,0,14312000.0,4308000.0,18620000.0,30674000.0,49294000.0,82575000.0,1015000.0,4329000.0,30674000.0,504531000.0,0.013218253,27933000.0,0.0007318192,-56515000.0,23235000.0,0.0006087359,74000.0,16980000.0,0.0004448605,0.0762,0.5,222744144,33859539,https://www.sec.gov/Archives/edgar/data/1490892/000155837017000503/0001558370-17-000503-index.html,https://www.sec.gov/Archives/edgar/data/1490892/000155837017000503/cor-20161231x10k.htm,171.359229987209,0.0762309603075356,-1.93205977168136,-2.5483812494751827,8.041217011747792,9.502189202334316,-30.51816257849634,9.502189202334316,18.58482977671457,17416364619.36,19760563619.36,256.4246852084806,0.4562929000430058,-40.46976245044208,-30.68222229939204,8.22863009092597,8.22863009092597,0.517708780071086,39.16620310617187,-45.91689098386216,-34.8119724742397,0.0009749451375819,-0.0325921633134055,1.953801858395498,0.1219169149620899,4.64629329020417,0.9035342228901044,6.452529452529452,-25.344817432273263,0.0046030846133575,4.721378091872792,0.000374961372717,0.0,0.2628092666611477,-0.3189971070395371,0.003596663441122,4.475516724261589,0.0007648038284205,4.0370933452363245,0.0030991213943297,0.000679064920406,-76.46461628189876,-2464002000.0,-6797742000.0,-8723959000.0,8081038000.0,9436038000.0,24049330500.0,11069345500.0,22.86284527616657,58.58922235611542,27.667264675073795,3.936517914234442,1.5361186986399042,3.2529417366322986,0.0080224628961091,0.6163214777938225,2017-01-31,1.24,bmo,97943181.0,2025-04-25,2016-12-31,0.0967741935483871,87.88548387096773,2075306.258064516
2016-09-30,COR,USD,1490892,2016-10-28,2016-10-28 07:18:50,2016,Q4,37560603000.0,36436068000.0,1124535000.0,0.0299392158,0,15399000.0,4465000.0,19864000.0,27098000.0,46962000.0,78769000.0,34000.0,2852000.0,26981000.0,341672000.0,0.0090965526,22505000.0,0.000599165,-41981000.0,19317000.0,0.0005142889,-2000.0,14264000.0,0.0003797596,0.0632,0.42,225758313,33912155,https://www.sec.gov/Archives/edgar/data/1490892/000155837016008838/0001558370-16-008838-index.html,https://www.sec.gov/Archives/edgar/data/1490892/000155837016008838/cor-20160930x10q.htm,166.37528204775344,0.0631826124604324,6.00881084720012,5.324725295940708,12.26059835059097,9.432228526619085,-30.253335565986443,9.432228526619085,18.557699799962627,18236756524.14,19681627524.14,319.62907536700783,0.4855288538402857,13.443591761195218,15.170735673741223,8.564253905853468,8.564253905853468,0.5239965802503224,57.60386430301576,14.508707471101088,16.372690417976525,0.0007821566286262,0.0659163814798305,1.96613841243841,0.1244653400381913,4.228824720784846,0.903936449661791,7.890953716690042,95.10228547392036,0.0040252223526059,5.146312394840157,0.0004099774436528,0.0,0.2663499289082147,0.1138470770099495,0.0041117018275771,5.723953893480598,0.0002244639150228,3.661821799569335,0.002509922123184,0.0005780010701772,-73.07061157920683,-2428522000.0,-6829942000.0,-8656250000.0,8061506000.0,9080204500.0,23309192000.0,10608240500.0,21.98657034339944,59.099922637096846,26.48893947612569,4.093407866453296,1.5228446330233818,3.39764451804937,0.0066985879617019,0.6840855512594125,2016-11-02,1.22,bmo,98486111.0,2025-04-25,2016-09-30,0.0655737704918033,78.02333333333334,2721305.031746032
2016-06-30,COR,USD,1490892,2016-07-29,2016-07-29 07:16:46,2016,Q3,36881680000.0,35894777000.0,986903000.0,0.0267586238,0,14152000.0,4501000.0,18653000.0,26233000.0,44886000.0,73532000.0,1525000.0,2680000.0,26227000.0,632795000.0,0.0171574343,22558000.0,0.0006116316,-32995000.0,19878000.0,0.0005389668,43000.0,14120000.0,0.0003828459,0.0627,0.44,225261290,32435606,https://www.sec.gov/Archives/edgar/data/1490892/000110465916135174/0001104659-16-135174-index.htm,https://www.sec.gov/Archives/edgar/data/1490892/000110465916135174/a16-11636_110q.htm,163.7284417575696,0.0626827627596379,0.849555642693869,0.2717111315486118,8.280170996090806,8.342831562404708,-31.5490912797312,8.342831562404708,19.57680345344733,17867725522.8,20409739522.8,316.3549136473088,0.4844607274614388,93.36645654954746,291.9276790314675,9.507563398192,9.507563398192,0.5533842146778563,32.25331983154102,106.64955961582676,333.45978372708555,0.0007902516737221,0.0034255059448892,2.345115805369717,0.1380955832165594,4.017120868527722,0.8941545605945347,8.417164179104478,13.553257790368272,0.0040990667730227,5.187039660056657,0.0003837135401641,0.0,0.2815703947607342,0.6801726480362853,0.0035292860845818,4.963053341975827,0.0004548057463759,3.4302206868248666,0.0026387760048899,0.0006158372134639,-71.8500890676778,-2540000000.0,-7106789000.0,-8577671000.0,7611769000.0,8875763500.0,22839118000.0,10568573500.0,21.92438007162364,56.89646045161389,26.308298001127017,4.1050191479067415,1.5818207193492844,3.4209738690106257,0.0075133678884403,0.5778445111452571,2016-08-02,1.26,bmo,83113513.0,2025-04-25,2016-06-30,0.0873015873015873,85.72140625,2062278.0625
2016-03-31,COR,USD,1490892,2016-04-29,2016-04-29 07:16:21,2016,Q2,35698357000.0,34623033000.0,1075324000.0,0.0301225068,0,14137000.0,4221000.0,18358000.0,24773000.0,43131000.0,70859000.0,1000.0,1729000.0,24770000.0,1051043000.0,0.0294423354,21621000.0,0.0006056581,-35210000.0,19610000.0,0.000549325,4000.0,13345000.0,0.0003738267,0.0593,0.43,225167910,30694747,https://www.sec.gov/Archives/edgar/data/1490892/000110465916115577/0001104659-16-115577-index.html,https://www.sec.gov/Archives/edgar/data/1490892/000110465916115577/a16-6542_110q.htm,158.5410505431258,0.0592668822124786,3.9070309796808966,3.507764494505456,11.21512830136408,9.731235680963596,-30.36545482879865,9.731235680963596,19.940088265685816,19488282610.5,21451134610.5,365.0858488291495,0.5459153935431819,22.15237105876977,24.673834328265613,8.894040062076652,8.894040062076652,0.6008997727962663,20.4093786938308,24.383548977650165,27.158973015284182,0.0006847704472845,0.0405287636569087,2.0482917283158435,0.1381163246254734,1.8675277795485057,0.9284485953629876,12.504916136495083,65.92266766579243,0.0036242290514581,5.29261895841139,0.000396012623214,0.0,0.2778393404226542,0.1021917889189736,0.0025183792071999,3.629471134436818,0.0004911150392719,3.6023117542662284,0.0024442101639011,0.0005686741225405,-70.53122045676935,-1700842000.0,-6837326000.0,-8234125000.0,8422357000.0,8573823000.0,22761247500.0,10754280000.0,22.102682764923888,59.75084505161636,27.669809863278008,4.071903893170225,1.5062548474796065,3.252642517050452,0.006090375791475,0.3992664851754408,2016-05-05,1.59,bmo,75000000.0,2025-04-25,2016-03-31,0.0566037735849055,80.20125,2729643.203125
2015-12-31,COR,USD,1490892,2016-02-12,2016-02-12 07:32:04,2016,Q1,36709046000.0,35756960000.0,952086000.0,0.025936005,0,15103000.0,4117000.0,19220000.0,24493000.0,43713000.0,70881000.0,1000.0,675000.0,24493000.0,-87948000.0,-0.0023958127,19643000.0,0.0005350997,195537000.0,17401000.0,0.0004740248,14000.0,11427000.0,0.0003112857,0.0503,0.39,227337241,29183879,https://www.sec.gov/Archives/edgar/data/1490892/000104746916010126/0001047469-16-010126-index.html,https://www.sec.gov/Archives/edgar/data/1490892/000104746916010126/a2227284z10-k.htm,161.47396633532648,0.0502645318898719,3.3027936676683782,2.906422181836895,4.302374726189274,5.718460355556088,-34.10271878860358,5.718460355556088,19.80495575733674,23577145264.11,27100784264.11,515.8209780368863,0.6422707161638033,31.400689972018306,35.683047235227875,18.13600052315389,18.13600052315389,0.738259018338695,-308.14554354971114,36.09356922321162,41.01593107118101,0.0004846642743213,0.028024512408031,3.4628178511237144,0.146370073523038,-40.0650270614454,0.8475435392795998,29.10074074074074,65.70823488229631,0.0030198312476948,6.230769230769231,0.0004114244755911,0.0,0.2943456652504135,0.1200109742584384,0.0024547083026892,3.6790103294818928,0.0006062538372694,2.543089457788182,0.0028695264072331,0.0005265179204776,-73.7240274680733,-3662666000.0,-7752818000.0,-9094108000.0,6449672000.0,8301801500.0,21711381000.0,10309534000.0,20.546943115873944,56.7237558785758,27.344541034808326,4.380213615838004,1.586636826247121,3.291333355547427,0.0087898715326468,0.3963714858314833,2016-02-04,1.25,bmo,82015624.0,2025-04-25,2015-12-31,0.016,89.08655737704917,2684519.393442623
2015-09-30,COR,USD,1490892,2015-10-23,2015-10-23 07:31:29,2015,Q4,35470378000.0,34497247000.0,973131000.0,0.0274350333,0,14084000.0,3775000.0,17859000.0,24353000.0,42212000.0,69804000.0,1000.0,1775000.0,24347000.0,577350000.0,0.0162769621,16751000.0,0.0004722532,-61955000.0,14564000.0,0.0004105961,34000.0,9004000.0,0.0002538456,0.0386,0.34,233085274,26549537,https://www.sec.gov/Archives/edgar/data/1490892/000110465915072306/0001104659-15-072306-index.html,https://www.sec.gov/Archives/edgar/data/1490892/000110465915072306/a15-17892_110q.htm,152.17768755309697,0.0386296390393157,4.977208470064051,4.657600119345163,9.516868920685225,2.6444656473664656,-23.68714207144635,2.6444656473664656,14.99375288719441,22140770177.26,23466376177.26,614.748172402821,0.6242045172808702,19.084995248104924,20.39462331801794,35.92030022949905,35.92030022949905,0.6615767155698199,40.64497475926214,20.22764674614736,21.61568450160185,0.0004066705867914,0.0490325309963697,5.666981404509512,0.1249168633016321,2.2960180133367976,0.9423613904886624,9.43718309859155,128.84429142603287,0.0027941665761717,6.870835184362505,0.0003970637132764,0.0,0.2194869631572197,0.0642143789317256,0.00210023135361,3.0597609561752988,0.0004073257973174,1.516074520502482,0.002617468391057,0.0004125454881342,-60.42249477330773,-1243739000.0,-5521124000.0,-7012108000.0,6086281000.0,7909754500.0,20117716500.0,9697527500.0,20.864327693378403,54.490710809474166,25.450102148730885,4.313582556919043,1.6516576617009726,3.536331582248208,0.0146077295720538,0.3196083507188875,2015-10-29,1.18,bmo,83076923.0,2025-04-25,2015-09-30,-0.0084745762711864,98.1953125,2286506.734375
2015-06-30,COR,USD,1490892,2015-07-24,2015-07-24 07:31:17,2015,Q3,34233556000.0,33385659000.0,847897000.0,0.0247680083,0,12959000.0,4256000.0,17215000.0,24091000.0,41306000.0,66780000.0,2000.0,1438000.0,24046000.0,404943000.0,0.0118288325,14676000.0,0.0004287022,-28259000.0,12948000.0,0.0003782254,66000.0,7623000.0,0.0002226763,0.0317,0.3,240632584,25055195,https://www.sec.gov/Archives/edgar/data/1490892/000110465915052959/0001104659-15-052959-index.html,https://www.sec.gov/Archives/edgar/data/1490892/000110465915052959/a15-11971_110q.htm,142.26483974007445,0.0316790015436978,4.660968940099982,4.445337294802935,10.618607661213495,6.547841417852206,-18.86641835670933,6.547841417852206,15.590527839737614,25588868982.56,26783836982.56,839.199428786567,0.7474791395701773,22.81499863367871,23.92169433899259,16.24046662310297,16.24046662310297,0.7823854753313499,66.1422397289495,23.88043037690546,25.03880737983702,0.0002979029673095,0.0418030590069864,2.3801052789244133,0.137199789679362,2.950953590999227,0.9424520408417916,10.205841446453409,147.13118194936376,0.0024985473192885,8.387117932572478,0.0003785467101454,0.0,0.2237363713046084,0.0462632658720145,0.0015157058180434,2.157864093820178,0.0003823149426948,2.160359753291253,0.0023461070326048,0.0003592703461046,-52.71646004516163,-1215257000.0,-4539875000.0,-5855846000.0,5858929000.0,7578340000.0,18872074000.0,9578636500.0,19.97134682765563,52.16040396267152,25.987100928575348,4.506456213327141,1.7254467596609933,3.4632566459553105,0.0048380831975141,0.2156316452970475,2015-07-23,1.15,bmo,70213636.0,2025-04-25,2015-06-30,0.0434782608695652,104.913125,2029135.609375
2015-03-31,COR,USD,1490892,2015-04-24,2015-04-24 07:31:46,2015,Q2,32669267000.0,31778774000.0,890493000.0,0.02725782,0,13108000.0,3782000.0,16890000.0,22816000.0,39706000.0,61421000.0,2000.0,971000.0,22816000.0,-318566000.0,-0.0097512442,13336000.0,0.0004082124,-411936000.0,12109000.0,0.0003706542,49000.0,6652000.0,0.0002036164,0.0302,0.3,220243018,21978307,https://www.sec.gov/Archives/edgar/data/1490892/000110465915029922/0001104659-15-029922-index.html,https://www.sec.gov/Archives/edgar/data/1490892/000110465915029922/a15-7197_110q.htm,148.33281570814654,0.0302030005782067,3.367734454129211,3.128707580641671,10.61091071681555,8.700639036829763,-19.09655088362437,8.700639036829763,18.19668580821936,25035023856.06,26704766856.06,940.8833379457308,0.7663172808884877,33.752661187591,36.33129561334309,13.06455761684118,13.06455761684118,0.8174277940199883,-83.82805087818537,36.00383818160492,38.75445793506086,0.0002657077555925,0.0275244794637254,2.090912743867596,0.1483667234081316,-5.241435055844001,0.9669195041250562,13.734294541709575,111.50330727600722,0.002560173314334,9.635297654840649,0.0004012333671275,0.0,0.2266993834225804,0.0709755702960686,0.0016114227478688,2.307328190743338,0.0004236703566076,2.4315985753929645,0.0019407315481014,0.0003185306142541,-55.95432087658733,-669083000.0,-4205882000.0,-5532452000.0,6408612000.0,7352076500.0,18713406000.0,10072827000.0,20.827249659442924,52.09653021856664,26.95377990352932,4.321261879107242,1.727562269932614,3.3390493029964765,0.0034713542821806,0.23902687348754,2015-04-30,1.18,bmo,64028571.0,2025-04-25,2015-03-31,0.2288135593220339,112.66555555555556,1879011.492063492
2014-12-31,COR,USD,1490892,2015-02-13,2015-02-13 07:31:33,2015,Q1,33588602000.0,32836303000.0,752299000.0,0.022397449,0,11408000.0,3413000.0,14821000.0,22422000.0,37243000.0,60015000.0,1000.0,17891000.0,22422000.0,-37992000.0,-0.001131098,12477000.0,0.0003714653,-18656000.0,12324000.0,0.0003669102,18000.0,6749000.0,0.0002009313,0.0308,0.31,219456218,21794138,https://www.sec.gov/Archives/edgar/data/1490892/000104746915000775/0001047469-15-000775-index.htm,https://www.sec.gov/Archives/edgar/data/1490892/000104746915000775/a2222961z10-k.htm,153.05377221072862,0.0307532867444202,4.0872116004477945,3.8477241961765696,10.474781808187362,8.057853252533496,-7.895447282336744,8.057853252533496,9.176208440810733,19786172614.88,19483301614.88,732.9297901496518,0.5890740143004464,22.05904876325025,23.432032911712007,11.189084384436075,11.189084384436075,0.5800569376147302,-512.8264270077912,21.721386382151348,23.07335398081731,0.0003410967917526,0.0426766215192609,1.1286733478629185,0.0801402020388264,7.971967782691093,0.9682613817531556,0.6973897490358281,132.9032449251741,0.0032358456203829,9.486590606015708,0.000339639023976,0.0,0.1405767038122112,0.058594324855847,0.0015647272250271,2.343992507358844,0.0005825488062885,2.3612757381215546,0.0030388127011412,0.000315316883189,-46.32185792065368,-660323000.0,-1732705000.0,-2991860000.0,3747732000.0,6728457000.0,17312246000.0,9611097000.0,19.14229088784344,52.16327855179068,29.13089150139709,4.701631613860578,1.725351674562458,3.089503800310528,0.0038165607861809,0.2394874042712246,2015-01-28,0.96,bmo,51785714.0,2025-04-25,2014-12-31,0.1874999999999999,100.612131147541,1994332.0163934424
2014-09-30,COR,USD,1490892,2014-10-31,2014-10-31 07:31:04,2014,Q4,31588708000.0,30716204000.0,872504000.0,0.0276207561,0,12258000.0,3806000.0,16064000.0,20963000.0,37027000.0,60143000.0,1000.0,913000.0,20914000.0,257750000.0,0.0081595613,10372000.0,0.0003283452,-18985000.0,9012000.0,0.0002852918,22000.0,5231000.0,0.0001655971,0.0224,0.24,233871774,21708759,https://www.sec.gov/Archives/edgar/data/1490892/000110465914075407/0001104659-14-075407-index.html,https://www.sec.gov/Archives/edgar/data/1490892/000110465914075407/a14-19731_110q.htm,135.06849270318529,0.0223669573738299,3.551766789950462,3.2704716217699703,7.732925479070424,8.367401360713158,-6.5200044191737305,8.367401360713158,8.536921603887095,18078288130.2,18265407130.2,863.9977122060791,0.5723022331334349,21.76381631212846,23.63573482351926,9.238232596674637,9.238232596674637,0.5782258372263912,70.86481912783705,21.989082306075424,23.8803760767502,0.0002893526180314,0.04230881787542,1.0197930501267567,0.0926813598045307,0.7259709020368574,0.973915894113446,11.360350492880611,158.79525903268973,0.0029267704784288,10.11489199005926,0.0003880500589007,0.0,0.16169953599224,0.0791986593760609,0.0020826112926176,3.1455962513149087,0.0003463896022591,2.0520598103388608,0.0024163064939739,0.0002897990458847,-37.35030782295259,-449955000.0,-1524845000.0,-2775079000.0,3931371000.0,6223055500.0,15201311500.0,8507914500.0,17.986157268603705,45.68777639320275,25.18041226708873,5.0038481625590085,1.9698923236148087,3.5742067701421902,0.0026731067878311,0.2812951681804919,2014-10-30,1.05,bmo,70500000.0,2025-04-25,2014-09-30,0.0476190476190476,85.75296875,1759658.046875
2014-06-30,COR,USD,1490892,2014-07-24,2014-07-24 07:31:08,2014,Q3,30348154000.0,29658674000.0,689480000.0,0.0227190095,0,11802000.0,3747000.0,15549000.0,19513000.0,35062000.0,52616000.0,2000.0,966000.0,19504000.0,128724000.0,0.0042415759,13066000.0,0.0004305369,-100261000.0,10616000.0,0.0003498071,-22000.0,5968000.0,0.0001966512,0.028,0.28,213000000,21604730,https://www.sec.gov/Archives/edgar/data/1490892/000110465914053122/0001104659-14-053122-index.html,https://www.sec.gov/Archives/edgar/data/1490892/000110465914053122/a14-14001_110q.htm,142.47959624413144,0.028018779342723,2.4405727699530515,2.096544600938967,5.924244131455399,9.325610328638495,-7.056150234741784,9.325610328638495,9.37299530516432,15476580000.0,16210198000.0,648.3151809651474,0.5099677561936716,29.77169986265057,34.657025644700425,7.791447148168379,7.791447148168379,0.5341411540220865,125.92988098567476,31.18293250641541,36.29983160308489,0.0003856149097539,0.0288541783779103,1.0045948483528877,0.0967243521591173,5.699154780771263,0.9725831961951508,13.525879917184264,87.1048927613941,0.0034349320069421,8.907674262734584,0.0003888869154941,0.0,0.169132937733385,0.1409620615494708,0.002414578494626,3.7570754716981134,0.0003343531207861,2.424680371878459,0.0030511124719455,0.0003481651411203,-40.24167840375587,-447973000.0,-1502960000.0,-2752865000.0,3923504000.0,6319820000.0,14859707500.0,8457623000.0,18.188602838907435,44.940681097206166,25.55670324303777,4.948153566115592,2.002639875557984,3.521580977958026,0.0030044981888937,0.3440281690140845,2014-07-24,0.92,bmo,51100000.0,2025-04-25,2014-06-30,0.0978260869565217,76.01625,1347790.234375
2014-03-31,COR,USD,1490892,2014-04-25,2014-04-25 07:32:01,2014,Q2,28455903000.0,27727159000.0,728744000.0,0.0256095897,0,13693000.0,3588000.0,17281000.0,17886000.0,35167000.0,54422000.0,2000.0,593000.0,17882000.0,351255000.0,0.012343836,9309000.0,0.0003271377,-15691000.0,8138000.0,0.0002859864,20000.0,4817000.0,0.0001692795,0.0203,0.22,236943421,21521838,https://www.sec.gov/Archives/edgar/data/1490892/000110465914030197/0001104659-14-030197-index.html,https://www.sec.gov/Archives/edgar/data/1490892/000110465914030197/a14-9470_110q.htm,120.0957717243392,0.0203297478346106,4.711234417435038,4.431804840025501,2.940491012831287,9.054967599205888,-5.696001156326683,9.054967599205888,5.898205546715729,15541118983.39,16241336983.39,806.5766547327174,0.5461474543046482,13.922041271660923,14.79983942605708,7.243537790875385,7.243537790875385,0.5707545806362216,46.23802361073864,14.5493103830794,15.466658461051324,0.0003099519413723,0.0675683006559765,0.6511014837929355,0.0686081751279771,1.9934748259811248,0.9551571458086704,15.69814502529511,231.74091758355823,0.0034765836396816,11.216524807971767,0.0004812006844414,0.0,0.1716567261327363,0.0593113296115008,0.0023267228595767,3.7025500503299407,0.0003792534715907,2.0351700613719195,0.0024049112124034,0.0002856024468487,-35.420095078309856,-739904000.0,-1349630000.0,-2455705000.0,3606088000.0,6360302500.0,14384142500.0,8548039000.0,20.578404417529818,48.39537797579623,27.56842884624422,4.373516924535366,1.859681725081501,3.264603888090675,0.0022451486006856,0.2794295774095369,2014-04-24,1.0,bmo,26229411764.0,2025-04-25,2014-03-31,0.06,68.46761904761905,1878010.9047619049
2013-12-31,COR,USD,1490892,2014-02-14,2014-02-14 07:32:19,2014,Q1,29176362000.0,28509160000.0,667202000.0,0.0228678956,0,12120000.0,3474000.0,15594000.0,17151000.0,32745000.0,51700000.0,14000.0,19043000.0,17151000.0,206134000.0,0.0070651029,9740000.0,0.0003338319,-18235000.0,8995000.0,0.0003082975,-34000.0,5220000.0,0.000178912,0.0224,0.24,233004761,21492301,https://www.sec.gov/Archives/edgar/data/1490892/000104746914000899/0001047469-14-000899-index.htm,https://www.sec.gov/Archives/edgar/data/1490892/000104746914000899/a2218228z10-k.htm,125.2178791316629,0.0224029757057195,-4.307392671688799,-4.5613917734496425,1.491235623292693,9.647021761928718,-5.379885778385447,9.647021761928718,7.891765782416781,16382564745.91,17854875745.91,784.6055912792145,0.5615012847012935,-16.323099693725755,-15.414155041286156,7.288259706998215,7.288259706998215,0.6119637446885942,86.61781048206507,-17.790066533528357,-16.79943447554915,0.0003186314280432,-0.0648754341267194,0.8095802032385415,0.0919260086395827,7.142494687921449,0.9620597087681024,0.5114740324528698,-192.26877394636017,0.0033185890514226,10.41513409961686,0.0004154047718492,0.0,0.1768702867914101,-0.0589681789241792,0.0020284571462336,3.4507025829397704,0.0003847635287771,2.205163229494211,0.0022269652156597,0.0003203484998914,-35.35884294656108,-600553000.0,-1253539000.0,-2319948000.0,3724893000.0,6133056500.0,13597225500.0,7792151500.0,19.168852168752224,43.75012487214636,27.158036574911364,4.695116807604784,2.057136985620326,3.3139361806126346,0.0023222685983907,0.2539991017608434,2014-01-23,0.79,bmo,45026666.0,2025-04-25,2013-12-31,0.0126582278481012,67.96770491803278,1833130.37704918
2013-09-30,COR,USD,1490892,2013-11-01,2013-11-01 07:31:06,2013,Q4,24469040000.0,23902623000.0,566417000.0,0.0231483131,0,12127000.0,3206000.0,15333000.0,16449000.0,31782000.0,51376000.0,14000.0,708000.0,16424000.0,159990000.0,0.0065384666,9259000.0,0.0003783965,-17465000.0,8565000.0,0.0003500342,56000.0,4985000.0,0.0002037268,0.0216,0.23,230478543,21479971,https://www.sec.gov/Archives/edgar/data/1490892/000110465913079844/0001104659-13-079844-index.html,https://www.sec.gov/Archives/edgar/data/1490892/000110465913079844/a13-18872_110q.htm,106.16623865068428,0.0216289114601006,-0.1342380926106427,-0.4141904003619113,5.341087217824004,10.064906562690307,-5.119643610381553,10.064906562690307,6.062664150041941,14082238977.3,14247838977.3,706.2306407873621,0.5755125242878348,-455.1614136623679,-147.51669750581385,6.070597836098364,6.070597836098364,0.5822802601695858,89.05455951809489,-460.5138814215069,-149.2514191751692,0.0003539920042569,-0.0067788936229445,0.6020515185936385,0.0738216990039135,1.0350646915432216,0.9679244363135804,13.07768361581921,-6.20641925777332,0.0034590380179259,9.771514543630891,0.0004956058758332,0.0,0.1849875768012475,-2.085490804486247,0.0026369240476945,3.928580126643935,0.0003831372215665,2.213163322084213,0.0022723457624696,0.0003233039916855,-31.83897253290082,-476984000.0,-1179968000.0,-2205242000.0,3826290000.0,5318704000.0,12172508000.0,6438291500.0,22.259671813851305,50.21295277928285,26.287259770611787,4.043186294597417,1.7923662126703837,3.42371174421979,0.0021489430950384,0.2799523077512686,2013-10-31,0.74,bmo,38957142.0,2025-04-25,2013-09-30,0.0675675675675676,67.1709375,1452160.8125
2013-06-30,COR,USD,1490892,2013-07-26,2013-07-26 07:30:57,2013,Q3,21906648000.0,21350182000.0,556466000.0,0.0254016954,0,10933000.0,3936000.0,14869000.0,16510000.0,31379000.0,48801000.0,2000.0,783000.0,16261000.0,177476000.0,0.0081014676,8866000.0,0.0004047173,-18715000.0,8085000.0,0.000369066,206000.0,4703000.0,0.0002146837,0.0198,0.22,237444444,21445875,https://www.sec.gov/Archives/edgar/data/1490892/000110465913056840/0001104659-13-056840-index.html,https://www.sec.gov/Archives/edgar/data/1490892/000110465913056840/a13-13708_110q.htm,92.26009937718317,0.0198067384554173,0.3175858686337592,0.1089054751687514,6.601902211702203,10.184251773859152,-4.576266269679488,10.184251773859152,5.884416482703634,13061818864.44,12890672864.44,694.3344069976611,0.5962490867813277,173.21299665079766,505.11693663482725,5.401476831238519,5.401476831238519,0.5884365725162516,72.63332994004823,170.94342670556563,498.4985059143818,0.0003600570524525,0.0019797395958689,0.5774718653672948,0.0842276998856166,-0.964333205616534,0.9756804725547612,11.323116219667943,16.03423346799915,0.003736233100955,10.376780778226664,0.0004990722451011,0.0,0.2113959114878693,0.6570833720112984,0.0022618704605104,3.047168070844352,0.0003832626515932,2.130405654588193,0.0020881489935606,0.0003597070303641,-26.140398972654,-302575000.0,-1086609000.0,-2022065000.0,3979319000.0,4382968500.0,10685725500.0,5778822500.0,18.838752510196905,46.408511178031176,24.85028043320661,4.777386398132544,1.939299445628502,3.621689511388208,0.0019448398267467,0.2086803934650077,2013-07-24,0.74,bmo,38466666.0,2025-04-25,2013-06-30,-0.0135135135135135,58.4584375,1551937.03125
2013-03-31,COR,USD,1490892,2013-04-25,2013-04-25 07:31:22,2013,Q2,20523668000.0,19810135000.0,713533000.0,0.0347663488,0,11796000.0,3789000.0,15585000.0,15954000.0,31539000.0,48286000.0,2000.0,439000.0,15949000.0,391601000.0,0.0190804587,6805000.0,0.0003315684,-19259000.0,6368000.0,0.0003102759,173000.0,3933000.0,0.0001916324,0.0168,0.18,234647126,21314779,https://www.sec.gov/Archives/edgar/data/1490892/000110465913032675/0001104659-13-032675-index.html,https://www.sec.gov/Archives/edgar/data/1490892/000110465913032675/a13-8364_110q.htm,87.46609579185726,0.0167613388966034,4.199335473642239,4.063667926621015,5.741800562262161,9.999184903717934,-4.967970500520854,9.999184903717934,5.952389120674762,12117177586.64,12166152586.64,770.2248656648869,0.59040019486965,12.297183762556298,12.707731274425084,5.1644209500315394,5.1644209500315394,0.592786464224621,31.06772604421337,12.346886308422691,12.75909316416508,0.0003245805363401,0.0786922526456432,0.5951003290314881,0.0866634379031881,0.12506352128825,0.9736048981241756,15.501138952164007,250.5369946605645,0.0040114952225833,12.359013475718282,0.0005747510630166,0.0,0.2179818788287645,0.0323069085270184,0.0015510872617896,1.9959872092294189,0.0004471910186814,1.941904697551577,0.0016270547888232,0.0003121569537544,-27.493365718870983,-317867000.0,-1165720000.0,-2040367000.0,3956370000.0,4270857500.0,10121038500.0,5814059500.0,18.332025737309724,47.07693460948146,25.725722717184915,4.909441067215507,1.9117642375524104,3.4984439888983,0.0016762705218473,0.1356675470212237,2013-04-25,0.89,bmo,40905067.0,2025-04-25,2013-03-31,-0.0224719101123595,54.2546875,2678828.65625
2012-12-31,COR,USD,1490892,2013-02-25,2013-02-25 07:31:31,2013,Q1,21059811000.0,20411291000.0,648520000.0,0.0307941985,0,11311000.0,3389000.0,14700000.0,10645000.0,25345000.0,49316000.0,1000.0,1314000.0,17577000.0,341232000.0,0.0162029944,5936000.0,0.0002818639,-18502000.0,4623000.0,0.0002195176,45000.0,2299000.0,0.0001091653,0.0097,0.11,235974324,21036794,https://www.sec.gov/Archives/edgar/data/1490892/000110465913013502/0001104659-13-013502-index.html,https://www.sec.gov/Archives/edgar/data/1490892/000110465913013502/a12-28649_110k.htm,89.24619697183665,0.0097425853839928,-1.0242936430660143,-1.2639086954223036,1.7688534622097276,9.904615724209046,-5.134880691511166,9.904615724209046,5.9219197085187965,10189371310.32,11168074310.32,1108.0221085602436,0.4838301402761876,-42.15588009581849,-34.16386021901089,4.359583572178236,4.359583572178236,0.5303026845929434,32.728684034088246,-46.2050098272702,-37.44534555010897,0.0002256272668826,-0.0292706969759681,0.5973327457444373,0.0900973906542866,2.86814542598584,0.9638380980604924,4.517503805175038,-105.13571117877338,0.0048673267947129,21.572422792518488,0.0005370893404503,0.0,0.2290295680070874,-0.2339319920399492,0.0026848768965685,3.216874324401206,0.0004428339836478,1.4734899723943713,0.0014479103841677,0.0001924397382786,-27.49096550012789,-413538000.0,-1211700000.0,-2136098000.0,3935737000.0,4072942500.0,9686219500.0,5718786500.0,18.638056153495395,43.563462007376216,26.30410148970979,4.828829748059394,2.065951507360942,3.421519645337749,0.000983640926137,0.2396150523562894,2013-01-24,0.67,bmo,51280759.0,2025-04-25,2012-12-31,0.0,46.86033333333333,2304088.1666666665
2012-09-30,COR,USD,1490892,2012-11-02,2012-11-02 07:30:38,2012,Q4,19064443000.0,18365426000.0,699017000.0,0.036666007,0,11371000.0,2231000.0,13602000.0,18741000.0,32343000.0,48703000.0,5000.0,1595000.0,16139000.0,325943000.0,0.0170969065,5059000.0,0.0002653631,-23331000.0,3469000.0,0.0001819618,522000.0,1320000.0,6.92388e-05,0.0053,0.0628,246875315,21027635,https://www.sec.gov/Archives/edgar/data/1490892/000110465912073416/0001104659-12-073416-index.html,https://www.sec.gov/Archives/edgar/data/1490892/000110465912073416/a12-19569_110q.htm,77.22296172057543,0.0053468286207553,2.2091880672638333,2.061591293564527,4.320431955702011,9.943651109873016,-4.32846029988863,9.943651109873016,5.660857587158927,9625668531.85,9954991531.85,1823.0432825473488,0.5049016397620429,17.649018016058115,18.912575019942786,3.921094934765659,3.921094934765659,0.5221758396953953,30.54212402736061,18.25284387406169,19.55963095405104,0.0001371333321558,0.0528748728793158,0.5686439290186497,0.0903968306185313,1.01036991130351,0.9816146270597907,3.1717868338557995,413.1772727272728,0.0033949849708484,24.756818181818183,0.0005964506804631,0.0,0.2281682158358209,0.0668104159561711,0.0019113068239129,2.257760703884999,0.0003764599888913,1.093735554352234,0.0010289881006116,0.000110749181295,-25.70664770594824,-207122000.0,-1068590000.0,-1928950000.0,4059994000.0,3863983000.0,9331726000.0,5459568000.0,17.866544015998787,46.51855121683537,26.815653500223736,5.037348013102508,1.934712015868379,3.356248617966707,0.0005377128141037,0.1475967736993064,2012-11-01,0.68,bmo,35866666.0,2025-04-25,2012-09-30,0.014705882352941,41.16016129032258,2408930.1774193547
2012-06-30,COR,USD,1490892,2012-07-27,2012-07-27 07:30:00,2012,Q3,19326807000.0,18658941000.0,667866000.0,0.0345564583,0,10888000.0,303812000.0,303812000.0,4785000.0,339345000.0,18998286000.0,545000.0,24316000.0,37000000.0,366716000.0,0.0189744742,324386000.0,0.016784252,-18986000.0,305400000.0,0.015801886,115223000.0,181271000.0,0.0093792524,0.72,0.71,252116000,255725000,https://www.sec.gov/Archives/edgar/data/1490892/000110465912051616/0001104659-12-051616-index.html,https://www.sec.gov/Archives/edgar/data/1490892/000110465912051616/a12-16491_110q.htm,76.65839137539862,0.7189983975630265,0.3646377064525853,0.2083406051182789,6.567405480017135,11.620504053689572,-2.6056894445414014,11.620504053689572,7.53735582033667,9920764600.0,10140988600.0,13.682227990136315,0.5133162761960628,107.91533432683208,188.87340745535545,3.386255864478285,3.386255864478285,0.5247110192594152,27.65352098081349,110.31087010910356,193.06607394433232,0.0182718779558583,0.0052945515913158,0.6403257654754814,0.1191275466115708,0.6005301104942244,1.0200028982693752,13.340434281954268,111.29661016949152,0.0032912785774596,0.1801280955034175,0.0005633625875189,0.0,0.2277586947896542,0.4286366949124887,0.0020388779170816,2.534735623311463,0.0003138645716284,13.710954939508872,0.0389324140486382,0.0149060011063288,-21.74021383014168,219059000.0,-656936000.0,-1647455000.0,4670756000.0,3905997000.0,9210314500.0,5400732000.0,18.36315900500274,44.23496864050323,26.273802998787552,4.901117502466813,2.034589438311313,3.4254652820588323,0.0618732538830568,0.1562971013343064,2012-07-26,0.03,bmo,37950000.0,2025-04-25,2012-06-30,0.3333333333333334,38.60079365079365,2890276.619047619
2012-03-31,COR,USD,1490892,2012-04-27,2012-04-27 07:31:12,2012,Q2,19708371000.0,19028630000.0,679741000.0,0.0344899637,0,11051000.0,262421000.0,262421000.0,131000.0,293654000.0,19322284000.0,670000.0,24045000.0,31719000.0,409580000.0,0.0207820322,377060000.0,0.0191319719,-23244000.0,353816000.0,0.0179525746,134673000.0,212105000.0,0.0107621782,0.82,0.81,258162000,262363000,https://www.sec.gov/Archives/edgar/data/1490892/000119312512076742/0001193125-12-076742-index.htm,https://www.sec.gov/Archives/edgar/data/1490892/000119312512076742/d286427d10k.htm,76.34109977456016,0.8215965169157351,0.915785437051154,0.760611553985482,9.014084179701118,11.413279258760005,-0.627292165384526,11.413279258760005,7.3836583230684605,10238704920.0,9793745920.0,12.067967421795808,0.5195104618235571,43.30708744147093,52.14225289135826,3.4748996410965645,3.4748996410965645,0.4969333041274695,23.91168006250305,41.42502535730752,49.87622756046262,0.0207159989136594,0.0191783044373545,0.6387751465734479,0.1203023757823248,-1.086378729430148,1.0630912505726064,15.681430650862966,394.035,0.0032934829417859,0.1589825793828528,0.0005607262010645,0.0,0.1986839787393266,0.1694434927523359,0.0020326388213414,2.6591437105874545,0.000309665370111,14.525322231387364,0.0455936189985031,0.0169188372813146,-18.565136425965093,688641000.0,-161943000.0,-1094920000.0,4600478000.0,3796551500.0,9419392500.0,5589348000.0,17.666514903743185,43.74875858114852,25.324493670852817,5.094383385199011,2.0572012308203256,3.553871645757141,0.0719860171900321,0.1551738830656719,2012-04-26,0.006,bmo,15766666.0,2025-04-25,2012-03-31,4.0,37.26904761904762,2523352.9682539683
2011-12-31,COR,USD,1490892,2012-02-24,2012-02-24 07:31:09,2012,Q1,20311922000.0,19728005000.0,583917000.0,0.0287475011,0,10468000.0,268893000.0,268893000.0,1000.0,298939000.0,20026944000.0,204000.0,22780000.0,31882000.0,313506000.0,0.0154345807,281419000.0,0.0138548681,-22575000.0,258844000.0,0.0127434519,98887000.0,162116000.0,0.0079813225,0.63,0.62,258461000,263084000,https://www.sec.gov/Archives/edgar/data/1490892/000119312512076742/0001193125-12-076742-index.html,https://www.sec.gov/Archives/edgar/data/1490892/000119312512076742/d286427d10k.htm,78.58795717729174,0.6272358305508374,1.6702829440418476,1.484034341738212,9.170958094257934,11.238055257853215,-0.7676670754968835,11.238055257853215,7.5516228754048,9612164590.0,9170849590.0,14.822973349330107,0.4732277226153192,22.26568865632159,25.06006697691395,3.309291434032718,3.309291434032718,0.4515008274450837,29.25254888263701,21.243423348922757,23.9095057943243,0.0168657120341714,0.0399041231981234,0.6641260979570673,0.1207277435486429,-1.407676408107022,1.057904713735326,12.35377524143986,2346.211956521739,0.0035068063685746,0.2079251893705741,0.0005153623571417,0.0,0.1942019866235798,0.1115072167670829,0.0023699382067339,3.1603203781512605,0.0003085872425071,12.593668876753302,0.0339400114855,0.0125912845998001,-19.336809035018824,654403000.0,-198412000.0,-1117887000.0,4551018000.0,3759153000.0,9390223500.0,5633729500.0,16.502674636107802,43.74551354787268,26.570969543043,5.45366142062089,2.057353833588191,3.387155288187986,0.0558135563635462,0.1862486023036357,2012-02-23,0.2641,bmo,138000000.0,2025-04-25,2011-12-31,1.3324498296099965,38.32774193548387,2649825.5
2011-09-30,COR,USD,1490892,2011-11-04,2011-11-04 07:30:43,2011,Q4,20407670000.0,19789723000.0,617947000.0,0.0302801349,0,9540000.0,1315000.0,314998000.0,18254000.0,367870000.0,20157593000.0,268000.0,20184000.0,33679000.0,280388000.0,0.0137393441,243571000.0,0.0119352675,-17046000.0,226525000.0,0.0110999933,79201000.0,147324000.0,0.0072190505,0.55,0.54,266432000,271357000,https://www.sec.gov/Archives/edgar/data/1490892/000095012311095099/0000950123-11-095099-index.html,https://www.sec.gov/Archives/edgar/data/1490892/000095012311095099/c23744e10vq.htm,76.59616712707182,0.552951597405717,1.351575636560173,1.1996381815998078,6.853493574345424,10.760186464088395,0.229469433101129,10.760186464088395,5.198834974777805,9929920640.0,9468882640.0,16.850480301919582,0.4865778719471649,27.57522331110821,31.067700721477244,3.463694623172826,3.463694623172826,0.4639864639128327,33.770641539580865,26.294928506566176,29.625253080200988,0.0148363723478861,0.032187769830958,0.4761142686523015,0.0911020471583471,-1.6442857754254818,1.0459553901404142,12.067528735632184,3215.2053571428573,0.0030920690218124,0.2084113925769053,0.0004674712987812,0.0,0.1872643402501463,0.112415059024779,0.0019836169440215,2.5757826418936114,0.0003311010027112,11.570302572027824,0.0352061935237228,0.0120985951245102,-17.726417997838098,499777000.0,61138000.0,-740772000.0,3978359000.0,3850481000.0,9042380000.0,5300448500.0,16.731282895107576,41.80091454539309,24.754216620414542,5.379145195513792,2.1530629408183364,3.6357442200686703,0.0513886631287632,0.1519374549603651,2011-11-03,-0.11,bmo,81399999.0,2025-04-25,2011-09-30,-1.5454545454545454,37.76603174603174,2403328.9523809524
2011-06-30,COR,USD,1490892,2011-08-05,2011-08-05 07:30:29,2011,Q3,20161022000.0,19507441000.0,653581000.0,0.032418049,0,10202000.0,1433000.0,308806000.0,20492000.0,336422000.0,19843863000.0,750000.0,19355000.0,32012000.0,349859000.0,0.0173532374,317159000.0,0.0157312958,-18667000.0,298492000.0,0.0148054002,114073000.0,184419000.0,0.0091473041,0.67,0.66,273492000,279015000,https://www.sec.gov/Archives/edgar/data/1490892/000095012311073257/0000950123-11-073257-index.html,https://www.sec.gov/Archives/edgar/data/1490892/000095012311073257/c18777e10vq.htm,73.71704473988271,0.6743122285112545,0.8433190001901335,0.7200978456408231,7.314484518742779,11.711786816433388,1.3131974609860615,11.711786816433388,5.051039884164802,11322568800.0,10684179800.0,15.348972719730613,0.5616068867937349,49.09174344544118,57.49218700016756,3.5349004083569566,3.5349004083569566,0.5299423709770269,30.538530665210843,46.32385308769906,54.2506628888855,0.0162877349881945,0.017393667769102,0.42523571062852,0.0916861097829665,-1.824703666334152,1.1112653799017465,16.386411779901835,-150.74575163398694,0.0027952137504344,0.1716146384049366,0.0005060259345979,0.0,0.1914366504666314,0.1461145243040049,0.0016715422462214,1.9945549242424243,0.0004705118619482,13.330098425400069,0.0404181782978318,0.0153531552894912,-15.14839190908692,1113520000.0,359149000.0,-531344000.0,4719439000.0,3854676000.0,8901406500.0,5176871000.0,17.441580094501163,41.030490877814266,23.79613194780392,5.160082946176101,2.1934906961755165,3.7821272884774815,0.0575755210609788,0.1232211545493104,2011-08-04,-0.15,bmo,49038461.0,2025-04-25,2011-06-30,-0.1333333333333332,39.17890625,3387234.375
2011-03-31,COR,USD,1490892,2011-05-06,2011-05-06 07:30:41,2011,Q2,19760257000.0,19072921000.0,687336000.0,0.0347837581,0,10164000.0,1377000.0,296132000.0,22216000.0,322087000.0,19395008000.0,569000.0,19625000.0,30391000.0,396351000.0,0.0200579881,365249000.0,0.0184840207,-18914000.0,346335000.0,0.0175268469,131954000.0,214381000.0,0.0108490998,0.78,0.77,274319000,279766000,https://www.sec.gov/Archives/edgar/data/1490892/000095012311046094/0000950123-11-046094-index.html,https://www.sec.gov/Archives/edgar/data/1490892/000095012311046094/c16425e10vq.htm,72.0338620365341,0.7815025572417514,2.4657570201116217,2.3065190526358,6.971576886763221,11.421119207929454,1.045585613829155,11.421119207929454,4.966786843054983,10852059640.0,10282482640.0,12.65510894155732,0.5491861588642294,16.043754383474965,17.151386612129812,3.463758610674012,3.463758610674012,0.5203617867925503,25.94287043554829,15.20168810355941,16.251185575971753,0.0197548674732495,0.0583043238785591,0.4286135147125945,0.0914690781618928,-1.4370520069332486,1.1011112169719277,18.61141401273885,-200.59430604982205,0.0025373985135968,0.1284442184708533,0.0005143657797568,0.0,0.1938698248132145,0.0645797481978226,0.0022105987791555,2.2432085451651003,0.0002703406134849,14.171335929265611,0.0477875535796095,0.0181144437468789,-15.259231041233017,1006074000.0,286824000.0,-591740000.0,4607435000.0,3676777500.0,8688242500.0,5318348500.0,17.317669501970546,42.0414518573217,24.51827593686357,5.197004134404982,2.140744337408655,3.670731181578869,0.068426092313192,0.1592379674758219,2011-05-05,-0.14,bmo,40000000.0,2025-04-25,2011-03-31,-0.0,41.007619047619045,2331757.396825397
2010-12-31,COR,USD,1490892,2011-03-11,2011-03-11 16:35:55,2011,Q1,19888609000.0,19308377000.0,580232000.0,0.0291740865,0,9684000.0,1216000.0,278033000.0,19200000.0,303466000.0,19611843000.0,594000.0,19738000.0,29859000.0,308886000.0,0.0155307996,276766000.0,0.0139158048,-17477000.0,259289000.0,0.0130370606,98789000.0,160500000.0,0.008069946,0.58,0.57,275605000,280693000,https://www.sec.gov/Archives/edgar/data/1490892/000095012311024775/0000950123-11-024775-index.html,https://www.sec.gov/Archives/edgar/data/1490892/000095012311024775/c13842e10vk.htm,72.16345494457647,0.5823551822354457,-0.3599354148146804,-0.5416846573901054,5.082981077992054,10.747286877959398,0.4230075651747972,10.747286877959398,5.16147022006132,9403642600.0,9405536600.0,14.647418380062303,0.4728154995656056,-94.79478427419352,-62.98867714731632,3.1747547439134154,3.1747547439134154,0.4729107299560265,30.44986370376126,-94.81387701612904,-63.00136377946427,0.0170678541100658,-0.0158758692083852,0.4735942466017962,0.0992610625333322,0.0061317120232059,1.081659138846405,14.021988043368122,31.0,0.0029493889952814,0.172803738317757,0.0004869118800615,0.0,0.2013415491116497,-0.5049495967741936,0.0025185773424375,2.616264493889063,0.0003408986520877,11.866828122455042,0.0371881850013637,0.0142200300241979,-15.912469839081291,787268000.0,116583000.0,-742140000.0,4369503000.0,3689399500.0,8650144500.0,5325424500.0,16.070422521756047,39.4663083282453,25.36037026830375,5.600350574364708,2.280426110581736,3.548844084208228,0.0541862508043535,0.1817492425754249,2011-03-11,,bmo,,2025-04-25,2010-12-31,,36.75758064516129,2594475.7258064514
2010-09-30,COR,USD,1490892,2010-09-30,2010-09-29 20:00:00,2010,Q4,19715373000.0,19122539000.0,592834000.0,0.0300696314,0,7346000.0,65000.0,318810000.0,5350000.0,346644000.0,19469183000.0,903000.0,18950000.0,27771000.0,274507000.0,0.0139235002,248172000.0,0.0125877405,-20386000.0,227786000.0,0.0115537251,86558000.0,141228000.0,0.0071633441,0.51,0.5,278862000,283748000,,,70.6993889450696,0.5064440475934333,1.9695512475704828,1.7818849466761335,5.946245813341366,10.59411823769463,0.3907093831357445,10.59411823769463,4.88603682107996,8549908920.0,8235306920.0,15.134939459597248,0.4336671144897943,15.566997831521412,17.206498128396056,2.894058694843477,2.894058694843477,0.417709922099876,30.000353069320635,14.99419539612514,16.57336872610183,0.0165180706977636,0.0581175781694759,0.4547883980520577,0.0930789479317509,-1.1460618490603154,1.0849966445744263,13.096147757255936,-273.2502487562189,0.0026100862838197,0.1580139915597473,0.0003726026385602,0.0,0.1971163108597717,0.0952837866624911,0.0026544260664,9.953023963484217,0.0003411043757579,10.987260018861996,0.0339744015975265,0.012185857888606,-15.587286901765031,842006000.0,108954000.0,-732196000.0,4399061000.0,3857655500.0,8642698500.0,5153349500.0,17.47233288459721,41.57374969924234,24.521263625086608,5.151000761858182,2.164827581132048,3.670283937077575,0.0478042661249021,0.1876663008943492,2011-03-10,-0.12,bmo,28800000.0,2025-04-25,2010-09-30,0.3333333333333334,32.10734375,2846616.109375
2010-06-30,COR,USD,1490892,2010-06-30,2010-06-29 20:00:00,2010,Q3,19602120000.0,19013750000.0,588370000.0,0.030015631,0,2346000.0,57000.0,289288000.0,4155000.0,310913000.0,19324663000.0,714000.0,18615000.0,26009000.0,308089000.0,0.0157171265,281854000.0,0.0143787509,-18389000.0,263465000.0,0.0134406381,100260000.0,163205000.0,0.0083258852,0.58,0.57,281195000,286693000,,,69.71005885595406,0.5803979444869218,0.7574743505396611,0.6000569000160031,4.661235085972368,10.424050925514322,0.3018901474066039,10.424050925514322,4.903305535304682,8927941250.0,8977395250.0,13.675961597377531,0.4554579428143486,41.91561070995972,52.91164887722022,3.045840837393401,3.045840837393401,0.4579808331955931,29.13896714910302,42.14779129381497,53.20473914409156,0.0182802502200605,0.0188994299217638,0.4640332206260186,0.0971287405512152,0.1605185514575333,1.0897379664787086,15.14123019070642,225.394708994709,0.0025260022852412,0.1381820409913912,0.0001196809324705,0.0,0.2032522635844523,0.2078188527591808,0.0022581741158609,12.333519086096404,0.0003738371155772,11.667356124413915,0.0386481053106728,0.0146274016615215,-15.283725706360356,851316000.0,84890000.0,-734591000.0,4385801000.0,3918152500.0,8443523000.0,5038748000.0,17.85033608609681,40.007367299980274,24.124335809611463,5.041921875639014,2.2495856656892386,3.730672658110768,0.05567873263803,0.1574174505236579,2010-06-29,,bmo,,2025-04-25,2010-06-30,,29.93359375,4072675.640625
2010-03-31,COR,USD,1490892,2010-03-31,2010-03-30 20:00:00,2010,Q2,19300627000.0,18688559000.0,612068000.0,0.0317123376,0,1839000.0,2000.0,279491000.0,3605000.0,300178000.0,18988737000.0,319000.0,19598000.0,25188000.0,336466000.0,0.0174329052,311227000.0,0.0161252274,-19547000.0,291680000.0,0.0151124624,110672000.0,181008000.0,0.0093783482,0.64,0.63,281926000,287162000,,,68.45990437206926,0.6420408192220654,1.376538524293609,1.2152798961429594,4.2559820662159575,10.04491249476813,-0.0805707880791413,10.04491249476813,4.88995693905493,8153299920.000001,8312435920.000001,11.260966255635113,0.4224370493248743,21.009219494849027,23.79698709061669,2.8790693811482098,2.8790693811482098,0.4306821700662885,24.705128958052228,21.419277163073787,24.2614563699036,0.0222005815775264,0.0420221264226472,0.4798889234943618,0.0983200465798426,0.4729630928533641,1.0785699903611117,15.880549035615878,-428.3465783664459,0.0027724970529478,0.1248839830283744,9.52818786664288e-05,0.0,0.2065242020713213,0.1171479223463082,0.0023555193310559,15.14928357214262,0.0004981703444141,12.046077642161578,0.0439310797130665,0.016503807424215,-15.389456807814817,740632000.0,-22715000.0,-823336000.0,4261070000.0,3744698500.0,8330245500.0,5171373000.0,18.41199355855123,40.62079157627937,23.98689754517724,4.888118155907162,2.215614135214336,3.752048376847936,0.0639170146635394,0.1612586281506494,2010-03-30,,bmo,,2025-04-25,2010-03-31,,30.96031746031746,4208975.380952381
2009-12-31,COR,USD,1490892,2009-12-31,2009-12-30 19:00:00,2010,Q1,19335859000.0,18772489000.0,563370000.0,0.0291360213,0,1358000.0,40000.0,280239000.0,3533000.0,300988000.0,19073477000.0,375000.0,17642000.0,25204000.0,287684000.0,0.0148782632,262382000.0,0.01356971,-17544000.0,244838000.0,0.0126623803,93531000.0,151307000.0,0.0078252019,0.53,0.52,286955000,291287000,,,67.38289627293479,0.5272847659040616,-0.145280618912373,-0.2936453450889512,3.4136606785035983,9.551535955114913,-0.4055723022773606,9.551535955114913,4.856130752208535,7480916850.0,7877198850.0,12.36049364867455,0.3868934320425071,-179.44582143970834,-88.78056620343449,2.729403953721112,2.729403953721112,0.4073880994891409,27.381428407558293,-188.95149439900217,-93.48348444750366,0.0202257294171101,-0.0112637263171826,0.501976933525633,0.1014917007781859,1.3774905799418806,1.0727740341050225,14.872576805350867,330.86507936507934,0.0030944068038932,0.1529935825837535,7.02322043204804e-05,0.0,0.2107690234283454,-1.021228621458898,0.0022018158076142,16.774625689519308,0.0003711239309306,10.645117965651314,0.0375917800057801,0.0141421244862501,-15.67921189733582,672683000.0,-116381000.0,-899279000.0,4171834000.0,3728714000.0,8371359500.0,5167335500.0,16.481435347661563,39.43537428627605,25.706052617742916,5.460689442486541,2.2822149308551385,3.5011209748275363,0.0552041858379538,0.1483647261765782,2009-12-30,,bmo,,2025-04-25,2009-12-31,,27.69344262295082,3428599.885245901
2009-09-30,COR,USD,1490892,2009-09-30,2009-09-29 20:00:00,2009,Q4,18716063000.0,18177530000.0,538533000.0,0.0287738399,0,2117000.0,32000.0,291473000.0,3266000.0,312349000.0,18489879000.0,1000.0,14951000.0,24922000.0,249285000.0,0.0133193076,224612000.0,0.0120010282,-15200000.0,209412000.0,0.0111888916,79265000.0,130147000.0,0.0069537595,0.44,0.44,292617000,295503000,,,63.96095578862472,0.4447691009066459,1.2073939654907269,1.0583390575393774,3.449450988835235,9.28336016020942,-0.4873093497643677,9.28336016020942,4.076837641011971,6548768460.0,6717401460.0,12.579560919575556,0.3499009626116347,18.53578917872427,21.146342318720777,2.410765026216018,2.410765026216018,0.3589110305944151,26.946673325711537,19.01309201141227,21.690867776600967,0.0198735076365793,0.0472895021241902,0.4336515528062348,0.0867916868664691,0.6764666947469764,1.050017142055422,15.02320914988964,-154.82208588957056,0.0025610922271024,0.1288696627659492,0.0001131113952758,0.0,0.2106475184818982,0.1234517582591762,0.0023304046369153,13.317862595419848,0.0003608664920608,9.638537981281225,0.034095472258461,0.0121477446209872,-15.115701582614816,474143000.0,-142595000.0,-902518000.0,3952445000.0,3831576000.0,8108839000.0,4698524000.0,18.833331026936595,42.16989767036556,24.621265925568547,4.778761647170988,2.1342238177458643,3.6553766273462553,0.0479103571585024,0.1490549079513493,2009-09-29,,bmo,,2025-04-25,2009-09-30,,24.14109375,3111270.03125
2009-06-30,COR,USD,1490892,2009-06-30,2009-06-29 20:00:00,2009,Q3,18393899000.0,17874676000.0,519223000.0,0.028228001,0,1678000.0,40000.0,277434000.0,3243000.0,297336000.0,18172012000.0,1032000.0,15684000.0,23551000.0,237384000.0,0.0129055835,212987000.0,0.0115792198,-14838000.0,198149000.0,0.0107725393,73015000.0,118807000.0,0.0064590438,0.4,0.4,298477000,300592000,,,61.62585056805047,0.398044070397384,1.3335734411696714,1.2208880416246477,3.058607530898528,9.32841726498189,-0.2393651772163349,9.32841726498189,4.042586195921293,5294981980.0,5572992980.0,11.141982332690834,0.2878662093338666,13.302604455319928,14.530406880219097,1.9017159606050744,1.9017159606050744,0.3029805143542432,23.47670011458228,14.001052605133642,15.293320325899336,0.0224376589851963,0.0688211973858313,0.4277295194011603,0.0935111718186073,1.1711446432784012,1.0642142389158276,13.579890334098444,-151.34638783269963,0.0028566669456351,0.1273157305545969,9.122590050103026e-05,0.0,0.2242320064203516,0.0844988330347878,0.0018285410831058,12.769172361427486,0.0003145064567332,9.140307791134228,0.0324147092514239,0.0120250146052808,-13.456355933623026,551406000.0,-71445000.0,-813053000.0,4002214000.0,3740447000.0,7675985500.0,4501589000.0,18.33204966494597,38.77253159721609,22.27623706298229,4.9094346592402855,2.321230940887597,4.040179665243292,0.0426700542107618,0.1126853995450235,2009-06-29,,bmo,,2025-04-25,2009-06-30,,20.2796875,2978029.109375
2009-03-31,COR,USD,1490892,2009-03-31,2009-03-30 20:00:00,2009,Q2,17311651000.0,16759180000.0,552471000.0,0.0319132473,0,1307000.0,23000.0,283471000.0,2938000.0,302905000.0,17062085000.0,1379000.0,15900000.0,23187000.0,272328000.0,0.0157309086,248266000.0,0.0143409776,-15025000.0,233241000.0,0.013473065,89199000.0,143387000.0,0.0082826878,0.47,0.47,302446000,304584000,,,57.23881618536863,0.4740912427342401,1.1135343168697884,1.0267651084821754,2.16676365367702,9.121284460697115,-0.284635935009886,9.121284460697115,3.8881188708066894,4938943179.999999,5443660179.999999,8.611211581245161,0.2852959073631971,14.665017281105987,15.904319172025591,1.7903180270678611,1.7903180270678611,0.3144506656239776,19.989351737610527,16.16365438975723,17.52960214593242,0.0290319193346136,0.0628760017441626,0.4205051952081708,0.092436036002727,1.8533422931171235,1.0621923104051778,15.614213836477989,-168.3078460769615,0.0030830482240939,0.1061951222914211,7.549828725174739e-05,0.0,0.2266810659300975,0.0779223478550049,0.0015159154952927,11.901587301587302,0.0004173489865293,9.863935544160311,0.0376496720507793,0.0147746512005801,-13.3760332422978,527273000.0,-86087000.0,-785641000.0,3948701000.0,3635977500.0,7653662000.0,4771327000.0,19.413664820299346,41.089775872089206,24.589836734255496,4.635909851801606,2.190325892264936,3.660048701121436,0.0519763685451387,0.086769208387613,2009-03-30,,bmo,,2025-04-25,2009-03-31,,17.695238095238093,3714700.761904762
2008-12-31,COR,USD,1490892,2008-12-31,2008-12-30 19:00:00,2009,Q1,17338377000.0,16848529000.0,489848000.0,0.0282522407,0,272026000.0,0.0,272026000.0,18909000.0,290935000.0,17139464000.0,0.0,14183000.0,17813000.0,220111000.0,0.0126950175,197884000.0,0.0114130636,-14612000.0,183272000.0,0.0105703089,70743000.0,111056000.0,0.0064052131,0.36,0.36,308594000,310178000,,,56.18507488804059,0.3598773793398446,-0.9862991503399288,-1.1235150391776898,1.5260082827274672,8.800615047603,-0.4433041471966402,8.800615047603,3.891300543756522,5502231019.999999,6217963019.999999,12.386163332012677,0.3173440639801522,-18.07767956999139,-15.869836520434944,2.025994763270132,2.025994763270132,0.3586242829994986,28.24921525957357,-20.42923000597964,-17.934190014709696,0.0201838126382414,-0.0630126213784458,0.4369399705502985,0.0944698039494167,3.251686649008909,1.058808503365015,13.952196291334696,-2.740653364068578,0.0028299429710241,0.140208543437545,0.0156892424244783,0.0,0.2270985465816574,-0.1391219781447336,0.0024422124400686,2.3771402907988546,0.0004252993229989,8.441605374452113,0.0299583291795913,0.0114390152657539,-13.737409022858513,500272000.0,-136801000.0,-838260000.0,3925334000.0,3508985500.0,7491224500.0,4587739500.0,18.36350426571068,40.89545205993947,26.51468030235755,4.901025354297589,2.2007337116139265,3.394346036749976,0.0408922987079026,0.1372158888377609,2008-12-30,,bmo,,2025-04-25,2008-12-31,,17.261311475409837,4688256.8852459015
2008-09-30,COR,USD,1490892,2008-09-30,2008-09-29 20:00:00,2008,Q4,17157846000.0,16630393000.0,527453000.0,0.0307412131,0,303279000.0,0.0,303279000.0,18531000.0,321810000.0,16952203000.0,0.0,0.0,22268000.0,227911000.0,0.0132831942,202692000.0,0.011813371,-14929000.0,187763000.0,0.0109432734,72701000.0,114907000.0,0.0066970528,0.36,0.36,312854000,315818000,,,54.84298107104272,0.3672863380362725,1.643303266060207,1.4621069252750485,2.8067852736420185,8.662331311090796,-0.5284285960863534,8.662331311090796,3.8009135251587,5887912280.0,6198929280.0,12.810168832186028,0.3431615064035427,11.452542198811935,12.871835619313288,2.1726252811300184,2.1726252811300184,0.361288315561289,27.198903431602687,12.05749946509918,13.55176417606345,0.0195157459105352,0.0776889970921917,0.4387864408155584,0.0973278628386517,1.3646423384566784,1.0614835051078109,0.0,4.474174767420609,0.0020255057196606,0.103788280957644,0.0176758201466547,0.0,0.2353426390018617,0.1102634824182963,0.0033039112252202,2.545715825399677,0.0,8.460792444411949,0.0306547710957916,0.0122994898538066,-12.509155228956638,502172000.0,-165321000.0,-837980000.0,3929697000.0,3573675000.0,7182827000.0,4164012500.0,18.255440105943368,39.64982667577369,22.79319256015177,4.930037264382301,2.2698712086676185,3.948547346427575,0.0424004029453385,0.1811963407851585,2008-09-29,,bmo,,2025-04-25,2008-09-30,,15.88328125,4276232.90625
2008-06-30,COR,USD,1490892,2008-06-30,2008-06-29 20:00:00,2008,Q3,17996666000.0,17498621000.0,498045000.0,0.0276742926,0,271098000.0,0.0,271098000.0,21557000.0,292655000.0,17791276000.0,0.0,0.0,21709000.0,227099000.0,0.0126189484,197525000.0,0.010975644,-16734000.0,180791000.0,0.0100458052,68026000.0,-108020000.0,-0.0060022229,-0.34,-0.34,319064000,322234000,,,56.40456460145927,-0.3385527668430158,0.4095479276884888,0.3295765112955394,1.8274891557806583,8.537362410049395,-0.925710829175338,8.537362410049395,3.864650979113908,6381280000.0,7031265000.0,-14.768746528420662,0.3545812318792825,48.83433329251867,60.683936247099545,2.3426439032806954,2.3426439032806954,0.39069819932203,30.96123276632658,53.80850526509122,66.86508615770855,-0.0169276383421507,0.0164788255647769,0.4526750527264483,0.1028558582756244,2.862121805908437,1.073212075662307,0.0,-1.2097019070542492,0.0018944475089637,-0.1119144602851323,0.0150637901486864,0.0,0.2518552193214406,0.195267540100404,0.0014178181669871,1.175365055967571,0.0,,0.0299128899750116,-0.0120436872994066,-12.138165853872575,576289000.0,-295361000.0,-816584000.0,4116838000.0,3657588500.0,7217875500.0,4322180000.0,18.338811755466264,36.20380485982296,21.17095398545977,4.907624397920636,2.4859265579535035,4.251107440024294,-0.03965542875918,0.0799714163929493,2008-06-29,,bmo,,2025-04-25,2008-06-30,,20.2178125,3405478.0
2008-03-31,COR,USD,1490892,2008-03-31,2008-03-30 20:00:00,2008,Q2,17846246000.0,17287493000.0,558753000.0,0.0313092737,0,297607000.0,0.0,297607000.0,23040000.0,320647000.0,17608140000.0,0.0,0.0,26348000.0,264846000.0,0.014840432,236722000.0,0.0132645263,-17734000.0,218988000.0,0.0122708159,85136000.0,133852000.0,0.0075002889,0.42,0.41,322436000,326536000,,,55.34818072423675,0.4151273431006463,0.599539133347393,0.5121605527918719,1.8340383828108524,9.142276296691437,-0.8910977682392784,9.142276296691437,3.800394496892407,6606713639.999999,7240737639.999999,12.339587081253924,0.3702018699058614,34.176251157449315,40.0069858725074,2.241236135842369,2.241236135842369,0.4057288933482145,27.33942608157193,37.45603058252678,43.84632122030531,0.0202599972230671,0.0249956345920874,0.41569455719335,0.0974617306197037,2.393934588402317,1.069677406036334,0.0,1.4442294474494215,0.0018407033606499,0.0908540776379882,0.0166761681980624,0.0,0.2573074982406711,0.145742914340991,0.0015787073651231,1.0693031729163505,0.0,9.240789985228236,0.0333419323748811,0.0143343412378967,-12.510053157835973,573791000.0,-287322000.0,-816421000.0,4338011000.0,3554828000.0,7405765500.0,4675236000.0,18.397620429528992,38.50766157938575,23.57368416577233,4.891936995044536,2.337197230594225,3.8178164841401823,0.0454074378884041,0.0873785805555211,2008-03-30,,bmo,,2025-04-25,2008-03-31,,20.3715625,2588928.8125
2007-12-31,COR,USD,1490892,2007-12-31,2007-12-30 19:00:00,2008,Q1,17372915000.0,16865455000.0,507460000.0,0.0292098361,0,290117000.0,0.0,290117000.0,22353000.0,312470000.0,17177925000.0,0.0,0.0,25557000.0,213446000.0,0.0122861362,194990000.0,0.0112237929,-17151000.0,177829000.0,0.0102359909,68009000.0,109820000.0,0.0063213341,0.34,0.33,329810000,334124000,,,52.675525302446864,0.3329795943118765,-0.3063278857524029,-0.3879839907825718,1.5892150025772414,8.748012492040871,-1.103641490555168,8.748012492040871,3.795430702525697,7400936400.0,8128568400.0,16.847879256965946,0.4260042946160733,-73.25483915668615,-57.8374379693813,2.565154087333139,2.565154087333139,0.4678874213107011,38.08255202721063,-80.4569771355043,-63.523795531450986,0.0148386628481228,-0.0172898391614336,0.4338620579221692,0.0992542910555603,3.408974635270748,1.0634451425258296,0.0,-0.9199599344381716,0.0016887052292463,0.1138044072118011,0.0166993852211905,0.0,0.2576305585335968,-0.2665643868157973,0.0015501716321066,1.053762178659467,0.0,8.095706710305619,0.0279928902389158,0.0117296690453905,-12.719697704739092,527325000.0,-363992000.0,-887739000.0,4300246000.0,3466960000.0,7201818000.0,4461932000.0,17.93254499892505,39.56826898533126,25.733819810968637,5.018807983216825,2.274549842788543,3.4973432106507145,0.0380634566554207,0.0816561050301688,2007-12-30,,bmo,,2025-04-25,2007-12-31,,21.85,3269628.0327868853
2007-09-30,COR,USD,1490892,2007-09-30,2007-09-29 20:00:00,2007,Q4,16390450000.0,15862020000.0,528430000.0,0.0322401154,0,332898000.0,0.0,332898000.0,25058000.0,357956000.0,16219976000.0,0.0,0.0,25219000.0,195693000.0,0.0119394525,181020000.0,0.0110442361,-6977000.0,174043000.0,0.0106185614,61866000.0,87576000.0,0.0053431114,0.26,0.26,348678000,353548000,,,47.00741084897814,0.2511658320857639,0.3658877244907909,0.267369894286419,3.176635749889583,8.889921360108753,0.0313756531814453,8.889921360108753,3.521225887495053,7831307880.0,8418877880.0,22.355747807618528,0.4777970025228105,61.38495089240224,84.00347413811598,2.526456544462081,2.526456544462081,0.5136453166325513,43.02084325959539,65.9905616216089,90.30611503228712,0.0111828064152165,0.0119042695586117,0.3960919050752971,0.0997374180995322,3.0025090320042107,1.1091078111389587,0.0,1.4567575591486253,0.0011152670963563,0.0997305197771078,0.0203104856791607,0.0,0.2509150236749378,0.2692569977347014,0.0020957935871193,1.362107934493834,0.0,7.087947597911981,0.0261982314402141,0.0094971589639794,-9.887923815095876,857264000.0,10940000.0,-496044000.0,4453028000.0,3510692000.0,6938053000.0,4115252000.0,19.066726050840582,39.65386375757943,23.27163753418543,4.720265018756707,2.26964011754838,3.8673685883854256,0.0282528744531764,0.0985178302043719,2007-09-29,,bmo,,2025-04-25,2007-09-30,,22.27359375,2626800.15625
2007-06-30,COR,USD,1490892,2007-06-30,2007-06-29 20:00:00,2007,Q3,16445928000.0,15848705000.0,597223000.0,0.0363143387,0,359877000.0,0.0,359877000.0,24415000.0,384292000.0,16232997000.0,0.0,0.0,27359000.0,240290000.0,0.0146109116,209571000.0,0.0127430328,-9841000.0,199730000.0,0.0121446476,69822000.0,129908000.0,0.0078990982,0.35,0.35,370344000,375902000,,,44.40716739031819,0.3507765752921608,0.9977750415829608,0.9267518847341932,3.891541377746095,10.087483528827253,1.414325599982719,10.087483528827253,3.276834510617156,8888256000.0,9614803000.0,17.104905009699173,0.5404532964026111,24.053518077505952,25.896899046375907,2.3791860409402013,2.3791860409402013,0.5846312229993954,40.01332972658038,26.01970935267374,28.013772627812724,0.0146156906371733,0.0386146618639247,0.3248416219221439,0.0941381808703908,3.0236256190436555,1.1669818518143469,0.0,2.844474551220864,0.0010487996745368,0.0717584752286233,0.0218824380114031,0.0,0.2491658663803736,0.0711815327993072,0.0015993624683265,0.9614020980298988,0.0,8.922734492578906,0.0269867738013548,0.01342140150889,-8.067908485084137,1309287000.0,523787000.0,-5200000.0,5050326000.0,3591369500.0,7094659000.0,4365598500.0,19.421971201625105,39.11102894526714,23.44735295407417,4.633927167622892,2.3011411979456757,3.838386370362621,0.0347734471426632,0.0710231568487676,2007-06-29,,bmo,,2025-04-25,2007-06-30,,23.312380952380952,3183976.507936508
2007-03-31,COR,USD,1490892,2007-03-31,2007-03-30 20:00:00,2007,Q2,16512541000.0,15906098000.0,606443000.0,0.0367262071,0,363367000.0,0.0,363367000.0,22049000.0,385416000.0,16291514000.0,0.0,0.0,24991000.0,246018000.0,0.0148988578,220892000.0,0.0133772264,-10265000.0,210627000.0,0.0127555777,81131000.0,129496000.0,0.0078422818,0.35,0.34,377544000,383594000,,,43.73673267221834,0.342995783272943,1.1202296950818975,1.0427234971288115,4.26132318352298,10.845580912423452,2.405796410484606,10.845580912423452,3.1783606678956624,9661350960.0,10082939960.0,18.65183279792426,0.5850917166534212,22.843529422891407,24.54150124214452,2.359486338872548,2.359486338872548,0.6106231596941984,40.984561942622086,23.840344543855338,25.612410166787747,0.0134035085296187,0.0407473035220324,0.2930558255533272,0.0883190650435585,1.7136510336642037,1.2055766961142325,0.0,3.266015938716254,0.0009868185142505,0.0736238957187866,0.0220055168977324,0.0,0.2345214889894376,0.0691877730909641,0.0017721076362505,1.1709015245488377,0.0,9.14875629265542,0.025165008450188,0.012451081123751,-7.566982259021465,1683867000.0,908294000.0,382722000.0,5395829000.0,3528273000.0,7034023000.0,4615334000.0,19.805199575280387,41.31619583885376,26.04017339764913,4.544261200595644,2.178322523957154,3.456198183692781,0.031625395268597,0.0775061979530862,2007-03-30,,bmo,,2025-04-25,2007-03-31,,25.10507936507936,2838109.333333333
2006-12-31,COR,USD,1490892,2006-12-31,2006-12-30 19:00:00,2007,Q1,16725393000.0,16130750000.0,594643000.0,0.0355533051,0,362984000.0,0.0,362984000.0,22800000.0,385784000.0,16516534000.0,0.0,0.0,26775000.0,235634000.0,0.0140883984,208859000.0,0.0124875392,-8209000.0,200650000.0,0.0119967286,78463000.0,122187000.0,0.0073054786,0.32,0.32,384782000,389940000,,,43.46719181250682,0.3175486379300487,0.7481405055330032,0.6750211808244668,3.233108617346965,10.237669641511298,1.941145895598027,10.237669641511298,3.150077186562781,8392095419.999999,8805799420.0,17.170597976871516,0.5017577416566534,29.152277999520617,32.310097252594936,2.1303676289343887,2.1303676289343887,0.5264928256095387,37.37066560852848,30.58939392992,33.9028837742939,0.0145597724864763,0.030950077066688,0.307694748596885,0.0929311217014474,1.75570588285222,1.1983427678989005,0.0,2.355987134474208,0.0011509640342006,0.0790509628683902,0.0217025692610033,0.0,0.244757576487102,0.0977347492453216,0.0016821727298126,1.0507936507936508,0.0,8.552575993839152,0.0241947771405726,0.0124040600716811,-7.740080747020391,1544559000.0,746918000.0,228234000.0,5255596000.0,3424986000.0,6632658000.0,4525264000.0,18.41839949590422,37.75054972645413,25.824129070254017,4.886418063633253,2.3840712427276647,3.485112692674236,0.0310176679898387,0.0731193247085362,2006-12-30,,bmo,,2025-04-25,2006-12-31,,25.057868852459016,2855522.819672131
2006-09-30,COR,USD,1490892,2006-09-30,2006-09-29 20:00:00,2006,Q4,15643004000.0,15057509000.0,585495000.0,0.0374285527,0,379734000.0,0.0,379734000.0,22746000.0,402480000.0,15459989000.0,0.0,0.0,25054000.0,208069000.0,0.0133010897,195333000.0,0.0124869239,239000.0,195572000.0,0.0125022023,73594000.0,122078000.0,0.0078039998,0.31,0.3,397706000,402550000,,,39.33308524387362,0.3069553891568143,-0.1946412676700879,-0.2548817468180012,3.3419360029770737,10.412608811534149,2.7090111791122085,10.412608811534149,2.754524699149623,8721692580.0,8555915580.0,17.86090159570111,0.5575458895235211,-112.66880997287171,-86.03989996843185,2.1061004400461028,2.1061004400461028,0.546948372576009,41.12056856139069,-110.52726495284848,-84.40450220977034,0.0139970537691205,-0.0116225146747834,0.2645374227540757,0.0856928860631167,-0.7967405043519217,1.2347734096526324,0.0,-0.6346226368689436,0.0005761496353956,0.0411622077688035,0.0242750049798619,0.0,0.2396578670705073,-0.3094948973000904,0.001531547265474,0.95625449030095,0.0,8.480250218734593,0.0228731237441235,0.0125592673284052,-6.367199011329977,1751219000.0,1077390000.0,567644000.0,5324732000.0,3286872500.0,6514586500.0,4446616500.0,19.71760091603889,38.84664853927698,26.43099532598652,4.564449822432064,2.316802179446781,3.4050931071639767,0.0294792011024938,0.0602404791479132,2006-09-29,,bmo,,2025-04-25,2006-09-30,,22.327301587301587,3014150.793650794
2006-06-30,COR,USD,1490892,2006-06-30,2006-06-29 20:00:00,2006,Q3,15686315000.0,15129136000.0,557179000.0,0.0355200696,0,346394000.0,0.0,346394000.0,22027000.0,368421000.0,15497557000.0,0.0,0.0,24956000.0,213714000.0,0.0136242323,188844000.0,0.0120387739,497000.0,189341000.0,0.0120704576,69873000.0,119468000.0,0.0076160653,0.29,0.29,409660000,414670000,,,38.29105843870527,0.2916272030464287,0.4443611775618806,0.3735097397842113,4.048088658887858,10.326319386808573,2.881501733144559,10.326319386808573,2.647944637016062,8332484400.0,7758901400.0,17.43664495931965,0.5311945093541728,45.77357570164307,54.45641126186182,1.9697240844577664,1.9697240844577664,0.4946286874897004,36.305068455973874,42.62266132709284,50.70779677410922,0.0143376206020859,0.0183633107071883,0.2564267613491305,0.0843050795979371,-2.6838812618733447,1.250615927916071,0.0,1.5237302039039742,0.0006127824253712,0.0427394783540362,0.0220825604993907,0.0,0.2370275934437767,0.1594456072117206,0.0018503389738125,1.1630469626542714,0.0,8.231482364199639,0.0219453666597513,0.0121692564416038,-5.816722403944735,1864581000.0,1180436000.0,667813000.0,5427048000.0,3068442500.0,6424513500.0,4412524000.0,18.05360532413125,38.84503450824951,26.59808332742861,4.9851538451270985,2.316898443760855,3.38370246051488,0.0282411566137466,0.0708514377776693,2006-06-29,,bmo,,2025-04-25,2006-06-30,,21.196190476190477,2429576.222222222
2006-03-31,COR,USD,1490892,2006-03-31,2006-03-30 19:00:00,2006,Q2,15220679000.0,14659916000.0,560763000.0,0.0368421803,0,339113000.0,0.0,339113000.0,20149000.0,359262000.0,15019178000.0,0.0,0.0,23229000.0,224730000.0,0.0147647815,197924000.0,0.0130036249,-1518000.0,196406000.0,0.0129038921,67816000.0,129001000.0,0.0084753775,0.31,0.31,416100000,421542000,,,36.579377553472725,0.3100240326844508,1.1346575342465754,1.0571857726508052,4.411607786589762,10.734419610670512,3.399370343667388,10.734419610670512,2.5969142033165102,9745062000.0,9773913000.0,18.88563266951419,0.6402514631574584,20.640589158517447,22.15315473010605,2.1817667698325702,2.1817667698325702,0.6421469764916532,43.49180349753037,20.70169719844704,22.218740835881288,0.013237576118038,0.0451402977220668,0.2419240441034238,0.0845417401057522,0.1283807235349085,1.290595675849529,0.0,3.659901861225882,0.0005391448510024,0.0407283664467717,0.0222797550621756,0.0,0.2387902642304919,0.0682776602256577,0.0021179081432569,1.3877480735287786,0.0,8.653229528049646,0.0229264393747109,0.0132588118511069,-4.949920091324201,2072660000.0,1414478000.0,890137000.0,5649115000.0,2827029000.0,6313091500.0,4663079000.0,17.681544299042113,38.79426184979505,26.729232282094937,5.0900531355100975,2.319930724509338,3.367100074186873,0.0288813036874646,0.0774717615957702,2006-03-30,,bmo,,2025-04-25,2006-03-31,,21.3131746031746,3302860.73015873
2005-12-31,COR,USD,1490892,2005-12-31,2005-12-30 19:00:00,2006,Q1,14653147000.0,14124769000.0,528378000.0,0.0360590118,0,340686000.0,0.0,340686000.0,21087000.0,361773000.0,14486542000.0,0.0,0.0,23694000.0,190299000.0,0.0129869031,166605000.0,0.0113699126,-7295000.0,159310000.0,0.0108720673,61334000.0,98685000.0,0.0067347308,0.24,0.23,416500000,420698000,,,35.18162545018007,0.2369387755102041,0.5534381752701081,0.4864201680672269,3.61605762304922,10.371459783913563,3.381210084033613,10.371459783913563,2.52743337334934,8367485000.0,7914073000.0,21.19745908699397,0.5710367199619304,36.30035096548044,41.30174141386221,1.937046512117819,1.937046512117819,0.5400937423203357,41.5875700870735,34.33333044115797,39.06370869818455,0.0117938663768145,0.0242120541596429,0.2436911896693137,0.0837059647048102,-2.3826294410375253,1.2899411731346009,0.0,2.3698376633390565,0.000622648262889,0.0527942443127121,0.0232500226743101,0.0,0.2315097999519397,0.1210939364097402,0.0019049150329277,1.178061956613489,0.0,7.435826926624276,0.0187282359407101,0.0102111462444948,-5.440813325330132,2060353000.0,1408274000.0,910295000.0,5469771000.0,2652212500.0,5799659000.0,4487989000.0,16.36099808457528,40.18726607139557,31.68235317689089,5.500886897899563,2.2395153688760145,2.840698085066673,0.0228452677295922,0.0670180072028811,2005-12-30,,bmo,,2025-04-25,2005-12-31,,21.56096774193548,3017707.129032258
2005-09-30,COR,USD,1490892,2005-09-30,2005-09-29 20:00:00,2005,Q4,13918353000.0,13396579000.0,521774000.0,0.0374881999,0,356597000.0,0.0,356597000.0,20896000.0,377493000.0,13774072000.0,0.0,0.0,23310000.0,167591000.0,0.012041008,154998000.0,0.0111362314,-120388000.0,34610000.0,0.0024866448,13267000.0,74055000.0,0.0053206726,0.0559,0.05,425264000,425264000,,,32.72873556190978,0.1741388878437864,0.6492155461078295,0.5556642462094135,3.914775292524173,10.06517598480003,3.2959126566086008,10.06517598480003,2.240281331126077,7973700000.0,7610728000.0,26.91816892849909,0.5728910597396114,28.881008953666942,33.743398334348974,1.862858635389525,1.862858635389525,0.5468123994268574,45.412510218329146,27.566312190316133,32.207360010833504,0.0092874073516686,0.029635426464502,0.2225774625808081,0.0837093783119386,-2.165820360281877,1.3198224218518677,0.0,14.157632941900417,0.0003268244353311,0.035190061440821,0.0256206319813845,0.0,0.2529373507513373,0.1440989829329779,0.0028583841780704,1.7067353067353068,0.0,6.279858073138593,0.017931948874038,0.0087098424571741,-3.418287228639151,1935596000.0,1401633000.0,886875000.0,5329078000.0,2547885000.0,5379835000.0,4268717000.0,17.07516255694909,35.554059734205275,26.897322070059825,5.270813656961213,2.531356494105629,3.3460580114844056,0.017301126985436,0.093551299898416,2005-09-29,,bmo,,2025-04-25,2005-09-30,,18.974444444444448,3806409.619047619
2005-06-30,COR,USD,1490892,2005-06-30,2005-06-29 20:00:00,2005,Q3,13831966000.0,13329897000.0,502069000.0,0.0362977324,0,310112000.0,0.0,310112000.0,19602000.0,329714000.0,13659611000.0,0.0,0.0,20779000.0,193134000.0,0.0139628741,168608000.0,0.012189735,-11562000.0,157046000.0,0.0113538451,57202000.0,94777000.0,0.0068520267,0.23,0.23,415128000,417680000,,,33.31976161569444,0.2283078953961188,0.1386174866547185,0.0414281860052802,2.3937942032337016,10.079698309918868,3.1125026497851267,10.079698309918868,2.0657050355552986,6961696560.0,6825497560.0,18.36335967587073,0.5033049213683723,120.9804073404699,404.796869403419,1.663740271223949,1.663740271223949,0.4934582372455224,35.34073524081726,118.6135402474628,396.87740202349113,0.0136140665113964,0.0024703748363315,0.2049371887968664,0.0751762016193445,-0.705204676545818,1.2761543043553494,0.0,0.6071579302777075,0.0003750522559403,0.0275488778923156,0.0224199510033497,0.0,0.2535537729987855,0.7011330460169609,0.0029168666261903,1.941671880263728,0.0,7.195740470286663,0.0208627503894253,0.0111310074608767,-5.108424389585863,1731580000.0,1292087000.0,779319000.0,5136626000.0,2452624000.0,5561486500.0,4578662500.0,15.974674894371487,36.91457855975931,30.610661132640413,5.63391747219285,2.438061153923324,2.940152112690968,0.0226502707101316,0.0971893006494382,2005-06-29,,bmo,,2025-04-25,2005-06-30,,17.74296875,3695844.0
2005-03-31,COR,USD,1490892,2005-03-31,2005-03-30 19:00:00,2005,Q2,13191576000.0,12689461000.0,502115000.0,0.0380633065,0,299672000.0,0.0,299672000.0,26020000.0,325692000.0,13015153000.0,0.0,0.0,23322000.0,202578000.0,0.0153566185,176423000.0,0.0133739138,-14136000.0,162293000.0,0.0123027757,62321000.0,99422000.0,0.0075367795,0.23,0.23,438580000,440936000,,,30.077924209950293,0.2266906835697022,2.4403141958137624,2.3398444981531306,2.629923845136577,9.489700852752064,2.8936499612385425,9.489700852752064,2.183875233708787,6096262000.0,5900634000.0,15.329258111886706,0.4621329551525913,5.695987846091605,5.940565713222161,1.464745856131906,1.464745856131906,0.4473031880345456,29.127713769511004,5.513204574907523,5.749933980310054,0.0163086822712016,0.1683341365577791,0.2301310934448952,0.0823364118667094,-0.9656922271915016,1.258392269355949,0.0,12.456767420477426,0.000451588202738,0.0276900484802156,0.0227169217688621,0.0,0.2486841530663437,0.0411708040845653,0.0033403135455536,1.889374839207615,0.0,6.957197883961826,0.0209737836503511,0.0113756242050838,-4.943233845592594,1693174000.0,1269097000.0,775082000.0,5080085000.0,2330299000.0,5336558500.0,4904410000.0,16.716058793884827,40.11202997511084,32.79274746185043,5.3840442361284575,2.24371591404983,2.744509288363284,0.0238880747757144,0.100469697660632,2005-03-30,,bmo,,2025-04-25,2005-03-31,,15.40203125,5360843.5
2004-12-31,COR,USD,1490892,2004-12-31,2004-12-30 19:00:00,2005,Q1,13639042000.0,13178143000.0,460899000.0,0.0337926227,0,302684000.0,0.0,302684000.0,21154000.0,323838000.0,13501981000.0,0.0,0.0,23471000.0,160532000.0,0.0117700349,137061000.0,0.0100491662,-22033000.0,115028000.0,0.0084337302,44171000.0,64449000.0,0.0047253319,0.15,0.15,422244000,446428000,,,32.30132814202215,0.1526344956944326,0.290668428681047,0.1031417853184414,1.2541066302895956,9.976279118234954,3.1255269465048645,9.976279118234954,2.9020211062797814,6008532120.0,6704354120.0,23.30731322441,0.4405391610349172,48.95612524748845,137.96542260797685,1.426383507453191,1.426383507453191,0.4915560872970403,41.76335011088132,54.62552141640798,153.94259879222062,0.0107262470621526,0.0072481929246972,0.2908921324159201,0.1083405612774938,4.334475369396756,1.3434400686306411,0.0,1.9043429688590976,0.00043737803968,0.040776427873202,0.022192467770097,0.0,0.2557577316898712,0.6451565593605632,0.0058055397145928,3.373609986792212,0.0,5.85331508400757,0.0153621183085918,0.0076564751797458,-5.489318971968814,2031697000.0,1319735000.0,849576000.0,5394545000.0,2235723500.0,4982299000.0,5160534500.0,14.586263463372282,34.267384258920245,35.41253953610915,6.170188837326293,2.626404143367664,2.54147263028763,0.0152997419063228,0.1875266433626055,2004-12-30,,bmo,,2025-04-25,2004-12-31,,14.369180327868852,5578115.836065574
2004-09-30,COR,USD,1490892,2004-09-30,2004-09-29 20:00:00,2004,Q4,13388674000.0,12894843000.0,493831000.0,0.0368842351,0,301737000.0,0.0,301737000.0,20524000.0,322261000.0,13217104000.0,0.0,0.0,23200000.0,194770000.0,0.0145473704,171570000.0,0.0128145625,-23231000.0,148339000.0,0.0110794392,56350000.0,91989000.0,0.006870658,0.23,0.2,447348000,467936000,,,29.92899040567969,0.2056318570777113,0.3659544694510761,0.2645859599238177,1.9477967935477525,9.699484517646216,3.23170104705956,9.699484517646216,3.215552545222064,5828944440.0,6396072440.0,15.841417017252065,0.4353638336402843,35.60552223762896,49.24675520859736,1.3433703591458488,1.3433703591458488,0.4777226213738567,32.83910479026544,39.06976672021697,54.03822544397696,0.0157814165063477,0.0203059063640688,0.3315178800865167,0.1234314938824024,2.9117831288186067,1.359029166232519,0.0,1.7796584374218656,0.0004796623177283,0.0303941232103838,0.0225367351539069,0.0,0.2482709160105759,0.2769975993989335,0.0033869672231917,1.954612068965517,0.0,6.699012450828276,0.0182450464512128,0.010500244673542,-4.873097119021433,2191481000.0,1445695000.0,980431000.0,5550095000.0,2326243500.0,5202976500.0,5366535000.0,15.198485675280464,34.52801480405771,35.84570203762853,5.921642584851743,2.6065790492369474,2.510761259621132,0.0212002871599626,0.1013685095272584,2004-09-29,,bmo,,2025-04-25,2004-09-30,,13.88953125,6868862.21875
2004-06-30,COR,USD,1490892,2004-06-30,2004-06-29 20:00:00,2004,Q3,13071594000.0,12495865000.0,575729000.0,0.0440442841,0,305883000.0,0.0,305883000.0,19806000.0,325689000.0,12821554000.0,0.0,0.0,22916000.0,273781000.0,0.0209447295,250040000.0,0.0191285011,-43252000.0,204512000.0,0.0156455288,78737000.0,125775000.0,0.0096220094,0.28,0.27,447824000,472624000,,,29.1891323377041,0.2808581049698095,1.4276903426346064,1.296844295973418,2.016799010325485,9.810635428203938,3.356059523384187,9.810635428203938,3.251438064954089,6493448000.0,7046349000.0,12.90687338501292,0.4967602267940696,10.156263978953756,11.18098760585304,1.477987853703637,1.477987853703637,0.5390581286413884,25.737173142036884,11.021044679473343,12.133020982922318,0.0193695244806765,0.0894375376533391,0.3314197218670208,0.1189353428055966,2.019500988015969,1.3904004854255292,0.0,5.0833154442456765,0.0004310344827586,0.0222532299741602,0.0234005890941839,0.0,0.2361038969737598,0.0916487579650709,0.0044826973665185,2.556990748821784,0.0,7.87378058403892,0.0260135747378091,0.0134489416583788,-5.255829299010325,2501520000.0,1502924000.0,1059981000.0,5834977000.0,2620074000.0,5479293500.0,5601839500.0,16.465953578423562,39.31720133020003,40.31346369378991,5.465823741780311,2.289074424299623,2.232504770208174,0.0286279219144551,0.1308460466611883,2004-06-29,,bmo,,2025-04-25,2004-06-30,,13.07375,5367284.71875
2004-03-31,COR,USD,1490892,2004-03-31,2004-03-30 19:00:00,2004,Q2,13363573000.0,12781125000.0,582448000.0,0.0435847509,0,305482000.0,0.0,305482000.0,18618000.0,324100000.0,13105225000.0,0.0,0.0,21363000.0,279711000.0,0.0209308543,258348000.0,0.0193322549,-27208000.0,231140000.0,0.0172962725,88988000.0,142152000.0,0.0106372749,0.32,0.31,447388000,471784000,,,29.8702088567418,0.3177376237181149,1.0648832780494784,0.9892911745509492,1.4836428335136391,9.528541221490071,3.1247463052205244,9.528541221490071,3.9220408236251294,5932364880.0,7023274880.0,10.43313650177275,0.4439205652560135,12.452068948146158,13.403536128803404,1.3916086095208604,1.3916086095208604,0.5255536734075535,25.10904068842484,14.74189548629769,15.868329157224291,0.0239621134025727,0.0746071775679448,0.4116097871077691,0.1411978603463506,3.900132636900229,1.3651780974948564,0.0,3.351454780798019,0.0004728299854677,0.0197323991220665,0.0228593056662316,0.0,0.2305437859869971,0.070986280897367,0.0025306854686242,1.583064176379722,0.0,8.2535120413899,0.0261235931663493,0.014866226239341,-5.723541981456812,2447107000.0,1397974000.0,984137000.0,5725925000.0,2736009000.0,5262236000.0,5632650500.0,19.184768923700272,38.72666842707508,39.47848956958014,4.6912214766797,2.323979925344625,2.2797224762456167,0.0333458833133354,0.0755921034985292,2004-03-30,,bmo,,2025-04-25,2004-03-31,,14.204032258064515,4346452.580645162
2003-12-31,COR,USD,1490892,2003-12-31,2003-12-30 19:00:00,2004,Q1,13355113000.0,12827939000.0,527174000.0,0.0394735709,0,299880000.0,0.0,299880000.0,16818000.0,316698000.0,13144637000.0,0.0,0.0,19609000.0,230085000.0,0.0172282331,210476000.0,0.0157599565,-34094000.0,176382000.0,0.0132070766,67908000.0,108474000.0,0.0081222825,0.24,0.24,446836000,472116000,,,29.888175975078106,0.2427602073243874,-1.016923434996285,-1.1322140561637828,0.6338455272180398,9.22231870305884,2.9005406905441817,9.22231870305884,3.9607260829476574,6085906320.0,7572476320.0,14.026186735992034,0.4556986017265447,-13.393338703075276,-12.029527390030715,1.476852019382343,1.476852019382343,0.5670095281110688,32.911647086946125,-16.664853982631964,-14.967912174796506,0.0178238037683103,-0.0831287853277373,0.4294718292086319,0.1498559099771396,6.460960079970445,1.4512412859119022,0.0,-4.189003816582775,0.000460408007069,0.0258310747275844,0.0224543214273065,0.0,0.239187405768241,-0.1133719778696209,0.0038573990351111,2.6271609975011474,0.0,7.097412909521198,0.0217442393331902,0.012072546125954,-5.838652212444835,2672907000.0,1296066000.0,907247000.0,5886524000.0,2459410500.0,5209285000.0,5696349500.0,17.67896385451774,35.25368260637972,39.70221405012918,5.090796086276352,2.5529247824938737,2.2668760962893244,0.0263231205883038,0.1152906211674976,2003-12-30,,bmo,,2025-04-25,2003-12-31,,13.535483870967743,6556543.838709678
2003-09-30,COR,USD,1490892,2003-09-30,2003-09-29 20:00:00,2003,Q4,12639583000.0,12055417000.0,584166000.0,0.0462171893,0,333360000.0,0.0,333360000.0,20313000.0,353673000.0,12409090000.0,0.0,0.0,24414000.0,254907000.0,0.0201673584,230493000.0,0.0182358073,-35183000.0,195310000.0,0.0154522503,75780000.0,119530000.0,0.0094567993,0.25,0.25,435380000,471640000,,,29.031152097018698,0.2745417795948367,2.634983233037806,2.5438812072212778,1.837557995314438,9.199588864899628,2.704800404244568,9.199588864899628,4.097923652900914,5707831800.0,6691949800.0,11.938073705345936,0.4515838694994922,4.975363727413859,5.153542532876471,1.4250636840979127,1.4250636840979127,0.5294438748493522,26.25251483874511,5.833192964900337,6.042092537165197,0.020941401952314,0.194041282015353,0.44544639038558,0.1481840097175071,3.860694292428219,1.4159804299865957,0.0,9.597749518949218,0.000490203653163,0.0234083493683594,0.0263742878226283,0.0,0.2348564487494938,0.0345740438399294,0.0031380782103333,1.6246415990824936,0.0,7.538408898201511,0.0241319272328413,0.0129748695891548,-6.078082939041757,2602416000.0,1177616000.0,823710000.0,5783287000.0,2398106500.0,5490953500.0,6231657000.0,16.344631780969358,40.267309708158585,42.8060953843405,5.506395078584165,2.235063644735249,2.102504309069128,0.0298428314163398,0.091102025816528,2003-09-29,,bmo,,2025-04-25,2003-09-30,,14.740625,5696628.5
2003-06-30,COR,USD,1490892,2003-06-30,2003-06-29 20:00:00,2003,Q3,12420671000.0,11860292000.0,560379000.0,0.0451166447,0,315833000.0,0.0,315833000.0,16340000.0,332173000.0,12192465000.0,0.0,0.0,18241000.0,246447000.0,0.0198416817,228206000.0,0.0183730815,-43096000.0,185110000.0,0.0149033816,72564000.0,112546000.0,0.0090611852,0.26,0.25,441328000,467096000,,,28.14385445745568,0.2550166769386941,-0.4013636116448537,-0.4370015045499039,0.5094238298952253,8.807916107747525,2.444231954464706,8.807916107747525,5.210856777725411,7423136960.0,9498010960.0,16.489117694098415,0.5976437955727191,-41.90713734877183,-38.48957000119257,1.909645799782876,1.909645799782876,0.764693868793401,38.539771066395616,-53.620787543823006,-49.24796075930333,0.0151615146812541,-0.0259810644797802,0.5916106277558538,0.1823741936015972,8.419148944803547,1.470866239323673,0.0,-1.573872016775363,0.0003724840340275,0.024567732305013,0.0254280143158127,0.0,0.2227218699909879,-0.0887920376214482,0.001266276193935,0.8622334301847486,0.0,7.1090592677535644,0.0222633436414051,0.01148276249069,-7.381014800783091,3031693000.0,1078708000.0,747645000.0,6150071000.0,2332220500.0,5685498000.0,6814151000.0,18.1205862388594,42.404724942691125,51.06560023985919,4.966726728023621,2.122404994293269,1.7624388938397442,0.0289531228294033,0.0356378929050502,2003-06-29,,bmo,,2025-04-25,2003-06-30,,14.93625,6904320.65625
2003-03-31,COR,USD,1490892,2003-03-31,2003-03-30 19:00:00,2003,Q2,12162541000.0,11581352000.0,581189000.0,0.0477851627,0,323563000.0,0.0,323563000.0,21074000.0,344637000.0,11925989000.0,0.0,0.0,18743000.0,255295000.0,0.0209902684,236552000.0,0.0194492253,-44132000.0,192420000.0,0.0158207072,76006000.0,116414000.0,0.0095715196,0.27,0.26,437752000,463024000,,,27.78409007840056,0.2659359637420274,0.1166825051627405,0.0740213636945119,0.5161735411831356,8.433894077011642,2.254031963303423,8.433894077011642,4.709831137264936,5576960480.0,7412742480.0,11.976567423162164,0.4585358010303932,109.18517717999922,172.11247353640096,1.5105714968279669,1.5105714968279669,0.6094731750544561,29.035987700503338,145.12593445318925,228.76716600314785,0.0208740944852454,0.0058101541361469,0.5584408689815745,0.1672994478335498,7.190826298987446,1.4122949933852675,0.0,0.438761660968612,0.0004945346143101,0.0236913086054941,0.0266032402275149,0.0,0.2195168975657271,0.3656172912016915,0.0015354521723708,0.9963719788721124,0.0,7.103851375348166,0.0246907079724909,0.0121032704842971,-7.615197075056196,2716333000.0,986707000.0,672972000.0,5707945000.0,2246031500.0,5662526500.0,6640151000.0,16.010622286905342,44.93924543524797,53.61155157014483,5.621268079855246,2.002703853354172,1.6787426844426403,0.0315318121515056,0.0426611414682285,2003-03-30,,bmo,,2025-04-25,2003-03-31,,14.562539682539684,6259346.285714285
2002-12-31,COR,USD,1490892,2002-12-31,2002-12-30 19:00:00,2003,Q1,12434533000.0,11913108000.0,521425000.0,0.0419336215,0,317682000.0,0.0,317682000.0,15888000.0,333570000.0,12246678000.0,0.0,0.0,19045000.0,206900000.0,0.0166391452,187855000.0,0.0151075235,-34568000.0,153287000.0,0.0123275237,60548000.0,92739000.0,0.0074581812,0.22,0.21,427160000,453608000,,,29.109778537316227,0.2171060024346849,-1.559951774510722,-1.5985485532353216,0.8586384492930049,8.006423822455286,1.9846895776758124,8.006423822455286,5.156625152167806,5625697200.0,7461625200.0,15.16540290492673,0.4524252901174495,-8.442568683977916,-8.238723793121627,1.644929158391871,1.644929158391871,0.6000728133497253,36.06392073465442,-11.197773539091378,-10.927404530516844,0.0164848900861567,-0.1213780222654002,0.6440609773498666,0.1841853265426737,8.873504108264862,1.3981860937853552,0.0,-7.18520794919074,0.000475318863589,0.0288336082985583,0.0255483659901019,0.0,0.2150854590936563,-0.0247422897010425,0.0013259042378189,0.865686531898136,0.0,6.253835628840085,0.0200631063249862,0.0098795900000511,-7.574058900646128,2590363000.0,847780000.0,556623000.0,5444413000.0,2275277000.0,5455016000.0,5909677500.0,16.852729410907507,41.86964056734816,48.210167321575526,5.340381240664182,2.149528841911914,1.8668261281831773,0.0271164763756043,0.0385967787245996,2002-12-30,,bmo,,2025-04-25,2002-12-31,,13.19639344262295,6797200.590163934
2002-09-30,COR,USD,1490892,2002-09-30,2002-09-29 20:00:00,2002,Q4,11600920000.0,11072301000.0,528619000.0,0.0455669895,0,314184000.0,0.0,314184000.0,0.0,331146000.0,11403447000.0,0.0,0.0,18261000.0,215734000.0,0.0185962837,193614000.0,0.0166895384,-54177000.0,139437000.0,0.0120194778,55366000.0,94960000.0,0.0081855577,0.23,0.22,424900000,452536000,,,27.302706519180983,0.223487879501059,0.9598682042833608,0.904514003294893,1.561167333490233,7.80498470228289,1.7602753589079785,7.80498470228289,4.277036949870558,7363516999.999999,8517489999.999999,19.385838774220723,0.6347356071759825,18.05456199368392,19.159460148623047,2.2203759086076267,2.2203759086076267,0.7342081490088717,39.48144474213615,20.883981287146188,22.162033471409835,0.0128960115118903,0.0521935374088224,0.5479878709588709,0.16207179658775,5.349054854589448,1.3689013408766628,0.0,4.294945240101095,0.0003609688142228,0.0279907329401853,0.027082679649545,0.0,0.2290550478319295,0.0576685431827543,0.002027425411088,1.287990800065714,0.0,6.26475764213243,0.0225606786882209,0.0109848732418968,-6.702231113203107,2250120000.0,747941000.0,452963000.0,5101095000.0,2176714500.0,5066076500.0,5305951000.0,17.23949824669078,43.63188193673564,44.20120262265269,5.220569572973274,2.062711852092379,2.036143694286632,0.0286339932781278,0.0553542009884678,2002-09-29,,bmo,,2025-04-25,2002-09-30,,15.71875,8080540.375
2002-06-30,COR,USD,1490892,2002-06-30,2002-06-29 20:00:00,2002,Q3,11620827000.0,11110898000.0,509929000.0,0.0438806119,0,304299000.0,0.0,304299000.0,0.0,319039000.0,11429937000.0,0.0,0.0,16167000.0,207057000.0,0.0178177508,182743000.0,0.0157254729,-27118000.0,155625000.0,0.013391904,61771000.0,90224000.0,0.0077639913,0.22,0.21,421496000,451564000,,,27.57043245962002,0.2140565984018828,-0.244903866228861,-0.2914998007098525,0.862181373014216,7.568449048152296,1.7443842883443734,7.568449048152296,3.650120048588836,7342460320.000001,8517565320.000001,20.345086451498496,0.6318362987419055,-71.12995098134192,-59.75990363485424,2.301660470879802,2.301660470879802,0.7329568988506585,41.136331155189154,-82.51375932420127,-69.32402226816207,0.0122879792423583,-0.0167336280545265,0.4822811153732942,0.1474701548804172,5.6752729924610135,1.412282297144717,0.0,-1.144107997871963,0.0003595525048748,0.0292605071821244,0.0261856578709931,0.0,0.2353006807254195,-0.1902621432584814,0.0016900690458605,1.2148203129832376,0.0,6.037526009432389,0.021891129952056,0.0113092786373913,-6.390927197411126,2244182000.0,735251000.0,444873000.0,4978787000.0,2096302000.0,4920541500.0,5234974000.0,16.506103223118284,38.59169978880195,41.91039824143827,5.452528606142901,2.3321076939480925,2.147438434765668,0.0282827560891277,0.0465959344809915,2002-06-29,,bmo,,2025-04-25,2002-06-30,,16.5325,5459700.9375
2002-03-31,COR,USD,1490892,2002-03-31,2002-03-30 19:00:00,2002,Q2,10944267000.0,10429774000.0,514493000.0,0.0470102749,0,304576000.0,0.0,304576000.0,0.0,318978000.0,10748752000.0,0.0,0.0,15904000.0,211419000.0,0.0193177853,190774000.0,0.0174314095,-32380000.0,158394000.0,0.0144727829,62891000.0,91874000.0,0.0083947148,0.22,0.21,417616000,446816000,,,26.20653183786062,0.219996360292709,1.5420936937282097,1.515921324853454,1.110625550745182,7.302703919390062,1.401517183249684,7.302703919390062,3.6849378376307422,7003420320.0,8078494320.0,19.057133465398262,0.6399168002754319,10.874825614166394,11.062579386579433,2.2964096840175148,2.2964096840175148,0.7381485046006279,38.21082457111234,12.544187402853714,12.760762692454108,0.0131184472446457,0.0903948315356859,0.5045991016897912,0.1451752081725858,5.085039660579229,1.369625040535403,0.0,7.0096327579075695,0.0003722466853167,0.0283758190565339,0.0278297303967456,0.0,0.2324885929243537,0.016971970627466,0.000998696395108,0.6872484909456741,0.0,6.01230291632292,0.0234421114924248,0.0112925740822432,-6.92674071395732,2115509000.0,585296000.0,288408000.0,4857414000.0,2083699500.0,5099426500.0,5537414500.0,16.951321637164003,43.80814291853304,45.699279773463935,5.309320531248984,2.0544125818655847,1.9693964641486548,0.0301253292918773,0.0261723688747557,2002-03-30,,bmo,,2025-04-25,2002-03-31,,18.2496875,4387452.125
2001-12-31,COR,USD,1490892,2001-12-31,2001-12-30 19:00:00,2002,Q1,11068780000.0,10597347000.0,471433000.0,0.0425912341,0,297592000.0,0.0,297592000.0,0.0,312639000.0,10909986000.0,0.0,0.0,16246000.0,175040000.0,0.0158138476,151297000.0,0.0136688054,-32706000.0,118591000.0,0.0107140082,47078000.0,67883000.0,0.0061328349,0.16,0.16,414944000,444728000,,,26.67535860260661,0.1635955695226343,-0.994589631371944,-1.0188555564124315,0.6186111860877612,7.032401962674482,1.0632663684738182,7.032401962674482,4.794278264054909,6398436480.0,8131104480.0,23.564207828174947,0.5780615822159262,-15.503881715245251,-15.134628164856377,2.192707425122162,2.192707425122162,0.734598074945929,46.45283638025594,-19.70226358677874,-19.23301782537941,0.0106093106045806,-0.0660736417906894,0.6817412158038254,0.1819536060409829,9.898697440585009,1.4258065079864388,0.0,-6.079563366380389,0.0004055678302209,0.0382275385589912,0.0268857091748142,0.0,0.226542075051311,-0.0243979268183349,0.0009096756824148,0.6197833312815463,0.0,5.087786413992438,0.0174575866026107,0.0080273513879266,-7.927755311560114,2436550000.0,441196000.0,143483000.0,5193364000.0,2124365500.0,5056985000.0,5417581000.0,17.124391305997587,43.50029681957192,49.07845803293976,5.255661260700035,2.0689513998788773,1.8337984445150075,0.0232631141380913,0.0242659250404873,2001-12-30,,bmo,,2025-04-25,2001-12-31,,15.567,4342376.0
2001-09-30,COR,USD,1490892,2001-09-30,2001-09-29 20:00:00,2001,Q4,5884231000.0,5617654000.0,266577000.0,0.0453036259,0,0.0,0.0,167015000.0,6493000.0,173508000.0,5791162000.0,0.0,0.0,10104000.0,103173000.0,0.017533812,80863000.0,0.0137423225,-21932000.0,58931000.0,0.0100150725,23042000.0,35889000.0,0.0060991827,0.12,0.12,283088000,311084000,,,20.785872237608093,0.126776832645679,0.7552103939411067,0.7367567682134177,1.0513550556717346,10.027143503080314,1.3130757926863732,10.027143503080314,5.642397417057594,4852128320.0,6151797320.0,33.79955083730391,0.8245985448225945,22.695662212160475,23.26412289576012,1.7093601976210508,1.7093601976210508,1.04547175663226,59.62603898306728,28.774818958702657,29.49554493280337,0.0073965479956638,0.0429846422528248,0.5627123432834349,0.1552091122113991,12.59698758396092,1.3578971208612165,0.0,6.181968018968858,0.0,0.0,0.0,0.0,0.2397035538460118,0.0244350791193268,0.0008877965531944,0.5170229612034838,0.0,5.348103739700173,0.0103483396238888,0.0045868071367033,-10.667810892725935,1980049000.0,371716000.0,59821000.0,4736466000.0,1409921500.0,3315880000.0,3505821000.0,32.77228069394285,79.97458725653092,81.00590210789059,2.746223274495336,1.1253574802619613,1.111030155310539,0.0126433647435816,0.0184536257276889,2001-09-29,,bmo,,2025-04-25,2001-09-30,,15.24,5552362.125
2001-06-30,COR,USD,1490892,2001-06-30,2001-06-29 20:00:00,2001,Q3,3518929000.0,3373990000.0,144939000.0,0.0411883843,0,79638000.0,0.0,79638000.0,0.0,83843000.0,3457833000.0,0.0,0.0,4786000.0,65882000.0,0.0187221737,60193000.0,0.0171054886,-9367000.0,50826000.0,0.0144435992,19320000.0,31506000.0,0.0089532923,0.15,0.14,211648000,238312000,,,16.626327676141518,0.1488603719383126,-0.91364907771394,-0.9414972029029332,0.4455416540671303,1.9037505669791357,1.9037505669791357,1.9037505669791357,3.028301708497127,2842432640.0,3389068640.0,22.55469307433505,0.8077550413776464,-14.699297933516744,-14.26451396625616,7.054495600918284,7.054495600918284,0.9630966240012232,51.441496008014326,-17.526160147280887,-17.007761685385365,0.0110841676796956,-0.0701040359570315,1.590702984426382,0.221934358837983,8.297198020703682,1.4892992008550388,0.0,-6.137624579445185,0.0,0.0,0.022631317653752,0.0,0.0,-0.0304801108743768,0.0016749414381478,1.2315085666527372,0.0,2.525142153079995,0.0353971098927257,0.0109094913197762,-4.276645656939825,897294000.0,402925000.0,246110000.0,968303000.0,676917000.0,1698120000.0,1887793500.0,17.319531027764413,43.743117199517485,52.15920912628668,5.196445553619422,2.057466540153036,1.7254862853095423,0.0781932121362536,0.027848125188993,2001-06-29,,bmo,,2025-04-25,2001-06-30,,14.5735593220339,5015235.694915255
2001-03-31,COR,USD,1490892,2001-03-31,2001-03-30 19:00:00,2001,Q2,3480998000.0,3329829000.0,151169000.0,0.0434269138,0,82462000.0,0.0,82462000.0,0.0,86743000.0,3416572000.0,0.0,0.0,5298000.0,69724000.0,0.020029888,64426000.0,0.0185079107,-13594000.0,50832000.0,0.0146027088,19316000.0,31516000.0,0.0090537254,0.15,0.14,210804000,237396000,,,16.512959905884138,0.1495038044818883,0.8240166220754824,0.7917496821692188,0.5989829415001613,1.7335392117796626,1.7335392117796626,1.7335392117796626,1.4346596838769663,2508567600.0,2684731600.0,19.89915915725346,0.7206460905751741,14.441456253669994,15.030002875904712,6.864569269121628,6.864569269121628,0.7712534164052952,38.50512879352877,15.45560659965689,16.085483870967742,0.0125633449144444,0.0665335867369091,0.827589981310048,0.1086161879895561,2.526590557053525,1.3558828295213297,0.0,5.511676608706689,0.0,0.0,0.0236891833893613,0.0,0.0,0.0391581177391684,0.0019540373191826,1.283880709701774,0.0,2.414816952905718,0.0471829408408314,0.011318735387389,-4.151313542437525,689639000.0,365437000.0,208492000.0,758793000.0,699792000.0,1755916500.0,1868903500.0,17.494655268402912,47.47173503504234,49.197174990067055,5.14442831934785,1.895864980152178,1.8293733332893825,0.0862419514170705,0.0322669399062636,2001-03-30,,bmo,,2025-04-25,2001-03-31,,13.227301587301588,3014795.365079365
2000-12-31,COR,USD,1490892,2000-12-31,2000-12-30 19:00:00,2001,Q1,3307195000.0,3169130000.0,138065000.0,0.041746858,0,79645000.0,0.0,79645000.0,0.0,84171000.0,3253301000.0,0.0,0.0,4526000.0,58420000.0,0.0176645163,53894000.0,0.016295985,-11650000.0,42244000.0,0.0127733623,16053000.0,26191000.0,0.0079194,0.13,0.12,209416000,218312000,,,15.792465714176569,0.1250668525805096,-1.118009130152424,-1.1440004584176948,0.7752989265385644,1.5413005692019712,1.5413005692019712,1.5413005692019712,3.3099285632425413,2565346000.0,3096138000.0,24.486903898285668,0.7756863444701628,-10.956976709420871,-10.708037667173125,7.947833306999036,7.947833306999036,0.936182474876746,52.99791167408421,-13.22406878259421,-12.923622126124922,0.010209538986164,-0.0933877925238934,2.147490651324615,0.2345091291334166,9.085792536802463,1.4561457645085638,0.0,-8.939292123248444,0.0,0.0,0.0240823416823017,0.0,0.0,-0.0232478676285295,0.0016458055844907,1.2026071586389748,0.0,2.0826008376761416,0.032518018844742,0.0088610125933897,-4.630133323146273,879543000.0,322773000.0,174765000.0,946344000.0,673445500.0,1669801000.0,1744054500.0,19.673378799859098,49.85349606989932,54.457990047741816,4.574709861259043,1.8052896405462016,1.6526500504535606,0.0811437140033398,0.025991328265271,2000-12-30,,bmo,,2025-04-25,2000-12-31,,12.13774193548387,2921205.0322580645
2000-09-30,COR,USD,1490892,2000-09-30,2000-09-29 20:00:00,2000,Q4,3031730000.0,2892884000.0,138846000.0,0.0457976139,0,0.0,0.0,78526000.0,4511000.0,83037000.0,2975921000.0,0.0,0.0,4511000.0,60320000.0,0.0198962309,55809000.0,0.0184083015,-10654000.0,45155000.0,0.0148941364,17159000.0,27996000.0,0.0092343316,0.14,0.13,207868632,211081716,,,14.584836446126223,0.1346812153937685,0.9836741505086732,0.9631852486526202,0.5812228561738935,1.3580403992844865,1.3580403992844865,1.3580403992844865,1.9878756887186328,2369702404.8,2662101404.8,21.161080197171025,0.7816337222641858,11.589203593593348,11.835729436208895,8.394448358094753,8.394448358094753,0.8780799757234319,44.13298084880637,13.019202370949994,13.296147185040155,0.0118141417012077,0.0844899340923351,1.4637824395842631,0.1680722957722933,4.847463527851459,1.3249557942504264,0.0,7.30372196028004,0.0,0.0,0.0,0.0,0.0,0.0208289521946448,0.0014048084756887,0.9441365550875638,0.0,2.0286219360475104,0.0489344566180552,0.011387121034326,-3.859323276828031,569150000.0,282294000.0,144346000.0,634112000.0,609679000.0,1516831000.0,1599788500.0,18.52291925732173,49.28368023052427,48.85967083367325,4.858845344500698,1.8261623234917777,1.8420099534926369,0.0991732024060022,0.020488901856053,2000-09-29,,bmo,,2025-04-25,2000-09-30,,11.17,2767694.380952381
2000-06-30,COR,USD,1490892,2000-06-30,2000-06-29 20:00:00,2000,Q3,2931706000.0,2801860000.0,129846000.0,0.0442902528,0,77944000.0,0.0,77944000.0,0.0,82070000.0,2883930000.0,0.0,0.0,4126000.0,51902000.0,0.0177036852,47776000.0,0.0162963135,-7260000.0,40516000.0,0.0138199397,15396000.0,25120000.0,0.0085683899,0.12,0.12,206333252,208342756,,,14.20859687705596,0.1217447975859945,-0.3527400421140069,-0.3753975631615596,0.1752504729581832,1.1880925523337362,1.1880925523337362,1.1880925523337362,2.5826132958928016,1551626055.04,2048345055.04,15.442138286624203,0.5292570452289554,-21.318815847874475,-20.032095937617,6.329473225994623,6.329473225994623,0.6986870631093295,39.465628589264384,-28.143566473029043,-26.44493144635088,0.016189467764095,-0.0499198887182925,2.173747567746173,0.2217760261030972,9.570324842973296,1.4022349687215756,0.0,-2.8973726114649683,0.0,0.0,0.0265865676844813,0.0,0.0,-0.0642329147316644,0.0015946346598192,1.1330586524478914,0.0,1.8040210542533064,0.037654883792128,0.0104545568050341,-4.16991804113086,650064000.0,245143000.0,108557000.0,714948000.0,618941000.0,1352179000.0,1450934000.0,18.278002637372232,46.56107371531768,52.32829977229412,4.923951581885699,1.932945115275376,1.719910648571304,0.1024708027559424,0.0226575210475527,2000-06-29,,bmo,,2025-04-25,2000-06-30,,8.632698412698414,1323505.9365079366
2000-03-31,COR,USD,1490892,2000-03-31,2000-03-30 19:00:00,2000,Q2,2842203000.0,2710183000.0,132020000.0,0.0464498841,0,76323000.0,0.0,76323000.0,0.0,80906000.0,2791089000.0,0.0,0.0,4583000.0,55697000.0,0.0195964187,51114000.0,0.0179839371,-11922000.0,39192000.0,0.0137893036,14893000.0,24299000.0,0.0085493541,0.12,0.12,204845880,204845880,,,13.874836047471396,0.1186208870786173,1.1993748666070316,1.1808975606441292,0.2403758376785513,1.0436724429117148,1.0436724429117148,1.0436724429117148,2.291469079094976,745639003.2,1165797003.2,7.671498860035393,0.2623454423206224,3.034914355256892,3.082401150879282,3.487684306241581,3.487684306241581,0.4101737290404662,20.93105559006769,4.745049608648403,4.819294603599805,0.0325881557908289,0.3244224067703651,2.195582622361922,0.2233424815006547,7.543637897911916,1.3969731668660246,0.0,10.111408346365955,0.0,0.0,0.02685346542805,0.0,0.0,0.0154057805256281,0.0013317134631129,0.8258782456905956,0.0,1.6689908320443652,0.0457844573330405,0.0115616150004567,-3.516803706279082,559544000.0,213792000.0,81166000.0,622944000.0,671692500.0,1260964500.0,1357847500.0,20.34465870312571,41.670473912647225,42.26709045108762,4.423765535382149,2.159802650400971,2.129316189959892,0.1136571995210297,0.0184773059629024,2000-03-30,,bmo,,2025-04-25,2000-03-31,,5.38015873015873,1311895.8095238097
1999-12-31,COR,USD,1490892,1999-12-31,1999-12-30 19:00:00,2000,Q1,2839400000.0,2719200000.0,120200000.0,0.0423328872,0,70200000.0,0.0,70200000.0,0.0,74400000.0,2793600000.0,0.0,0.0,4200000.0,50000000.0,0.0176093541,45800000.0,0.0161301683,-11000000.0,34800000.0,0.0122561104,13200000.0,21600000.0,0.007607241,0.11,0.11,205714286,205714286,,,13.802638869718557,0.1049999998541666,-0.7816666655810185,-0.8006249988880209,0.2765972218380594,0.9197222209448302,0.9197222209448302,0.9197222209448302,3.5019444395806327,757028572.48,1420528572.48,8.761904774074075,0.2666156837641755,-4.707889132338309,-4.59640906180935,4.001208099788584,4.001208099788584,0.5002918125237726,28.4105714496,-8.834132913432835,-8.624945795264116,0.0285326086560235,-0.2175611410021795,3.807610993657505,0.3072723395180209,13.27,1.5462638441048646,0.0,-7.444444444444445,0.0,0.0,0.0247235331408043,0.0,0.0,-0.0242537313432835,0.0013735296189335,0.9285714285714286,0.0,1.474056899839461,0.0309702431712567,0.0092130518234165,-4.138142355363692,779300000.0,189200000.0,50600000.0,843900000.0,656700000.0,1221350000.0,1343050000.0,22.21631330562795,41.93843777581642,47.75706090026478,4.051077186474533,2.146002683292558,1.884538083027237,0.1141649048625792,0.0189583333070023,1999-12-30,,bmo,,2025-04-25,1999-12-31,,4.027142857142858,1709728.984126984
1999-09-30,COR,USD,1490892,1999-09-30,1999-09-29 20:00:00,1999,Q4,3200500000.0,3043000000.0,157500000.0,0.0492110608,0,0.0,0.0,94400000.0,7100000.0,101500000.0,3144500000.0,0.0,0.0,7100000.0,63100000.0,0.0197156694,56000000.0,0.0174972661,-30600000.0,25400000.0,0.00793626,12700000.0,9300000.0,0.002905796,0.0375,0.0375,204691840,206584904,,,15.635699009789546,0.0454341511610819,0.5930866613930482,0.5671940806238295,0.2906808595789651,0.8124407890417127,0.8124407890417127,0.8124407890417127,2.7294688444834927,1176978080.0,1676178080.0,31.63919569892473,0.3677481893454147,9.695041845140032,10.137623428079245,7.077438845460012,7.077438845460012,0.5237238181534135,26.56383645007924,13.80706820428336,14.437365030146426,0.0079015915062751,0.0986424488041442,3.3595911004209262,0.2711346209841793,7.911251980982567,1.4465456189256385,0.0,9.559055118110235,0.0,0.0,0.0,0.0,0.0,0.043657331136738,0.0016559912513669,0.7464788732394366,0.0,0.9113355838668168,0.0381835537978999,0.0045132485683781,-3.68273107516157,592700000.0,166300000.0,25700000.0,657100000.0,549200000.0,1112750000.0,1224400000.0,17.223871270114046,34.769635228393035,36.76897798225435,5.22530612244898,2.588465464443688,2.447715572715573,0.0559230306674684,0.0258925807692187,1999-09-29,,bmo,,2025-04-25,1999-09-30,,3.52109375,2283629.96875
1999-06-30,COR,USD,1490892,1999-06-30,1999-06-29 20:00:00,1999,Q3,2261300000.0,2157300000.0,104000000.0,0.045991244,0,61200000.0,0.0,61200000.0,0.0,65400000.0,2222700000.0,0.0,0.0,4400000.0,43000000.0,0.0190156105,38600000.0,0.0170698271,-6700000.0,32300000.0,0.014283819,12300000.0,21800000.0,0.0096404723,0.11,0.0975,202924612,206664080,,,11.143547240095252,0.1074290584327937,-0.622398627525773,-0.6263409782939489,0.2271779630161372,0.715536664423929,0.715536664423929,0.715536664423929,2.8345502023184848,1256103348.28,1785203348.28,14.40485491146789,0.5554784187325874,-9.94539468155186,-9.882795816522425,8.650849506060606,8.650849506060606,0.7894588724538982,41.51635693674419,-14.13462666888361,-14.045659703225809,0.0173552598437469,-0.101185941566066,3.961432506887052,0.3003812209514857,12.304651162790698,1.5145049755439366,0.0,-6.315,0.0,0.0,0.0270640781851147,0.0,0.0,-0.0063341250989707,0.0003537787998054,0.1818181818181818,0.0,1.31512819831266,0.0327814137876418,0.0113844064964227,-3.7273694528488246,610100000.0,145200000.0,26200000.0,669800000.0,483100000.0,983600000.0,1073900000.0,19.338875867863617,43.8005840634126,50.296203587818106,4.653838238320642,2.05476712067816,1.7893994691439947,0.1501377410468319,0.0039423507681759,1999-06-29,,bmo,,2025-04-25,1999-06-30,,6.3196875,921372.53125
1999-03-31,COR,USD,1490892,1999-03-31,1999-03-30 19:00:00,1999,Q2,2175900000.0,2064300000.0,111600000.0,0.0512891217,0,65100000.0,0.0,65100000.0,0.0,69300000.0,2133600000.0,0.0,0.0,4200000.0,52388000.0,0.0240764741,42300000.0,0.0194402316,-12805000.0,32900000.0,0.0151201802,12500000.0,20219000.0,0.0092922469,0.1,0.0975,202190000,207374359,,,10.761659824917157,0.1,0.9669123102032742,0.9496018596369752,0.5890499035560611,0.6127899500469856,0.6127899500469856,0.6127899500469856,2.564914189623621,1676155099.9999998,2075655100.0,20.725,0.7703272668780733,8.573683375959078,8.729974479166666,13.528289749798224,13.528289749798224,0.9539294544786064,39.620812018019386,10.617161636828644,10.810703645833332,0.0120627261761158,0.1145478720913118,4.185633575464084,0.3015993021227101,7.625792166144919,1.4805316360913516,0.0,9.583333333333334,0.0,0.0,0.0299186543499241,0.0,0.0,0.0179028132992327,0.0016085298037593,0.8333333333333334,0.0,1.1742135187459382,0.0402834763148079,0.0117586507705728,-3.190934269746278,513400000.0,123900000.0,-13800000.0,573200000.0,501150000.0,912900000.0,1004400000.0,19.866262236316008,39.99273361430024,41.07833163784333,4.530293566520925,2.2504088084596097,2.1909361069836555,0.1631880548829701,0.017310450566299,1999-03-30,,bmo,,2025-04-25,1999-03-31,,7.061904761904762,1289322.2857142857
1998-12-31,COR,USD,1490892,1998-12-31,1998-12-30 19:00:00,1999,Q1,2169700000.0,2067600000.0,102100000.0,0.0470571968,0,61000000.0,0.0,61000000.0,0.0,65200000.0,2132800000.0,0.0,0.0,4200000.0,41100000.0,0.018942711,36900000.0,0.0170069595,-10600000.0,28700000.0,0.0132276352,10900000.0,17900000.0,0.0082499885,0.09,0.0875,198888889,204571429,,,10.909106139156924,0.0899999999497206,-0.9432402229367371,-0.974413407276864,0.2232402233389719,0.4937430164839425,0.4937430164839425,0.4937430164839425,3.219385473061796,1567244445.32,2163144445.32,21.88888890111732,0.7223323248928423,-8.354181478251599,-8.086916642518059,15.95971940244399,15.95971940244399,0.9969785893533668,52.631251710948895,-11.53062071066098,-11.161736043962849,0.0114213197905736,-0.1236565237660995,6.520366598778004,0.3543638275499474,14.498783454987835,1.5737472869680098,0.0,-10.539325842696629,0.0,0.0,0.028114485873623,0.0,0.0,-0.033049040511727,0.0028575379084666,1.4761904761904765,0.0,0.9999148002812136,0.0306286326093606,0.0099064696441419,-3.718156422503823,608000000.0,98200000.0,-41000000.0,667900000.0,490100000.0,927750000.0,968400000.0,21.652763054800204,39.545850261172376,46.42774230992456,4.156513409961685,2.2758392955421023,1.938496156009751,0.1822810590631364,0.0311731843401267,1998-12-30,,bmo,,2025-04-25,1998-12-31,,9.03344262295082,1255542.5901639345
1998-09-30,COR,USD,1490892,1998-09-30,1998-09-29 20:00:00,1998,Q4,2127400000.0,2023600000.0,103800000.0,0.0487919526,0,0.0,0.0,59400000.0,4300000.0,63700000.0,2087300000.0,0.0,0.0,4300000.0,44400000.0,0.0208705462,40100000.0,0.0188492996,-34700000.0,5400000.0,0.0025383097,2100000.0,3300000.0,0.0015511892,-0.0378,-0.0378,190707071,233448816,,,11.155328372695736,0.0173040253971495,0.4441366518601715,0.4310275417108157,0.2543167368975008,0.394846397698594,0.394846397698594,0.394846397698594,2.3795656743110487,1258666668.6,1663966668.6,95.3535355,0.5916455149948293,14.860291246753246,15.312246576642334,16.715360804780875,16.715360804780875,0.7821597577324433,37.47672677027027,19.645415213695397,20.242903510948903,0.0026218220298711,0.0653072032895175,6.0265604249668,0.2923403981189203,9.12837837837838,1.3970646178092987,0.0,25.666666666666668,0.0,0.0,0.0,0.0,0.0,0.0295159386068477,0.0011751433674908,0.5813953488372093,0.0,0.3920838202596011,0.0456256852644862,0.0021258777298202,-3.407057727817549,403100000.0,75300000.0,-58700000.0,463900000.0,453600000.0,894350000.0,873150000.0,19.384224875434803,42.11800751136588,38.702312710021744,4.642950676560454,2.136853220696937,2.3254424270282694,0.0438247011952191,0.0131091101493557,1998-09-29,,bmo,,2025-04-25,1998-09-30,,7.2384375,993673.375
1998-06-30,COR,USD,1490892,1998-06-30,1998-06-29 20:00:00,1998,Q3,2094500000.0,1994800000.0,99700000.0,0.0476008594,0,59000000.0,0.0,59000000.0,0.0,63100000.0,2057900000.0,0.0,0.0,4300000.0,40900000.0,0.0195273335,36600000.0,0.0174743376,-9700000.0,27000000.0,0.0128909048,10500000.0,16500000.0,0.0078777751,0.0875,0.085,188571429,194117647,,,11.10719694445334,0.0874999998011363,0.4650757565187672,0.4507575747331267,0.2736363630144628,0.3648484840192837,0.3648484840192837,0.3648484840192837,2.872121205593664,1502914289.13,1992914289.13,22.77142862318182,0.7175527759035569,17.1369930345496,17.681344577999997,21.844684435029063,21.844684435029063,0.9514988250799712,48.72651073667481,22.72422222497149,23.44605046035294,0.0109786699875955,0.056556784784583,7.872093023255814,0.3436548223350253,11.98044009779951,1.515764114381481,0.0,5.315151515151515,0.0,0.0,0.028169014084507,0.0,0.0,0.0307867730900798,0.0012890904750537,0.627906976744186,0.0,0.8475231272835422,0.0359997853962122,0.0104695431472081,-3.610303022097796,492400000.0,68800000.0,-60100000.0,556700000.0,455700000.0,845500000.0,917700000.0,19.29338744330389,37.97523561259274,39.52727090435131,4.664810690423162,2.3699655459189737,2.2769090286496976,0.2398255813953488,0.0143181817856404,1998-06-29,,bmo,,2025-04-25,1998-06-30,,7.15703125,2677017.21875
1998-03-31,COR,USD,1490892,1998-03-31,1998-03-30 19:00:00,1998,Q2,2192300000.0,2078900000.0,113400000.0,0.0517264973,0,70700000.0,0.0,70700000.0,0.0,74800000.0,2153700000.0,0.0,0.0,4100000.0,42700000.0,0.0194772613,38600000.0,0.0176070793,-12000000.0,26600000.0,0.0121333759,10400000.0,16200000.0,0.0073894996,0.085,0.0825,190588235,196363636,,,11.502808659726556,0.0850000001311728,0.7702469147688995,0.7566049394392051,0.2529012349581809,0.2518518522405121,0.2518518522405121,0.2518518522405121,3.3081790174508936,1389388233.15,1971688233.15,21.4411764375,0.6337582598868768,9.4644975010218,9.635147247919557,28.945588190625003,28.945588190625003,0.8993697181726954,46.17536845784544,13.431118754427793,13.673288718099862,0.0116598079740977,0.1037866857941296,13.135416666666666,0.3865252574791564,13.637002341920375,1.6060509554140128,0.0,9.061728395061728,0.0,0.0,0.0322492359622314,0.0,0.0,0.0177111716621253,0.0011859690735756,0.6341463414634146,0.0,0.6940220948595889,0.0341095047543408,0.0099313388916135,-3.717700623021143,570900000.0,48000000.0,-70300000.0,636300000.0,511300000.0,857250000.0,996700000.0,18.982803448433152,36.76800230891337,41.53013612968397,4.741133217993079,2.447780525138349,2.1671010111539664,0.3375,0.0136419753296944,1998-03-30,,bmo,,2025-04-25,1998-03-31,,6.908412698412699,1410209.619047619
1997-12-31,COR,USD,1490892,1997-12-31,1997-12-30 19:00:00,1998,Q1,2254600000.0,2148600000.0,106000000.0,0.0470149916,0,65800000.0,0.0,65800000.0,0.0,69700000.0,2218300000.0,0.0,0.0,3900000.0,40200000.0,0.0178302138,36300000.0,0.0161004169,-12500000.0,23800000.0,0.0105561962,9300000.0,14500000.0,0.006431296,0.0775,0.075,187096774,193333333,,,12.05044828832805,0.0775000000801724,-1.0331551734825744,-1.047051725221088,0.3051896554881272,0.1582068967153864,0.1582068967153864,0.1582068967153864,4.174310349145839,1322774192.18,2046674192.18,22.806451589310345,0.586700165075845,-6.843115324262804,-6.752292966717714,44.688317303378376,44.688317303378376,0.9077770745054556,50.912293337810944,-10.588071351163997,-10.447545646656458,0.0109618104781007,-0.1480978394937889,26.385135135135137,0.4387393966631088,18.007462686567163,1.7358706986444212,0.0,-13.33103448275862,0.0,0.0,0.0291847777876341,0.0,0.0,-0.0134505949301603,0.0011531979065022,0.6666666666666666,0.0,0.5252364005215568,0.0269340472761994,0.0081456097972024,-4.041758624870785,705700000.0,29600000.0,-85800000.0,771900000.0,546750000.0,950850000.0,1025950000.0,22.362281557704247,36.24127338732198,43.3161128176487,4.024634059264549,2.483356449375867,2.0777487670438064,0.4898648648648648,0.0138965517385136,1997-12-30,,bmo,,2025-04-25,1997-12-31,,7.096393442622951,1100213.9344262294
1997-09-30,COR,USD,1490892,1997-09-30,1997-09-29 20:00:00,1997,Q4,2219300000.0,2111600000.0,107700000.0,0.0485288154,0,0.0,0.0,66900000.0,3800000.0,70700000.0,2182300000.0,0.0,0.0,3800000.0,40800000.0,0.0183841752,37000000.0,0.0166719236,-10600000.0,26400000.0,0.0118956428,10300000.0,16100000.0,0.0072545397,0.0875,0.0875,226305288,226305288,,,9.80666434979637,0.0711428360436721,-0.3486440847109149,-0.3627842757258063,0.2651285815292128,0.0631889785977957,0.0631889785977957,0.0631889785977957,2.6062139564321627,1604504491.92,2134304491.92,24.91466602360248,0.7229777370882711,-20.33592511939164,-19.54329466406821,112.20311132307693,112.20311132307693,0.9617016590456452,52.31138460588235,-27.05075401673004,-25.996400632399517,0.0100342504998127,-0.0511684450953182,41.24475524475525,0.3379942693409742,12.985294117647058,1.437660384036811,0.0,-4.900621118012422,0.0,0.0,0.0,0.0,0.0,-0.0405576679340937,0.0014418960933627,0.8421052631578947,0.0,0.3180369015434797,0.0366960382816619,0.0092263610315186,-3.3663596937248768,494600000.0,14300000.0,-106000000.0,562100000.0,511950000.0,955400000.0,906450000.0,21.62708962285405,44.177401022921,43.38037507103618,4.161447590474404,2.037240713941148,2.074670858714875,1.1258741258741258,0.0141401910148913,1997-09-29,,bmo,,2025-04-25,1997-09-30,,7.2484375,838018.9375
1997-06-30,COR,USD,1490892,1997-06-30,1997-06-29 20:00:00,1997,Q3,2064200000.0,1963100000.0,101100000.0,0.0489778122,0,76200000.0,0.0,76200000.0,0.0,80100000.0,2043200000.0,0.0,0.0,3900000.0,24900000.0,0.0120627846,21000000.0,0.0101734328,-10700000.0,10300000.0,0.0049898266,4000000.0,6300000.0,0.0030520298,0.035,0.0325,180000000,193846154,,,11.467777777777778,0.035,0.8288888888888889,0.8033333333333333,0.4661111111111111,-0.0333333333333333,-0.0333333333333333,-0.0333333333333333,2.957222222222222,1089000000.0,1537400000.0,43.21428571428571,0.5275651584148823,7.298927613941019,7.531120331950207,-181.5,-181.5,0.7447921713012305,61.7429718875502,10.304289544235925,10.632088520055325,0.0057851239669421,0.1327823691460055,-88.71666666666667,0.3543233708313918,18.008032128514056,1.4336200642553631,0.0,23.3125,0.0,0.0,0.0369150276136033,0.0,0.0,0.0308310991957104,0.002228466233892,1.1794871794871795,0.0,,0.0239014890103735,0.0041935698595486,-3.6605555555555553,418400000.0,-6000000.0,-125000000.0,483900000.0,495250000.0,830350000.0,810250000.0,21.390369150276136,40.08303193927971,36.45204014059396,4.207501019160212,2.2453391284456137,2.468997610363476,-1.05,0.0255555555555555,1997-06-29,,bmo,,2025-04-25,1997-06-30,,6.129375,1089361.625
1997-03-31,COR,USD,1490892,1997-03-31,1997-03-30 19:00:00,1997,Q2,1785500000.0,1691900000.0,93600000.0,0.0524222907,0,57600000.0,0.0,57600000.0,0.0,61100000.0,1753000000.0,0.0,0.0,3500000.0,36000000.0,0.0201624195,32500000.0,0.0182021843,-11000000.0,21500000.0,0.012041445,8400000.0,11100000.0,0.006216746,0.06,0.0575,185000000,193043478,,,9.651351351351352,0.06,0.6708108108108108,0.6427027027027027,0.3308108108108108,-0.0708108108108108,-0.0708108108108108,-0.0708108108108108,3.547027027027027,982350000.0,1577350000.0,22.125,0.550182021842621,7.915793714746171,8.261984861227921,-74.9885496183206,-74.9885496183206,0.8834220106412769,43.81527777777778,12.710314262691378,13.26619007569386,0.0112994350282485,0.1210362905278159,-50.09160305343512,0.4318525830865416,16.52777777777778,1.6146471063878942,0.0,9.473282442748092,0.0,0.0,0.0322598711845421,0.0,0.0,0.0419016921837228,0.0029123494819378,1.4857142857142858,0.0,,0.0302880476925594,0.007305034550839,-3.696081081081081,532100000.0,-13100000.0,-134800000.0,601600000.0,489150000.0,737550000.0,794250000.0,25.197983758050967,41.83225958981028,43.90685028665997,3.5717143428685736,2.151449643947101,2.0497940392536957,-0.8473282442748091,0.0281081081081081,1997-03-30,,bmo,,2025-04-25,1997-03-31,,5.47765625,863551.1875
1996-12-31,COR,USD,1490892,1996-12-31,1996-12-30 19:00:00,1997,Q1,1746900000.0,1660100000.0,86800000.0,0.0496880188,0,54800000.0,0.0,54800000.0,0.0,57900000.0,1718000000.0,0.0,0.0,3100000.0,32000000.0,0.0183181636,28900000.0,0.0165435915,-9200000.0,19700000.0,0.0112771195,7900000.0,11800000.0,0.0067548228,0.0625,0.0625,188800000,188800000,,,9.252648305084746,0.0625,-1.0789194915254237,-1.0942796610169492,0.204978813559322,-0.1324152542372881,-0.1324152542372881,-0.1324152542372881,3.2409957627118646,1104480000.0,1677680000.0,23.4,0.6322514167954663,-5.422091310751105,-5.345982575024201,-44.1792,-44.1792,0.960375522353884,52.4275,-8.236033382425134,-8.120425943852856,0.0106837606837606,-0.1870563523105896,-24.476,0.4514534454773498,17.9125,1.6843348202571504,0.0,-17.26271186440678,0.0,0.0,0.031369855172019,0.0,0.0,-0.0142366224840451,0.0016600835766214,0.935483870967742,0.0,,0.0291818272057942,0.0087059170724509,-3.185116525423729,521600000.0,-25000000.0,-96600000.0,572900000.0,434350000.0,701850000.0,706700000.0,24.647089129314782,37.33690741521595,41.37039937353171,3.651546822742475,2.4104835196747496,2.175468483816013,-0.472,0.0153601694915254,1996-12-30,,bmo,,2025-04-25,1996-12-31,,5.838852459016394,561750.2295081967
1996-09-30,COR,USD,1490892,1996-09-30,1996-09-29 20:00:00,1996,Q4,1487100000.0,1412600000.0,74500000.0,0.0500975052,0,0.0,0.0,51800000.0,3200000.0,55000000.0,1467600000.0,0.0,0.0,3200000.0,22700000.0,0.015264609,19500000.0,0.0131127698,-7900000.0,11600000.0,0.0078004169,-1700000.0,13300000.0,0.0089435815,0.0725,0.07,184531659,193988868,,,8.058779767432753,0.0720743533769454,0.2617437043689072,0.2416929444068998,0.3554945550020769,-0.1994237747572626,-0.1994237747572626,-0.1994237747572626,2.350274215006109,996470958.6,1364570958.6,18.730657116541355,0.6700766314303006,20.630868708074537,22.342398174887897,-27.078015179347823,-27.078015179347823,0.9176053786564452,60.11325808810573,28.25198672049689,30.59576140358744,0.0133471024772121,0.0447579526679444,-11.785326086956522,0.36506734006734,16.215859030837006,1.4190633749045558,0.0,3.631578947368421,0.0,0.0,0.0,0.0,0.0,0.0766045548654244,0.0024880640172147,1.15625,0.0,,0.0555886589276222,0.0111952861952861,-2.933507469306392,329300000.0,-36800000.0,-109700000.0,381000000.0,361150000.0,654200000.0,633200000.0,23.62114181964898,45.554297040917454,41.43211100099108,3.810146041506534,1.9756643356643355,2.172228202368138,-0.3614130434782608,0.0200507599620073,1996-09-29,,bmo,,2025-04-25,1996-09-30,,5.075625,365297.03125
1996-06-30,COR,USD,1490892,1996-06-30,1996-06-29 20:00:00,1996,Q3,1420000000.0,1338800000.0,81200000.0,0.0571830986,0,51400000.0,0.0,51400000.0,0.0,54500000.0,1393300000.0,0.0,0.0,3100000.0,29800000.0,0.0209859155,26700000.0,0.0188028169,-9100000.0,17600000.0,0.0123943662,7200000.0,3200000.0,0.0022535211,0.0175,0.0175,182857143,182857143,,,7.7656249939331055,0.0174999999863281,-0.0683593749465942,-0.0809374999367675,0.3259374997453613,-0.2974999997675781,-0.2974999997675781,-0.2974999997675781,2.579062497985108,725942857.71,1137942857.71,56.71428575859375,0.511227364584507,-58.0754286168,-49.05019308851352,-13.344537825551471,-13.344537825551471,0.8013682096549296,38.18600193657719,-91.0354286168,-76.88803092635135,0.0044080604499567,-0.0203872795810497,-8.669117647058824,0.4318681318681319,13.825503355704695,1.5247865807997605,0.0,-1.2019230769230769,0.0,0.0,0.0361971830985915,0.0,0.0,-0.184,0.0016197183098591,0.7419354838709677,0.0,,0.0371842392818117,0.0029304029304029,-2.897070310236664,350400000.0,-54400000.0,-128300000.0,400900000.0,336150000.0,601500000.0,603400000.0,21.04225352112676,39.89094711682103,41.41694054377054,4.27710843373494,2.256150994270307,2.173023859763026,-0.0588235294117647,0.0125781249901733,1996-06-29,,bmo,,2025-04-25,1996-06-30,,4.2890625,545453.1875
1996-03-31,COR,USD,1490892,1996-03-31,1996-03-30 19:00:00,1996,Q2,1362100000.0,1283300000.0,78800000.0,0.0578518464,0,48900000.0,0.0,48900000.0,0.0,51500000.0,1334800000.0,0.0,0.0,2600000.0,29900000.0,0.0219513986,27300000.0,0.0200425813,-9900000.0,17400000.0,0.0127743925,7300000.0,10100000.0,0.0074150209,0.0575,0.0575,175652174,175652174,,,7.754529699131421,0.0574999999715346,0.3222277226127585,0.2857920790664395,0.3632178216023674,-0.6285148511740025,-0.6285148511740025,-0.6285148511740025,2.851658414429872,702608696.0,1139708696.0,17.391304356435644,0.5158275427648484,12.413581201413429,13.996189163346614,-6.364209202898551,-6.364209202898551,0.836729091843477,38.11734769230769,20.136196042402823,22.70336047808765,0.0143749999928836,0.0714480197666098,-4.53713768115942,0.4624688394423414,14.618729096989966,1.466355276601956,0.0,5.603960396039604,0.0,0.0,0.0359004478378973,0.0,0.0,0.1130742049469964,0.0046986271198884,2.4615384615384617,0.0,,0.0398154565933113,0.0093250854030098,-3.29699876074406,319500000.0,-110400000.0,-188900000.0,370100000.0,340150000.0,578800000.0,569250000.0,22.48513325012848,42.7522792799813,41.42679030624172,4.002644725242433,2.1051509186351707,2.1725071948535635,-0.0914855072463768,0.0364356435463189,1996-03-30,,bmo,,2025-04-25,1996-03-31,,4.194444444444445,811943.1746031746
1995-12-31,COR,USD,1490892,1995-12-31,1995-12-30 19:00:00,1996,Q1,1282500000.0,1212100000.0,70400000.0,0.0548927875,0,43300000.0,0.0,43300000.0,0.0,46000000.0,1258100000.0,0.0,0.0,2700000.0,27100000.0,0.0211306043,24400000.0,0.0190253411,-9100000.0,15300000.0,0.0119298246,6400000.0,8900000.0,0.0069395712,0.05,0.05,178000000,178000000,,,7.205056179775281,0.05,-0.2943820224719101,-0.3129213483146067,0.2797752808988764,-0.696067415730337,-0.696067415730337,-0.696067415730337,2.8601123595505618,712000000.0,1171300000.0,20.0,0.5551656920077973,-13.587786259541986,-12.782764811490123,-5.746569814366425,-5.746569814366425,0.9132943469785576,43.22140221402214,-22.353053435114504,-21.028725314183124,0.0125,-0.0782303370786516,-4.108958837772397,0.5017740981667652,16.948339483394832,1.5268834513844172,0.0,-5.887640449438202,0.0,0.0,0.0337621832358674,0.0,0.0,-0.0629770992366412,0.0025730994152046,1.2222222222222223,0.0,,0.0360789630205581,0.0087719298245614,-3.1449438202247197,327300000.0,-123900000.0,-190000000.0,373800000.0,329350000.0,505400000.0,476150000.0,23.859649122807017,40.68971206996122,40.67486181008167,3.772058823529412,2.211861313868613,2.2126688572471704,-0.0718321226795803,0.0185393258426966,1995-12-30,,bmo,,2025-04-25,1995-12-31,,3.76968253968254,481529.9682539682
1995-09-30,COR,USD,1490892,1995-09-30,1995-09-29 20:00:00,1995,Q4,1118800000.0,1046400000.0,72400000.0,0.0647121916,0,0.0,0.0,42800000.0,2900000.0,45700000.0,1092100000.0,0.0,0.0,2900000.0,29600000.0,0.0264569181,26700000.0,0.0238648552,-9600000.0,17100000.0,0.0152842331,6300000.0,10800000.0,0.0096531999,0.053,0.053,203776000,203776000,,,5.490342336683417,0.0529993718592964,-0.0132498429648241,-0.0358236494974874,0.1580166457286432,-0.6659272927135679,-0.6659272927135679,-0.6659272927135679,2.138622801507537,666347520.0,1069947520.0,15.42471111111111,0.5955912763675366,-246.79537777777776,-91.28048219178082,-4.910445983787767,-4.910445983787767,0.9563349302824454,36.14687567567567,-396.27685925925925,-146.56815342465754,0.0162077589783781,-0.0109552444946444,-3.2114959469417834,0.5196136878502444,13.635135135135137,1.4588679245283018,0.0,-0.25,0.0,0.0,0.0,0.0,0.0,-1.7037037037037035,0.0041115480872363,1.5862068965517242,0.0,,0.0546263618229246,0.0128770716585191,-2.458213921168342,243200000.0,-135700000.0,-201200000.0,288400000.0,297400000.0,485150000.0,421600000.0,25.637289953521627,39.80504587155964,34.79071100917432,3.5105114527769063,2.261019878997407,2.5868974042027197,-0.079587324981577,0.0225738065326633,1995-09-29,,bmo,,2025-04-25,1995-09-30,,3.5055555555555555,510480.5714285714
1995-06-30,COR,USD,1490892,1995-06-30,1995-06-29 20:00:00,1995,Q3,1186700000.0,1120000000.0,66700000.0,0.0562062863,0,40000000.0,0.0,40000000.0,0.0,43000000.0,1163000000.0,0.0,0.0,2500000.0,26700000.0,0.022499368,23700000.0,0.0199713491,-10600000.0,13100000.0,0.0110390158,3200000.0,3700000.0,0.0031178899,0.02,0.02,185000000,185000000,,,6.414594594594595,0.02,0.505945945945946,0.4891891891891892,0.1297297297297297,-0.7983783783783783,-0.7983783783783783,-0.7983783783783783,2.247567567567568,512450000.0,904250000.0,34.625,0.4318277576472571,5.474893162393162,5.662430939226519,-3.469532836831416,-3.469532836831416,0.7619870228364372,33.86704119850187,9.660790598290598,9.99171270718232,0.0072202166064981,0.1766025953751585,-2.815165876777251,0.4925373134328358,14.674157303370787,1.366093366093366,0.0,9.551020408163266,0.0,0.0,0.0337069183449903,0.0,0.0,0.0331196581196581,0.0026122861717367,1.24,0.0,,0.0652484044550118,0.0043828476664297,-2.926891891891892,208600000.0,-147700000.0,-213500000.0,251400000.0,281300000.0,465850000.0,431400000.0,20.939580348866603,40.78125,35.252678571428575,4.298080405650127,2.206896551724138,2.552997492591748,-0.0250507786052809,0.0167567567567567,1995-06-29,,bmo,,2025-04-25,1995-06-30,,2.786031746031746,752673.9047619047
1995-03-31,COR,USD,1490892,1995-03-31,1995-03-30 19:00:00,1995,Q2,1206300000.0,1140600000.0,65700000.0,0.0544640637,0,38500000.0,0.0,38500000.0,0.0,40200000.0,1180800000.0,0.0,0.0,2200000.0,27700000.0,0.0229627787,25500000.0,0.0211390201,-14800000.0,10700000.0,0.0088700986,4000000.0,6600000.0,0.0054712758,0.0575,0.0575,116756757,116756757,,,10.33173608958666,0.0565277776600115,0.2869212956985436,0.2646527772264178,0.2141203699242862,-2.6225462908326582,-2.6225462908326582,-2.6225462908326582,3.710277770048033,335091892.59000003,743291892.59,12.692874719318182,0.2777848732404874,10.002743062388062,10.844397818446604,-1.0943562788700196,-1.0943562788700196,0.6161749917847965,26.833642331768957,22.187817689253738,24.05475380550162,0.0196960897770075,0.092213511228717,-1.4147615937295883,0.5155301677972153,14.736462093862816,1.569205900181855,0.0,5.0,0.0,0.0,0.0319157755118958,0.0,0.0,0.0776119402985074,0.0021553510735306,1.181818181818182,0.0,,0.0462150208961683,0.0078543377365226,-5.948906237606446,281700000.0,-306200000.0,-369900000.0,323800000.0,294650000.0,449000000.0,469300000.0,21.37527978114897,33.471856917411884,33.46396633350868,4.210471204188481,2.6888260254596887,2.6894600330110823,-0.0215545395166557,0.0222685184721257,1995-03-30,,bmo,,2025-04-25,1995-03-31,,2.769354838709677,1972507.758064516
1994-12-31,COR,USD,1490892,1994-12-31,1994-12-30 19:00:00,1995,Q1,1157100000.0,1093100000.0,64000000.0,0.0553106905,0,39600000.0,0.0,39600000.0,0.0,42100000.0,1135200000.0,0.0,0.0,2500000.0,24400000.0,0.0210872008,21900000.0,0.0189266269,-17300000.0,4600000.0,0.0039754559,3700000.0,-10800000.0,-0.009333679,-0.0925,-0.0925,116756757,116756757,,,9.910347201575666,-0.0924999998072916,-1.3703703675154322,-1.3994907378251351,0.2509490735512635,-2.6782175870129725,-2.6782175870129725,-2.6782175870129725,3.9637962880383872,335091892.59000003,768591892.59,-7.756756772916667,0.2895963119782214,-2.0943243286875,-2.0507459766829865,-1.0716082270227056,-1.0716082270227056,0.6642398172932331,31.499667729098363,-4.8036993286875,-4.703744752692779,-0.0322299650896486,-0.487627434782277,-1.4800127918132395,0.505405700556951,17.766393442622952,1.5355220667384284,0.0,-177.77777777777777,0.0038795328348651,-0.1203703703703703,0.0342234897588799,0.0,0.0,-0.02125,0.0029383804338432,1.36,0.0,,0.0119553086180124,-0.0117942557606202,-6.121701376135344,298500000.0,-312700000.0,-372500000.0,339700000.0,,,,23.551983406792846,39.01015460616595,42.36117464092946,3.821334214002642,2.3070915998311525,2.1245869776482023,0.0345378957467221,0.0291203703097029,1994-12-30,,bmo,,2025-04-25,1994-12-31,,,
