date,symbol,reportedCurrency,cik,fillingDate,acceptedDate,calendarYear,period,revenue,costOfRevenue,grossProfit,grossProfitRatio,researchAndDevelopmentExpenses,generalAndAdministrativeExpenses,sellingAndMarketingExpenses,sellingGeneralAndAdministrativeExpenses,otherExpenses,operatingExpenses,costAndExpenses,interestIncome,interestExpense,depreciationAndAmortization,ebitda,ebitdaratio,operatingIncome,operatingIncomeRatio,totalOtherIncomeExpensesNet,incomeBeforeTax,incomeBeforeTaxRatio,incomeTaxExpense,netIncome,netIncomeRatio,eps,epsdiluted,weightedAverageShsOut,weightedAverageShsOutDil,link,finalLink,revenuePerShare,netIncomePerShare,operatingCashFlowPerShare,freeCashFlowPerShare,cashPerShare,bookValuePerShare,tangibleBookValuePerShare,shareholdersEquityPerShare,interestDebtPerShare,marketCap,enterpriseValue,peRatio,priceToSalesRatio,pocfratio,pfcfRatio,pbRatio,ptbRatio,evToSales,enterpriseValueOverEBITDA,evToOperatingCashFlow,evToFreeCashFlow,earningsYield,freeCashFlowYield,debtToEquity,debtToAssets,netDebtToEBITDA,currentRatio,interestCoverage,incomeQuality,dividendYield,payoutRatio,salesGeneralAndAdministrativeToRevenue,researchAndDdevelopementToRevenue,intangiblesToTotalAssets,capexToOperatingCashFlow,capexToRevenue,capexToDepreciation,stockBasedCompensationToRevenue,grahamNumber,roic,returnOnTangibleAssets,grahamNetNet,workingCapital,tangibleAssetValue,netCurrentAssetValue,investedCapital,averageReceivables,averagePayables,averageInventory,daysSalesOutstanding,daysPayablesOutstanding,daysOfInventoryOnHand,receivablesTurnover,payablesTurnover,inventoryTurnover,roe,capexPerShare,report_date,epsEstimated,time,revenueEstimated,updatedFromDate,fiscalDateEnding,surprise(%),QuarterAvgPrice,QuarterAvgVolume
2025-01-31,CPRT,USD,900075,2025-02-26,2025-02-26 16:41:11,2025,Q2,1163316000.0,637763000.0,525553000.0,0.4517714877,0,99342000.0,0.0,99342000.0,0.0,99342000.0,737105000.0,40747000.0,0.0,54260000.0,480471000.0,0.4130184748,426211000.0,0.366375946,36840000.0,463051000.0,0.3980440396,76510000.0,387400000.0,0.3330135578,0.4,0.4,964746000,977910000,https://www.sec.gov/Archives/edgar/data/900075/000090007525000007/0000900075-25-000007-index.htm,https://www.sec.gov/Archives/edgar/data/900075/000090007525000007/cprt-20250131.htm,1.2058261967398674,0.4015564718589141,0.1846361633010139,0.0637328374515157,3.936218445062224,8.628210948788594,8.029345547947335,8.604603698797403,0.1237600363204408,55887735780.0,52668223780.0,36.06591106091895,48.041749430077466,313.75218681053406,908.9505868002472,6.732442542135487,6.732442542135487,45.27421936945765,109.6179036403862,295.67793641615253,856.5888784438735,0.0069317533550649,0.0011001698161835,0.0143830024778175,0.0129958082567252,-6.700741564006985,7.88832771898729,0.0,0.4608230433511581,0.0,0.0,0.085395541710077,0.0,0.0628857275119792,0.6548193143094534,0.1002659638481719,2.149668263914486,0.0080090018533227,8.817186162163532,0.0414651800654771,0.0449963145765061,3.758223148891003,4337146000.0,7746279000.0,4103468000.0,8492506000.0,842292500.0,572210000.0,55736500.0,68.2936106784399,79.33738708579833,8.336137405274373,1.31783924009765,1.1343958164726389,10.796367145178763,0.0466676311792298,0.1209033258494982,2025-02-20,0.3717,amc,1131355000.0,2025-04-30,2025-01-31,0.0761366693570084,59.41357142857142,5050246.142857143
2024-10-31,CPRT,USD,900075,2024-11-26,2024-11-26 16:56:57,2025,Q1,1146829000.0,634724000.0,512105000.0,0.4465399811,0,105738000.0,0.0,105738000.0,0.0,105738000.0,740462000.0,45547000.0,0.0,54862000.0,461229000.0,0.4021776568,406367000.0,0.3543396618,44951000.0,451318000.0,0.3935355663,90142000.0,362086000.0,0.3157279769,0.38,0.37,963176000,976506000,https://www.sec.gov/Archives/edgar/data/900075/000090007524000030/0000900075-24-000030-index.htm,https://www.sec.gov/Archives/edgar/data/900075/000090007524000030/cprt-20241031.htm,1.1906743938802462,0.3759292175054196,0.5007122270488468,0.2549025307939566,3.839503891292973,8.222740184556093,7.613303279982059,8.19820261302192,0.1213391944982017,49574668720.0,45993421720.0,34.22851803162784,43.22760299922656,102.79357527048938,201.92031769823555,6.278205410323198,6.278205410323198,40.10486456132519,99.71927550089,95.36782351941012,187.3337041985044,0.0073038511269753,0.0049524486262668,0.0148007069629467,0.0131767485537776,-7.764574647301015,6.621086793825321,0.0,1.335288059007243,0.0,0.0,0.0922003193152597,0.0,0.0661813924525736,0.490920099362603,0.2064457735198534,4.315518938427327,0.0090815631624243,8.327288730339838,0.0397749980447204,0.0437170358872667,3.505234245869913,4018262000.0,7332951000.0,3783576000.0,8081969000.0,793858500.0,387774000.0,48020000.0,62.926207830461216,82.55454339208853,7.430142865245366,1.4302466826299511,1.0901883324888573,12.112822274384076,0.0458550776615716,0.24580969625489,2024-11-21,0.37,amc,1099504667.0,2025-04-11,2024-10-31,0.0,56.27775,4255569.566666666
2024-07-31,CPRT,USD,900075,2024-09-30,2024-09-27 19:06:12,2024,Q4,1068999000.0,621487000.0,447512000.0,0.4186271456,0,67932000.0,26100000.0,102750000.0,0.0,102750000.0,709455000.0,0.0,0.0,50603000.0,401444000.0,0.3755326244,359544000.0,0.336337078,48883000.0,408427000.0,0.3820649037,86249000.0,322567000.0,0.3017467743,0.33,0.33,977324716,976500000,https://www.sec.gov/Archives/edgar/data/900075/000090007524000024/0000900075-24-000024-index.htm,https://www.sec.gov/Archives/edgar/data/900075/000090007524000024/cprt-20240731.htm,1.0938012540757232,0.3300510001631842,0.4494115341701846,0.308326388422167,3.5015567947633897,7.723691906508583,7.122052563541225,7.698578452813834,0.121487769680021,51143402388.28,49748024388.28,39.63781353042934,47.84232949542516,116.44115920750602,169.7227417601009,6.79735880081515,6.79735880081515,46.53701676828509,123.92270002361477,113.2642209463573,165.09208816858313,0.0063071087361586,0.0058919623241384,0.0157805457753849,0.014088315716255,-3.4758970117874477,7.028978613258412,0.0,1.3632867545270009,0.0,0.0,0.063547299857156,0.0,0.0697690395779674,0.3139330769703634,0.1289860888550878,2.6995183836485377,0.0079887820287951,7.56113610241105,0.036167412876714,0.0411449728086491,3.22735749783289,3789617000.0,6960557999.0,3538975000.0,7669753000.0,815964500.0,350064000.0,45201500.0,66.16370080795211,27.99731933250414,6.319536852741892,1.3602624838238044,3.214593473437023,14.241549989688124,0.0428716810754263,0.1410851457480177,2024-09-04,0.36,amc,1074137000.0,2025-04-11,2024-07-31,-0.0833333333333332,56.95140625,4145179.515625
2024-04-30,CPRT,USD,900075,2024-05-23,2024-05-23 17:02:12,2024,Q3,1127259000.0,606686000.0,520573000.0,0.4618042526,0,88302000.0,7201000.0,83370000.0,-1309000.0,83370000.0,690056000.0,0.0,0.0,50732000.0,437203000.0,0.3878460939,437203000.0,0.3878460939,34909000.0,472112000.0,0.4188141323,90002000.0,382291000.0,0.3391332427,0.4,0.39,961813000,976445000,https://www.sec.gov/Archives/edgar/data/900075/000090007524000014/0000900075-24-000014-index.htm,https://www.sec.gov/Archives/edgar/data/900075/000090007524000014/cprt-20240430.htm,1.172014726355331,0.3974691546069766,0.5160088291590985,0.4247072975723971,3.213024777165624,7.481897208708969,6.870387486964722,7.455974290220656,0.1164810623270843,52236064030.0,51258102030.0,34.15988345919731,46.33900818711583,105.25013707324544,127.8763051881446,7.284091640610087,7.284091640610087,45.471450687020464,117.24096593573238,103.27964721219251,125.48220889669,0.007318526138961,0.0078200570350284,0.0156225139456103,0.013985538219706,-2.2368602228255523,7.36419787050135,0.0,1.299466654797096,0.0,0.0,0.0783333732531743,0.0,0.0734221719335003,0.1769379251426545,0.0779013518632363,1.73095876369944,0.0079999361282544,8.165733001566394,0.0472553743686443,0.0515045253105635,3.050285242557545,3585710000.0,6608028000.0,3334683000.0,7355817000.0,854719500.0,490325500.0,44788000.0,67.54852256668609,75.18147773312718,6.937295404871713,1.3323755513845486,1.1971033652660346,12.973355572662731,0.0533088150703928,0.0913015315867013,2024-05-16,0.39,amc,1105719833.0,2025-04-11,2024-04-30,0.0,51.9259375,4382071.8125
2024-01-31,CPRT,USD,900075,2024-02-27,2024-02-27 17:24:56,2024,Q2,1020149000.0,560051000.0,460098000.0,0.4510105877,0,84252000.0,7541000.0,80198000.0,-3103000.0,80198000.0,640249000.0,33956000.0,0.0,45262000.0,379900000.0,0.3723965813,379900000.0,0.3723965813,30853000.0,410753000.0,0.4026402026,85226000.0,325635000.0,0.3192033713,0.34,0.33,960525000,974589000,https://www.sec.gov/Archives/edgar/data/900075/000090007524000007/0000900075-24-000007-index.htm,https://www.sec.gov/Archives/edgar/data/900075/000090007524000007/cprt-20240131.htm,1.0620743864032691,0.3390177246818146,0.1684422581400796,0.040357096379584,2.7777205174253665,7.092698263970225,6.473649306368912,7.066552145961844,0.1203008771244892,46143621000.0,45002225000.0,35.42587636464139,45.23223666346779,285.2015909217333,1190.3730523165823,6.79822337792445,6.79822337792445,44.11338441737433,118.45808107396684,278.14692230195374,1160.9283097719533,0.007056988440504,0.0008400727805908,0.017023984913666,0.0152071719229534,-3.0044643327191367,7.126087642555554,0.0,0.4968538394214381,0.0,0.0,0.082587935683905,0.0,0.0782536599232482,0.7604099064854475,0.1205990497466546,2.7181520922628253,0.0091741500506298,7.341862479784065,0.0423159543714023,0.0464933291528101,2.6560581452851304,3222463000.0,6218102000.0,2962680000.0,6972624000.0,809720000.0,484528500.0,42721500.0,76.1700790766839,76.14849361933109,6.87987344009742,1.1815663196226025,1.1819012527012425,13.08163598990937,0.0479749837939772,0.1280851617604955,2024-02-22,0.35,amc,1028162571.0,2025-04-11,2024-01-31,-0.057142857142857,54.59063492063492,4273832.714285715
2023-10-31,CPRT,USD,900075,2023-11-21,2023-11-20 17:46:45,2024,Q1,1020416000.0,556397000.0,464019000.0,0.4547351276,0,64582000.0,0.0,64582000.0,-4072000.0,68643000.0,625040000.0,32005000.0,0.0,43164000.0,439740000.0,0.4309418904,395376000.0,0.3874655043,27933000.0,423309000.0,0.414839634,90777000.0,332527000.0,0.3258739573,0.35,0.34,958127000,971682000,https://www.sec.gov/Archives/edgar/data/900075/000090007523000043/0000900075-23-000043-index.htm,https://www.sec.gov/Archives/edgar/data/900075/000090007523000043/cprt-20231031.htm,1.0650112145884627,0.3470594190540502,0.3916453664284589,0.2222941217604764,2.745511816283228,6.717939271098716,6.109713012993058,6.691614994671896,0.1386695083219656,41697687040.0,39248983040.0,31.349098749875957,40.86341946813848,111.12093677214416,195.7766568694656,6.503661677286004,6.503661677286004,38.46370797792273,89.2549757584027,104.59534023014236,184.2796382860845,0.007974710915764,0.0051078612536874,0.0207228760818396,0.0181165635321237,-5.568526856779005,5.741179372118312,0.0,1.1284507957128938,0.0,0.0,0.0632898739337681,0.0,0.0794620950215891,0.4324096725881155,0.159013578775715,3.743021914648213,0.0081505974034119,7.228674171875815,0.04599112119311,0.0492557577897766,2.423224948258425,2960473000.0,5853881000.0,2687743000.0,6608458000.0,732332500.0,337608500.0,41302000.0,66.68336247177622,80.101240660895,6.8957776551634895,1.349661994595617,1.1235781026290337,13.051464896436864,0.0518648217702888,0.1693512446679824,2023-11-16,0.33,amc,990660000.0,2025-04-11,2023-10-31,0.0303030303030303,51.418688524590166,4798594.803278688
2023-07-31,CPRT,USD,900075,2023-09-28,2023-09-28 16:38:17,2023,Q4,997591000.0,540013000.0,457578000.0,0.4586829673,0,62903000.0,17800000.0,62903000.0,3927000.0,66961000.0,606974000.0,29148000.0,29148000.0,44635000.0,428117000.0,0.4291508243,390617000.0,0.3915602687,33075000.0,423692000.0,0.4247151388,75907000.0,347785000.0,0.3486248372,0.36,0.36,955773000,970255000,https://www.sec.gov/Archives/edgar/data/900075/000090007523000034/0000900075-23-000034-index.htm,https://www.sec.gov/Archives/edgar/data/900075/000090007523000034/cprt-20230731.htm,1.0437530668893136,0.3638782430556209,0.3751696270976477,0.197185942687228,2.4733739078212085,6.264500043420352,5.786362452172221,6.264500043420352,0.1565235678346218,42245166600.0,41408224600.0,30.367300631137056,42.34718095893006,117.81337509098464,224.1539097445149,7.055630887324132,7.055630887324132,41.50821789691366,96.72174802682444,115.47931016211302,219.71307457618124,0.0082325394356475,0.0044612204227879,0.020117612869607,0.0178769906672411,-1.954937552117762,6.620960328267403,13.4011595992864,1.0310306654973618,0.0,0.0,0.0630548992522987,0.0,0.0678241624701185,0.4744085649665204,0.1705227893996637,3.834460373275629,0.009291382941506,7.161640423952275,0.0509912916530895,0.0553719474061629,2.265172274169704,2769835000.0,5530449000.0,2512165000.0,6179304000.0,701437000.0,310741000.0,42486000.0,63.929085166165294,30.001944397634876,6.662006285033879,1.4078099157225674,2.99980557283797,13.509443874615366,0.0580857595232687,0.1779836844104196,2023-09-14,0.32,amc,962910000.0,2025-04-11,2023-07-31,0.0625,47.23825396825397,4193243.0
2023-04-30,CPRT,USD,900075,2023-05-25,2023-05-25 16:33:57,2023,Q3,1021831000.0,538401000.0,483430000.0,0.4731017164,0,60225000.0,0.0,60225000.0,4281000.0,64506000.0,602907000.0,17878000.0,17878000.0,37371000.0,418924000.0,0.4099738606,418924000.0,0.4099738606,21506000.0,440430000.0,0.4310203938,89999000.0,350431000.0,0.3429441855,0.37,0.36,953574000,967380000,https://www.sec.gov/Archives/edgar/data/900075/000090007523000021/0000900075-23-000021-index.htm,https://www.sec.gov/Archives/edgar/data/900075/000090007523000021/cprt-20230430.htm,1.0715801815066266,0.3674921925304171,0.5304255359311391,0.4362482618024401,2.217114770327211,5.864696394826201,5.386164052291695,5.864696394826201,0.1543267748491464,37380100800.0,35395201800.0,26.66723320710782,36.5814902855756,73.90292763938317,89.85709155158115,6.684062969496938,6.684062969496938,34.63899783819438,84.4907472477108,69.9786512455516,85.08564237550932,0.0093748008298575,0.0111287821888377,0.0231177117892748,0.0203603102772447,-4.738088531571359,5.924285973736784,23.43237498601633,1.4433654556817177,0.0,0.0,0.0589383175887206,0.0,0.0718629942179326,0.1775504151838671,0.0878863530270661,2.4124267984741845,0.0098656235718039,6.963668435160312,0.0566384517855981,0.0594607031590285,1.9924997955061696,2494466000.0,5136106000.0,2243647000.0,5766975000.0,729945000.0,440368500.0,48535000.0,61.14864395384364,73.79618537112673,7.52210712833,1.471823317421953,1.2195752334268095,11.964732549612211,0.0626617590732602,0.0941772741286989,2023-05-17,0.31,amc,962610000.0,2025-04-11,2023-04-30,0.1612903225806451,44.45444444444445,3944577.777777778
2023-01-31,CPRT,USD,900075,2023-02-24,2023-02-24 16:05:56,2023,Q2,956724000.0,530224000.0,426500000.0,0.4457920989,0,56631000.0,0.0,56631000.0,4344000.0,60975000.0,591199000.0,14480000.0,14480000.0,38414000.0,365525000.0,0.3820589846,365525000.0,0.3820589846,11578000.0,377103000.0,0.3941606984,83426000.0,293677000.0,0.3069610462,0.31,0.3,952752000,965072000,https://www.sec.gov/Archives/edgar/data/900075/000090007523000010/0000900075-23-000010-index.htm,https://www.sec.gov/Archives/edgar/data/900075/000090007523000010/cprt-20230131.htm,1.0041689757670411,0.3082407594001377,0.1976107108670462,0.0883860647891581,1.743320402371236,5.472202629855408,4.994395183636455,5.472202629855408,0.1307328664752212,31736169120.000004,30185293120.000004,27.01621945198296,33.17170795339095,168.56373753147008,376.86936373352336,6.0871283929192055,6.0871283929192055,31.5506803634068,82.58065281444499,160.3264025834688,358.4525961287259,0.0092537003722647,0.0026534393512205,0.0211130317098264,0.0185550285819855,-4.242872580534847,5.411518734760255,25.24343922651933,0.6410920841604892,0.0,0.0,0.059192619815119,0.0,0.0767364618212368,0.5527263456451768,0.1087711816574059,2.684344932545722,0.0105892608526597,6.1605200770638175,0.0518860829323857,0.0536183244796223,1.6189443842678892,2151158000.0,4758420000.0,1920025000.0,5369319000.0,699926500.0,443122500.0,52968500.0,72.02340486911586,74.56167582003077,8.838509761911947,1.249593797510018,1.20705441515602,10.18271206621728,0.0563284622755795,0.109224646077888,2023-02-20,0.28,amc,931454938.0,2025-04-11,2023-01-31,0.107142857142857,41.45629032258064,4420993.548387097
2022-10-31,CPRT,USD,900075,2022-11-18,2022-11-18 17:21:58,2023,Q1,893372000.0,523889000.0,369483000.0,0.4135824718,0,53282000.0,0.0,53282000.0,4698000.0,57980000.0,581869000.0,4422000.0,4422000.0,39057000.0,311503000.0,0.3486822958,311503000.0,0.3486822958,1600000.0,313103000.0,0.3504732631,67255000.0,245848000.0,0.2751910738,0.26,0.25,952198000,964336000,https://www.sec.gov/Archives/edgar/data/900075/000090007522000065/0000900075-22-000065-index.htm,https://www.sec.gov/Archives/edgar/data/900075/000090007522000065/cprt-20221031.htm,0.9382208322218698,0.2581899982986732,0.3271998050825563,0.1668812578896406,1.6166711125207152,5.096454728953432,4.627339061833778,5.096454728953432,0.1261754383016977,27375692500.0,25952023500.0,27.838026443168136,30.643105559610103,87.8668005096948,172.27818368323014,5.6411763724042485,5.6411763724042485,29.04951520755072,83.31227468114272,83.29730002984988,163.3188812112974,0.0089805216799538,0.0058045654918135,0.0238462720958516,0.020688001827778,-4.570321955165761,4.68724044901948,70.44391677973768,1.2672830366730663,0.0,0.0,0.0596414483552204,0.0,0.0798564164502169,0.4899714018853572,0.1708750666015948,3.881684339003738,0.011408461424804,5.441204540398147,0.047647427132681,0.0477654300983138,1.3664697363363505,1860128000.0,4406143000.0,1623762000.0,5001830000.0,631340000.0,317072000.0,56328500.0,63.893036719306174,76.78660937717723,9.2537541349408,1.408604201978793,1.1720793603207345,9.725782497308137,0.0506607067128197,0.1603185471929157,2022-11-16,0.28,amc,891498745.0,2025-04-11,2022-10-31,-0.0714285714285714,34.00032258064516,3871774.193548387
2022-07-31,CPRT,USD,900075,2022-09-27,2022-09-27 16:27:24,2022,Q4,883388000.0,501816000.0,381572000.0,0.4319415704,0,51976000.0,15400000.0,51976000.0,-1910000.0,56779000.0,558595000.0,0.0,2656000.0,36272000.0,342457000.0,0.3876631786,324793000.0,0.3676674349,-21325000.0,303468000.0,0.3435274194,39733000.0,263735000.0,0.2985494483,0.28,0.28,951364000,962944000,https://www.sec.gov/Archives/edgar/data/900075/000090007522000050/0000900075-22-000050-index.htm,https://www.sec.gov/Archives/edgar/data/900075/000090007522000050/cprt-20220731.htm,0.9285489045202469,0.2772177631274675,0.3288215656678201,0.2209364659583503,1.4550014505488962,4.862070669060422,4.382092448316312,4.862070669060422,0.1283725261834587,30652948080.0,29388185080.0,29.056579596943905,34.69930322802664,97.98627390683087,145.83378013330733,6.626806188776849,6.626806188776849,33.267584662685024,85.81569388273564,93.9432887615918,139.8165719750132,0.0086039032628015,0.00685712184849,0.0258286548401623,0.0225044378609058,-3.693202358252277,4.995486392266535,122.28652108433737,1.1861489752971732,0.0,0.0,0.0588371134767508,0.0,0.0860135049607599,0.3280961803413366,0.1161867718375164,2.829675782973092,0.011357410333851,5.506966314451496,0.058046353179603,0.0543533591771206,1.2631419204426486,1761566000.0,4168965000.0,1519190000.0,4820267000.0,607975000.0,292792000.0,57889500.0,64.02730170661137,33.568678559472,10.54408388732125,1.405650364783477,2.681070684404552,8.53559218247691,0.0570163993895709,0.1078850997094697,2022-09-07,0.27,amc,874126273.0,2025-04-11,2022-07-31,0.037037037037037,29.93809523809524,4226888.888888889
2022-04-30,CPRT,USD,900075,2022-05-25,2022-05-25 17:14:22,2022,Q3,939941000.0,503664000.0,436277000.0,0.4641536011,0,58589000.0,0.0,58589000.0,4933000.0,63522000.0,567186000.0,0.0,4492000.0,36579000.0,372755000.0,0.3965727636,372755000.0,0.3965727636,-3150000.0,369605000.0,0.3932214894,90985000.0,278620000.0,0.2964228606,0.29,0.29,950020000,962896000,https://www.sec.gov/Archives/edgar/data/900075/000090007522000037/0000900075-22-000037-index.htm,https://www.sec.gov/Archives/edgar/data/900075/000090007522000037/cprt-20220430.htm,0.989390749668428,0.2932780362518684,0.4392602261005031,0.356514599692638,1.7680754089387591,4.5820656407233535,4.1727542578050985,4.5820656407233535,0.5573798446348498,26990068200.0,26060280200.0,24.21763351518197,28.71464081256164,64.67692340872166,79.68818114179086,6.200260368927194,6.200260368927194,27.72544255437309,69.91262410966989,62.44885096308224,76.94298190707892,0.0103230565382565,0.0125489123439858,0.1206118738706204,0.0964441866215125,-2.494367614116511,5.471951368864048,82.98196794300979,1.4977603904960162,0.0,0.0,0.0623326357718197,0.0,0.0714296473430501,0.1883749574652653,0.0836329088740676,2.141611725603444,0.0104453364626077,5.498720968960996,0.0557511984555257,0.0551174871711684,1.1136631334077178,2008331000.0,3964200000.0,1366606000.0,4921000000.0,616775000.0,383056500.0,54983500.0,56.253052053267176,71.19281902220527,10.183217383017247,1.5999131907505597,1.2641724437394268,8.8380711728785,0.0640056383403468,0.082745626407865,2022-05-18,0.29,amc,862953860.0,2025-04-11,2022-04-30,0.0,29.770625,4299393.75
2022-01-31,CPRT,USD,900075,2022-03-03,2022-03-02 17:48:53,2022,Q2,867460000.0,464118000.0,403342000.0,0.4649689899,0,51001000.0,0.0,51001000.0,5013000.0,56014000.0,520132000.0,0.0,4433000.0,33303000.0,347328000.0,0.4003965601,347328000.0,0.4003965601,-5273000.0,342055000.0,0.3943178936,54643000.0,287412000.0,0.3313259401,0.31,0.3,948744000,964748000,https://www.sec.gov/Archives/edgar/data/900075/000090007522000015/0000900075-22-000015-index.htm,https://www.sec.gov/Archives/edgar/data/900075/000090007522000015/cprt-20220131.htm,0.9143246228698152,0.3029394652298196,0.1412477970875178,0.0448002833219498,1.814380907810748,4.310810924759472,3.893797483831255,4.310810924759472,0.5584720430379533,30653918640.000004,29832815640.000004,26.66374284998539,35.33755866552925,228.74693033251748,721.2007961603615,7.495109519748373,7.495109519748373,34.3909985935951,85.89234279988945,222.6196618112352,701.8825437605873,0.009376028017017,0.0013865763949845,0.128467603749374,0.1022811953226774,-2.3640564538419016,5.239489302637247,78.35055267313332,0.4662574979471977,0.0,0.0,0.0587934890369584,0.0,0.0770181796379022,0.6828249059757626,0.1054849791344845,2.7251176365477394,0.0111382657413598,5.420616387063719,0.0612426716081867,0.0606186002749868,1.2493504570252882,1771513000.0,3694217000.0,1142273000.0,4663474000.0,604614500.0,389474000.0,50586500.0,67.02896963548751,71.30279368608845,10.273486484040696,1.3427030206406576,1.2622226331863835,8.76041450386002,0.0702743568477716,0.0964475137655679,2022-02-16,0.26,amc,806998198.0,2025-04-11,2022-01-31,0.0769230769230769,28.46564516129032,4746451.612903226
2021-10-31,CPRT,USD,900075,2021-11-19,2021-11-19 17:14:11,2022,Q1,810132000.0,425102000.0,385030000.0,0.4752682279,0,54909000.0,0.0,54909000.0,812000.0,54909000.0,480011000.0,0.0,5107000.0,31765000.0,330121000.0,0.4074903843,330121000.0,0.4074903843,-4295000.0,325826000.0,0.4021887791,65463000.0,260363000.0,0.3213834289,0.28,0.27,948272000,964884000,https://www.sec.gov/Archives/edgar/data/900075/000090007521000032/0000900075-21-000032-index.htm,https://www.sec.gov/Archives/edgar/data/900075/000090007521000032/cprt-20211031.htm,0.8543244976124994,0.274565736413181,0.3295889786896586,0.2613638280999544,1.3691989218283362,4.000772984966339,3.5810874938836115,4.000772984966339,0.5678782037221388,36641230080.0,35876253080.0,35.18283135468557,45.22871591296233,117.2369299289691,147.83989154468134,9.658133601980694,9.658133601980694,44.28445374334059,108.67607053171412,114.7893168234466,144.75336534271557,0.0071057385200098,0.0067640742261892,0.1405959848922761,0.1084391236003848,-2.3172624583107404,4.146644413318669,64.64088505972195,1.200400978633677,0.0,0.0,0.0677778436106708,0.0,0.0809083094998589,0.2070007039098995,0.079858590945673,2.0186589285157104,0.0116672344753694,4.971487862690904,0.0589616244824131,0.0575912721339846,0.6536304984223936,1547869000.0,3395845000.0,914749000.0,4387800000.0,531907000.0,287243000.0,46581000.0,62.56469316111449,87.06712741883123,10.203339433829996,1.4385110108066068,1.033685188292251,8.820641573639872,0.0686281719669958,0.0682251505897042,2021-11-17,0.25,amc,811470000.0,2025-04-11,2021-10-31,0.08,31.752903225806453,5395000.0
2021-07-31,CPRT,USD,900075,2021-09-27,2021-09-27 16:53:05,2021,Q4,748630000.0,391147000.0,357483000.0,0.477516263,0,55983000.0,13700000.0,55983000.0,2564000.0,55983000.0,447130000.0,0.0,5020000.0,29664000.0,333728000.0,0.4457849672,301500000.0,0.4027356638,-2456000.0,299044000.0,0.3994550045,43070000.0,255974000.0,0.3419232465,0.27,0.27,946716000,962856000,https://www.sec.gov/Archives/edgar/data/900075/000090007521000022/0000900075-21-000022-index.htm,https://www.sec.gov/Archives/edgar/data/900075/000090007521000022/cprt-20210731.htm,0.7907651291411575,0.270380980146105,0.241557130121388,0.1374065717702035,1.107259199168494,3.72783495789656,3.303642274980036,3.72783495789656,0.552530008999531,34791813000.0,34261622000.0,33.97983095939431,46.47397646367365,152.13792274122596,267.4544567013875,9.858269052966946,9.858269052966946,45.76576145759587,102.6633126378368,149.81949922601297,263.37872929238574,0.0073573055822069,0.003738954333883,0.1467949827737213,0.1135582554076012,-1.5886919886853963,4.043908880818752,60.059760956175296,0.8933954229726456,0.0,0.0,0.074780599227923,0.0,0.0880266138084667,0.4311632544187226,0.1317085876868413,3.292956617573389,0.0184029493875479,4.762200391534064,0.0627456869149253,0.0615240329831154,0.4365427435471672,1281580000.0,3127611000.0,669669000.0,4099281000.0,473050500.0,261238000.0,42098500.0,60.186741113767816,37.55961313777173,10.346800563471025,1.4953459571748162,2.396190814582478,8.698341042519125,0.0725302979342916,0.1041505583511845,2021-09-08,0.22,amc,630867977.0,2025-04-11,2021-07-31,0.1818181818181818,37.114375,3156837.5
2021-04-30,CPRT,USD,900075,2021-05-24,2021-05-21 17:36:30,2021,Q3,733910000.0,352569000.0,381341000.0,0.5196018585,0,53230000.0,0.0,53230000.0,770000.0,53230000.0,405799000.0,0.0,5346000.0,31966000.0,360847000.0,0.4916774536,328111000.0,0.4470725293,-4576000.0,323535000.0,0.4408374324,36739000.0,286796000.0,0.3907781608,0.3,0.3,945584000,960832000,https://www.sec.gov/Archives/edgar/data/900075/000090007521000014/0000900075-21-000014-index.htm,https://www.sec.gov/Archives/edgar/data/900075/000090007521000014/cprt-20210430.htm,0.7761446894194487,0.3033003942537098,0.3904084671483443,0.3045557031421851,0.9643669943653868,3.436370539264624,3.023874134926141,3.436370539264624,0.5662870776155264,29436029920.0,29054265920.0,25.659379768197603,40.10850093335695,79.7370001408588,102.21447071528527,9.058976511497434,9.058976511497434,39.588322709869054,80.51685595279994,78.70286896880519,100.88882302080331,0.0097430258353263,0.0097833505667261,0.1631469663261603,0.1238049242096934,-1.0579663957300462,3.630042731421516,61.37504676393565,1.2872006583076472,0.0,0.0,0.0725293292093035,0.0,0.0910917606153837,0.2199049744828856,0.1106143805098717,2.517786806438606,0.012763145344797,4.842590436493454,0.074255510030318,0.0736905611044077,0.2464416170324371,1086326000.0,2859327000.0,466802000.0,3829616000.0,457182000.0,341673500.0,34716000.0,54.627256748102624,91.70264543961608,10.013954715247229,1.6475291888627737,0.9814329735913974,8.987458257921435,0.0882618421931342,0.0858527640061591,2021-05-19,0.2,amc,627030000.0,2025-04-11,2021-04-30,0.35,35.7265625,3837418.75
2021-01-31,CPRT,USD,900075,2021-02-24,2021-02-23 21:12:51,2021,Q2,617031000.0,309533000.0,307498000.0,0.4983509743,0,49277000.0,0.0,49277000.0,-920000.0,49277000.0,358810000.0,0.0,4849000.0,31671000.0,288693000.0,0.4678743856,258221000.0,0.4184895086,-5769000.0,252452000.0,0.4091398973,59012000.0,193440000.0,0.3135012665,0.21,0.2,944608000,961120000,https://www.sec.gov/Archives/edgar/data/900075/000090007521000007/0000900075-21-000007-index.htm,https://www.sec.gov/Archives/edgar/data/900075/000090007521000007/cprt-20210131.htm,0.6532138199125986,0.2047833598699143,0.1423955757308851,-0.0017075866391137,0.652548993868356,3.115146177038518,2.700968020596904,3.115146177038518,0.546960220535926,26184533760.0,26079944760.0,33.84064019851116,42.436334252249885,194.66896957801768,-16233.4369249845,8.898458828135196,8.898458828135196,42.26683061304861,90.33798796645571,193.89140244446423,-16168.595635461872,0.0073875670948742,-6.160124960727962e-05,0.1739330495019357,0.1300856691603731,-0.3622845029148611,3.303012007600771,53.25242318003712,0.695347394540943,0.0,0.0,0.0798614656313864,0.0,0.0994388525120995,1.0119918517857671,0.2206064200988281,4.297969751507688,0.014367187386047,3.788591725687395,0.0547933444809076,0.0545946858237266,-0.0091723233341237,854452000.0,2551356000.0,233621000.0,3528636000.0,438857500.0,341962000.0,29223500.0,68.3940839277119,94.23783570733976,8.781842323758696,1.3159032891664162,0.9550304219581128,10.248419031222063,0.0657379616338248,0.1441031623699989,2021-02-18,0.2,amc,629610000.0,2025-04-11,2021-01-31,0.0,31.00079365079365,3908857.142857143
2020-10-31,CPRT,USD,900075,2020-11-20,2020-11-20 16:56:06,2021,Q1,592940000.0,296171000.0,296769000.0,0.5005042669,0,48175000.0,0.0,48175000.0,3253000.0,48175000.0,344346000.0,0.0,5032000.0,29227000.0,280796000.0,0.4735656222,248594000.0,0.4192565858,-1779000.0,246815000.0,0.4162562823,46530000.0,200285000.0,0.3377829123,0.21,0.21,943164000,959872000,https://www.sec.gov/Archives/edgar/data/900075/000090007520000029/0000900075-20-000029-index.htm,https://www.sec.gov/Archives/edgar/data/900075/000090007520000029/cprt-20201031.htm,0.6286711536911926,0.2123543731524952,0.2741124555220513,0.1181554851542255,0.6422340123244737,2.8741904907311984,2.462342710281563,2.8741904907311984,0.5629678401635346,26021894760.0,25942101760.0,32.48108290685773,43.886219111545856,100.65212085110991,233.50587544867196,9.599224577832718,9.599224577832718,43.75164731676055,92.38771834356616,100.34348326906044,232.78985786073224,0.0076967877184666,0.0042825474865612,0.1940137957594584,0.1405807460090217,-0.2841671533782532,2.7928232107102198,49.40262321144674,1.2908255735576804,0.0,0.0,0.0812476810469862,0.0,0.1038279819137664,0.5689525128320175,0.2480740041150875,5.032777910835871,0.0150318750632441,3.7057800392834896,0.0595973303994686,0.0597375645291563,-0.1101526351726741,730640000.0,2322393000.0,107821000.0,3303414000.0,392879500.0,246367500.0,24162000.0,62.051944547509024,109.3403472993642,8.582744428050011,1.4503977378354842,0.8231179269404362,10.48615635179153,0.0738831938374662,0.1559569703678257,2020-11-18,0.17,amc,526129859.0,2025-04-11,2020-10-31,0.1764705882352941,28.18868852459016,4938675.409836066
2020-07-31,CPRT,USD,900075,2020-09-28,2020-09-28 16:48:27,2020,Q4,525659000.0,275228000.0,250431000.0,0.4764134163,0,44716000.0,7700000.0,44716000.0,971000.0,44716000.0,319944000.0,99000.0,4902000.0,27501000.0,234164000.0,0.4454674989,200912000.0,0.3822097596,-3832000.0,201883000.0,0.3840569647,36350000.0,165533000.0,0.3149056708,0.18,0.17,939452000,955708000,https://www.sec.gov/Archives/edgar/data/900075/000090007520000021/0000900075-20-000021-index.htm,https://www.sec.gov/Archives/edgar/data/900075/000090007520000021/cprt-20200731.htm,0.5595379008187752,0.1762016579878482,0.2841198911705973,0.1641818847583485,0.508507087110358,2.649966150479216,2.2333466744442503,2.649966150479216,0.5568075856988968,21898626120.0,21939100120.0,33.07290105296225,41.659376363764345,82.04283024310928,141.97668661380567,8.796338774283837,8.796338774283837,41.736373047926506,93.6911742197776,82.19446539560987,142.2390941448772,0.0075590586867373,0.007043409899543,0.2081496965675255,0.1499718834554032,0.1728446729642472,2.706853647302019,40.985720114239086,1.6124700210834093,0.0,0.0,0.0850665545534272,0.0,0.1132748003696392,0.4221387172791542,0.2143518897231855,4.097160103268972,0.0115911646143222,3.241279016042518,0.0527193462328063,0.0540274757357287,-0.2078624027624615,607715000.0,2098122000.0,-1986000.0,3059283000.0,377384500.0,191880000.0,19944500.0,64.53847456240642,43.46472742598864,6.566192393215807,1.39451700106381,2.070644527870358,13.706573705179284,0.066492041023235,0.1199380064122488,2020-09-02,0.1,amc,359488506.0,2025-04-11,2020-07-31,0.7000000000000001,29.1375,4879325.0
2020-04-30,CPRT,USD,900075,2020-05-28,2020-05-27 18:05:50,2020,Q3,550360000.0,307747000.0,242613000.0,0.4408260048,0,47512000.0,0.0,47512000.0,2277000.0,47512000.0,355259000.0,225000.0,5803000.0,28659000.0,226037000.0,0.4107075369,195101000.0,0.3544970565,-3301000.0,191800000.0,0.3484991642,44313000.0,147487000.0,0.2679827749,0.16,0.16,936532000,954364000,https://www.sec.gov/Archives/edgar/data/900075/000090007520000014/0000900075-20-000014-index.htm,https://www.sec.gov/Archives/edgar/data/900075/000090007520000014/cprt-20200430.htm,0.5876574425646961,0.1574820721555697,0.3139753900560792,0.2171863855159247,0.3271505938932145,2.4355932311976525,2.0226762139467738,2.4355932311976525,0.5574737435560131,18758735960.0,18968637960.0,31.797270200085432,34.084482811250815,63.79480887474155,92.22493367813492,8.22386913522118,8.22386913522118,34.465873173922525,83.91828753699616,64.50864471106757,93.25689009940903,0.0078623101425646,0.0108430546937556,0.2263421789723942,0.1633007895095589,0.9286178811433526,2.7712515005164566,33.62071342409099,1.993721480537268,0.0,0.0,0.0863289483247329,0.0,0.1223153085021016,0.3082693981934922,0.1647031034232139,3.162915663491399,0.0100933934152191,2.9377118735479204,0.0512225771062904,0.053150900960152,-0.2999513097256687,507584000.0,1894301000.0,-86420000.0,2839225000.0,446100000.0,273909000.0,19162000.0,61.78497710589433,73.35795312383225,5.79310277598157,1.4566647786523812,1.22686084013379,15.535716088646575,0.0646586097129737,0.0967890045401545,2020-05-20,0.16,amc,607293793.0,2025-04-11,2020-04-30,-0.0625,24.22265625,5431106.25
2020-01-31,CPRT,USD,900075,2020-02-27,2020-02-27 17:16:28,2020,Q2,575140000.0,315251000.0,259889000.0,0.4518708488,0,49997000.0,0.0,49997000.0,-354000.0,49997000.0,365248000.0,450000.0,4914000.0,24393000.0,233931000.0,0.40673749,209892000.0,0.3649407101,-4818000.0,205074000.0,0.3565636193,36367000.0,168707000.0,0.2933320583,0.18,0.18,930684000,953880000,https://www.sec.gov/Archives/edgar/data/900075/000090007520000006/0000900075-20-000006-index.htm,https://www.sec.gov/Archives/edgar/data/900075/000090007520000006/cprt01312020-10q.htm,0.6179755964430462,0.1812720536723528,0.1552213210928736,-0.1333395653089555,0.1004755642086895,2.282975746870044,1.8654838806727096,2.282975746870044,0.5632362864301954,23611453080.0,24037223080.0,34.98884616524507,41.05340105017909,163.44404120114635,-190.26610699694595,11.112689232367988,11.112689232367988,41.79369037104009,102.753474657057,166.39132145477703,-193.6970521446933,0.0071451341613067,-0.0052557968194306,0.2443986974338845,0.1703339724234527,1.820066600835289,2.1350175156123754,42.71306471306471,0.856289306312127,0.0,0.0,0.0869301387488263,0.0,0.1274527201785734,1.8590286718998768,0.4669454393712835,11.00967490673554,0.0106774002851479,3.051457569373101,0.0624123142788367,0.0634224443732679,-0.4677463027192903,389126000.0,1736176000.0,-191913000.0,2671365000.0,478528500.0,293112000.0,18998500.0,80.49174114128735,84.78301416966163,5.285788149760032,1.1181271360750265,1.0615333847402324,17.026789089927085,0.0794016554581784,0.2885608864018292,2020-02-19,0.16,amc,583988307.0,2025-04-11,2020-01-31,0.0,20.07380952380953,8191498.412698412
2019-10-31,CPRT,USD,900075,2019-11-25,2019-11-25 15:51:55,2020,Q1,554424000.0,299555000.0,254869000.0,0.459700518,0,49478000.0,0.0,49478000.0,717000.0,49478000.0,349033000.0,585000.0,4611000.0,23704000.0,229812000.0,0.4145058655,205391000.0,0.3704583496,-3309000.0,202082000.0,0.3644899932,-16098000.0,218180000.0,0.3935255328,0.24,0.23,924676000,954648000,https://www.sec.gov/Archives/edgar/data/900075/000090007519000028/0000900075-19-000028-index.htm,https://www.sec.gov/Archives/edgar/data/900075/000090007519000028/cprt10312019-10q.htm,0.5995873149081408,0.2359529175624759,0.2297648041043565,0.0872359615692415,0.1958545479713975,2.0835395316846115,1.6619907946134649,2.0835395316846115,0.5899342039806376,19103806160.0,19463591160.0,21.889960308002568,34.457033173167105,89.91803631776634,236.82893646562945,9.915818579787492,9.915818579787492,35.105967923466515,84.69353715210694,91.61147690367038,241.28917324738111,0.0114207607726271,0.0042224569975431,0.2807470573793508,0.1893902495816612,1.5655622856943936,2.3013751167581145,44.54369984818912,0.9737739481162344,0.0,0.0,0.0892421684486963,0.0,0.1364861084217835,0.6203249583447081,0.2377115709276654,5.5599476881538985,0.0099797267073575,3.325866459368013,0.0857074160343718,0.088470133321547,-0.4396001950953631,420758000.0,1536803000.0,-185264000.0,2492636000.0,414735000.0,201597000.0,20211500.0,71.86036318774079,86.9030061257532,5.853282368847123,1.2524289609400945,1.0356373618395351,15.375988091571708,0.1132461918645239,0.142528842535115,2019-11-20,0.15,amc,503246399.0,2025-04-11,2019-10-31,0.0666666666666667,22.253225806451614,8928038.709677419
2019-07-31,CPRT,USD,900075,2019-09-30,2019-09-30 16:54:57,2019,Q4,542575000.0,299956000.0,242619000.0,0.4471621435,0,49817000.0,7500000.0,49817000.0,-1477000.0,49817000.0,349773000.0,347000.0,4602000.0,21625000.0,213187000.0,0.3929171082,192802000.0,0.3553462655,-5732000.0,187070000.0,0.3447818274,33574000.0,153496000.0,0.2829028245,0.17,0.16,916816000,953416000,https://www.sec.gov/Archives/edgar/data/900075/000090007519000022/0000900075-19-000022-index.htm,https://www.sec.gov/Archives/edgar/data/900075/000090007519000022/cprt07312019-10k.htm,0.5918035898151864,0.167422907104588,0.2106747700738207,0.0857347603008673,0.2032239838746269,1.939735999371739,1.516011936964451,1.939735999371739,0.4426526151376067,17767894080.0,17982804080.0,28.93869234377443,32.74735120490255,91.99013243593062,226.04600435097896,9.991050331734312,9.991050331734312,33.14344391098005,84.3522544995708,93.1027909914574,228.78012391384556,0.0086389528949735,0.0044238782404988,0.2256147585922251,0.1574918835916073,1.0080821063198038,2.436727847831946,41.895262929161234,1.2583389795173816,0.0,0.0,0.091815877989218,0.0,0.1524864216246005,0.5930468547760808,0.2111173570474128,5.296971098265896,0.0107727042344376,2.703149163601668,0.069756174661257,0.0710912678195948,-0.3079715559065287,405163000.0,1389904000.0,-82069000.0,2221366000.0,391128500.0,196863000.0,21625000.0,64.15922222734184,34.189114403445835,6.283221539159077,1.402760146952747,2.632416825366179,14.323862279738313,0.0863122131871629,0.1249400097729533,2019-09-04,0.14,amc,524489166.0,2025-04-11,2019-07-31,0.0714285714285712,21.34515625,7035475.0
2019-04-30,CPRT,USD,900075,2019-05-29,2019-05-29 17:03:14,2019,Q3,553116000.0,301537000.0,251579000.0,0.4548394912,0,44085000.0,0.0,44085000.0,1719000.0,44085000.0,345622000.0,240000.0,5324000.0,21222000.0,230894000.0,0.4174422725,207494000.0,0.3751364994,-3365000.0,204129000.0,0.3690527846,11388000.0,192741000.0,0.348463975,0.21,0.2,911936000,951568000,https://www.sec.gov/Archives/edgar/data/900075/000090007519000014/0000900075-19-000014-index.htm,https://www.sec.gov/Archives/edgar/data/900075/000090007519000014/cprt4302019-10q.htm,0.6065294055723208,0.2113536476243947,0.2613034248017404,0.1260373534984911,0.112755719699628,1.775181591690645,1.3416511685030528,1.775181591690645,0.4514735683205839,15347882879.999998,15651447879.999998,19.90739240742758,27.748036361269605,64.4078814227922,133.53184221058308,9.480720214077628,9.480720214077628,28.29686337043224,67.78629102531897,65.68180165511221,136.17296177069375,0.0125581489972902,0.0074888504752519,0.2510365370027649,0.169912738009577,1.3147374985924276,2.066596835362034,38.973328324568,1.23633269517124,0.0,0.0,0.0797029917774933,0.0,0.1652973141569629,0.5176590065969483,0.2230165100991473,5.812553011026293,0.0102148554733545,2.905477560314083,0.093187338802388,0.0965437477553469,-0.3973206453084427,316679000.0,1223500000.0,-159326000.0,2052723000.0,394526000.0,272952500.0,25312000.0,64.34805718872714,83.50587158458167,6.658585845186495,1.3986436254949857,1.0777685244425064,13.516383522345242,0.1190602970500082,0.1352660713032493,2019-05-22,0.15,amc,519593818.0,2025-04-11,2019-04-30,0.1333333333333334,19.41109375,5030206.25
2019-01-31,CPRT,USD,900075,2019-02-28,2019-02-28 17:06:08,2019,Q2,484898000.0,276672000.0,208226000.0,0.4294222703,0,43487000.0,0.0,43487000.0,4782000.0,43487000.0,320159000.0,678000.0,5233000.0,20509000.0,190598000.0,0.3930682329,164739000.0,0.3397394916,227000.0,164966000.0,0.3402076313,33593000.0,131373000.0,0.2709291439,0.14,0.14,923192000,962640000,https://www.sec.gov/Archives/edgar/data/900075/000090007519000008/0000900075-19-000008-index.htm,https://www.sec.gov/Archives/edgar/data/900075/000090007519000008/cprt1312019-10q.htm,0.5252406866610629,0.1423030095581417,0.1164665638350418,0.0358863595005156,0.1171738923214239,1.5814185998145565,1.1499698870874098,1.5814185998145565,0.5395356545550655,11687610720.0,12072298720.0,22.24127240757233,24.103235567067717,108.70072562569172,352.7802813160277,8.005470532270559,8.005470532270559,24.89657354742647,63.33906294924396,112.27851973102928,364.3917512828252,0.0112403641041186,0.0028346255529633,0.3375875798741466,0.214576571516889,2.018321283539177,1.6892748761534595,31.48079495509268,0.8184406232635321,0.0,0.0,0.0896827786462307,0.0,0.1734116125830193,0.6918741455157598,0.1534157699144974,3.6272368228582574,0.0122273137855796,2.250203121455653,0.0649790070448282,0.0691948519826503,-0.4543269439076595,256433000.0,1061643000.0,-208486000.0,1891860000.0,364807000.0,251054000.0,24024500.0,73.05194082054369,86.56943962526023,9.210726058292853,1.2320001219555574,1.0396278454566634,9.771216669609748,0.0899844036075133,0.0805802043345263,2019-02-20,0.13,amc,475573038.0,2025-04-11,2019-01-31,0.0,17.157777777777778,5522838.095238095
2018-10-31,CPRT,USD,900075,2018-11-29,2018-11-29 16:51:13,2019,Q1,461368000.0,265450000.0,195918000.0,0.4246458359,0,44478000.0,0.0,44478000.0,1037000.0,44478000.0,309928000.0,960000.0,4651000.0,21978000.0,175306000.0,0.3799700023,151440000.0,0.3282412304,-2654000.0,148786000.0,0.3224887725,34703000.0,114083000.0,0.2472711588,0.12,0.12,935552000,979304000,https://www.sec.gov/Archives/edgar/data/900075/000090007518000067/0000900075-18-000067-index.htm,https://www.sec.gov/Archives/edgar/data/900075/000090007518000067/cprt10312018-10q.htm,0.4931505677931317,0.121941912368313,0.1151010312628266,0.0484708492953892,0.3423743415651936,1.7869236557668629,1.3614881909289918,1.7869236557668629,0.432142734984266,11441800960.0,11521132960.0,25.073413567315026,24.79972811291637,106.25447805131728,252.3166022008071,6.844164808345695,6.844164808345695,24.97167761960084,65.72012914560825,106.99119601051234,254.06604538337703,0.0099707205534188,0.0039632746766467,0.2390540508206919,0.1677903323049742,0.4525344255188071,2.9952827226774668,32.5607396258869,0.9439004935003462,0.0,0.0,0.0964046054342737,0.0,0.1671084916037867,0.5788843178589007,0.1351112344159109,2.836290836290836,0.0130503199181564,2.214219947613321,0.0545672576206862,0.0575081498822192,-0.136636980093036,508414000.0,1273743000.0,53194000.0,2094519000.0,351470500.0,184849500.0,18234000.0,65.54966967800108,80.00896590695046,6.690751553964965,1.3730046305665005,1.1248739310625386,13.451403668794972,0.0682412547255587,0.0666301819674374,2018-11-20,0.12,amc,461368000.0,2025-04-11,2018-10-31,0.0,13.58327868852459,5257973.770491803
2018-07-31,CPRT,USD,900075,2018-10-01,2018-10-01 16:48:26,2018,Q4,449223000.0,260798000.0,188425000.0,0.4194464665,15500000,52457000.0,5900000.0,52457000.0,1874000.0,52457000.0,313255000.0,617000.0,4599000.0,30860000.0,165580000.0,0.3685919911,134837000.0,0.3001560472,-2108000.0,132729000.0,0.2954635003,22988000.0,109748000.0,0.24430628,0.12,0.11,931980000,977624000,https://www.sec.gov/Archives/edgar/data/900075/000090007518000048/0000900075-18-000048-index.htm,https://www.sec.gov/Archives/edgar/data/900075/000090007518000048/cprt07312018-10k.htm,0.4820092705852057,0.1177578918002532,0.1693941930084336,0.0532811862915513,0.2945556771604541,1.696494559969098,1.2650185626300994,1.696494559969098,0.4340189703641709,13373913000.0,13499291000.0,30.465049476983637,29.771211625406536,84.7136477652782,269.3258352296756,8.458618340787009,8.458618340787009,30.05031131531556,81.52730402222491,85.50782279314888,271.8507159111505,0.0082061248641291,0.0037129746544635,0.2529240736981049,0.1732887058878588,0.7572049764464307,2.5576218368583548,29.318764948901936,1.4385872189974576,0.0,0.0,0.1167727387066111,0.0345040213880411,0.1742546035053113,0.685460372960373,0.2408937209359271,3.815492560468232,0.0133163261898878,2.120130070003391,0.0548751176670621,0.0575932358332489,-0.1808271100238202,431860000.0,1178972000.0,-17483000.0,1997412000.0,362200500.0,189595000.0,16884000.0,73.50952644900194,46.14502411828312,5.7748142240354605,1.2243311084644044,1.9503728022614928,15.584916935580257,0.069412478282511,0.1161130067168823,2018-09-19,0.12,bmo,513371428.0,2025-04-11,2018-07-31,-0.0833333333333333,12.348571428571429,8769955.555555556
2018-04-30,CPRT,USD,900075,2018-05-25,2018-05-25 16:01:59,2018,Q3,478198000.0,259130000.0,219068000.0,0.4581114936,0,44449000.0,0.0,44449000.0,731000.0,44449000.0,303579000.0,282000.0,4416000.0,17640000.0,192205000.0,0.4019360181,174619000.0,0.3651604565,-3403000.0,171216000.0,0.3580441574,43811000.0,127348000.0,0.2663080983,0.14,0.13,928040000,971840000,https://www.sec.gov/Archives/edgar/data/900075/000090007518000025/0000900075-18-000025-index.htm,https://www.sec.gov/Archives/edgar/data/900075/000090007518000025/cprt04302018-10q.htm,0.5152773587345373,0.1372225335114865,0.2055988965992845,0.1218740571527089,0.2201144347226412,1.5740830136632042,1.1303079608637558,1.5733492090858152,0.4358443601568897,11851070800.0,12046860800.0,23.265129409178,24.782769480424427,62.11122827613677,104.78029777903522,8.116443524587861,8.116443524587861,25.192202393150957,62.677145755833614,63.1373598037777,106.51135945678314,0.0107456956547757,0.0095437789469623,0.273992539025608,0.1847710573607064,1.0186519601467183,2.331682546252837,39.54234601449275,1.4976178328950982,0.0,0.0,0.0929510370181389,0.0,0.1902098334882848,0.4072241672082346,0.1624849957548965,4.6571565571805325,0.0124237240640906,2.204025113923071,0.0685407562920319,0.0726311659039371,-0.2408010430584888,360324000.0,1048971000.0,-73479000.0,1860075000.0,380148000.0,244033500.0,15029500.0,67.28158628852484,85.25670512869989,5.916181067417899,1.337661683748825,1.055635446668269,15.212516144182224,0.0872168319143967,0.0837248394465755,2018-05-23,0.12,amc,459807692.0,2025-04-11,2018-04-30,0.0833333333333334,14.938888888888888,7481409.523809524
2018-01-31,CPRT,USD,900075,2018-02-27,2018-02-27 17:30:03,2018,Q2,459106000.0,267497000.0,191609000.0,0.4173524197,0,40662000.0,0.0,40662000.0,-948000.0,40662000.0,308159000.0,197000.0,5758000.0,17186000.0,168067000.0,0.3660745013,150947000.0,0.328784638,-6509000.0,144438000.0,0.3146070842,41137000.0,103256000.0,0.2249066664,0.11,0.11,925912000,965440000,https://www.sec.gov/Archives/edgar/data/900075/000090007518000015/0000900075-18-000015-index.htm,https://www.sec.gov/Archives/edgar/data/900075/000090007518000015/cprt01312018-10q.htm,0.4958419374627394,0.1115181572330847,0.1004771511763537,0.0255013435402068,0.210927172344672,1.4383559128729295,0.9907615410535776,1.4376830627532635,0.5597238182462264,10203550240.0,10520747240.0,24.70449717207717,22.22482441963293,109.67667644814205,432.134094528206,7.665110819971634,7.665110819971634,22.91572586722892,62.59853058601629,113.08618705190632,445.56781467050655,0.0101196149939278,0.0023140965100006,0.3849979867304502,0.2390889654081727,1.8873246978883425,1.7770418719737209,26.215178881556096,0.9006011558455388,0.0,0.0,0.0885677817323232,0.0,0.1933403653114169,0.7461975858028872,0.1512090889685606,3.8605828050272497,0.013051452170087,1.8993090142148752,0.0574129995043337,0.0597163392917041,-0.3324630202438244,291428000.0,917358000.0,-145274000.0,1730425000.0,384794000.0,232497000.0,11581500.0,78.96372515279695,81.62132659431694,4.382292137855751,1.1397638577188138,1.1026529922421824,20.53719769673705,0.0775679703839034,0.0749758076361468,2018-02-26,0.1,bmo,390723404.0,2025-04-11,2018-01-31,0.1999999999999999,13.54546875,10755725.0
2017-10-31,CPRT,USD,900075,2017-11-28,2017-11-28 16:42:24,2018,Q1,419168000.0,255904000.0,163264000.0,0.3894953813,0,39322000.0,0.0,39322000.0,-4416000.0,39322000.0,295226000.0,197000.0,5595000.0,11748000.0,135625000.0,0.3235576189,123942000.0,0.2956857394,-9814000.0,114128000.0,0.2722726926,36568000.0,77515000.0,0.1849258531,0.085,0.08,922776000,955164000,https://www.sec.gov/Archives/edgar/data/900075/000090007517000062/0000900075-17-000062-index.htm,https://www.sec.gov/Archives/edgar/data/900075/000090007517000062/cprt10312017-10q.htm,0.4542467511075277,0.0840019679748931,0.1011729823922598,0.0563506203022185,0.2430123887053846,1.2884047699550054,0.8415910253409278,1.287778399091437,0.6387779916252698,8369578320.0,8729186320.0,26.99341520995936,19.96712134514085,89.64843958868896,160.956524548549,7.043137240381679,7.043137240381679,20.825030345827926,64.36266411059908,93.50028191945158,167.8721960037693,0.0092615179685659,0.0062128578061982,0.4913227038594465,0.2830573964812597,2.6514875576036867,2.262936206854815,22.152278820375336,1.2037132542547706,0.0,0.0,0.0938096419574013,0.0,0.1998909180819035,0.4430269922879177,0.0986740400030536,2.5831251561329003,0.0126584090388579,1.5601148023087457,0.0466218848994444,0.0469685117377349,-0.4002715718657615,365202000.0,776600000.0,-219390000.0,1737227000.0,342522000.0,146780000.0,10150500.0,78.75171768837316,78.2168313117419,3.5654776791296734,1.1428322154970283,1.1506474820143884,25.242059577826,0.0652301421068708,0.0448223620900413,2017-11-21,0.07,amc,342981818.0,2025-04-11,2017-10-31,0.1428571428571427,11.568688524590163,5522616.393442623
2017-07-31,CPRT,USD,900075,2017-09-28,2017-09-27 20:34:54,2017,Q4,378596000.0,211131000.0,167465000.0,0.4423316675,19400000,37293000.0,5600000.0,37293000.0,1057000.0,37293000.0,248424000.0,322000.0,5807000.0,14835000.0,126054000.0,0.3329512198,124687000.0,0.3293405107,-4428000.0,106379000.0,0.2809828947,36010000.0,70335000.0,0.185778508,0.0775,0.075,921144000,950536000,https://www.sec.gov/Archives/edgar/data/900075/000090007517000044/0000900075-17-000044-index.htm,https://www.sec.gov/Archives/edgar/data/900075/000090007517000044/cprt07312017-10k.htm,0.411006313887948,0.0763561397566504,0.1565781245928975,0.105046550810731,0.2280859453027973,1.1926474036632708,0.7408385659571142,1.1920676897423204,0.6935343442501932,7249403280.0,7672341280.0,25.76741053529537,19.14812433306216,50.26244898808162,74.91916621022499,6.601974088989187,6.601974088989187,20.26524654248856,60.8655122407857,53.19481442963025,79.29003110693137,0.0097021778598031,0.0133477192898006,0.5765026874523025,0.3193128275849545,3.355212845288527,1.9435881821461312,21.471844325813677,2.049638335062314,0.0,0.0,0.098503417891367,0.0512419571258016,0.2099272585486716,0.3291109400891625,0.1253790320024511,3.518754633061527,0.0138062737060085,1.431079299039861,0.0467968679009286,0.0449046171918892,-0.4668341757640499,285108000.0,682419000.0,-296640000.0,1645345000.0,331499000.0,131964500.0,9701000.0,75.65785164132744,30.333773818150817,4.332239225883456,1.189565894980268,2.966989881956155,20.77447604053921,0.0640535268371846,0.0515315737821665,2017-09-19,0.08,amc,313697142.0,2025-04-11,2017-07-31,0.1249999999999999,9.733650793650794,4587200.0
2017-04-30,CPRT,USD,900075,2017-05-25,2017-05-25 16:19:58,2017,Q3,373862000.0,201357000.0,172505000.0,0.4614135697,0,35717000.0,0.0,35717000.0,-194000.0,35717000.0,237074000.0,363000.0,5869000.0,13974000.0,150165000.0,0.4016589009,136788000.0,0.3658783187,-5700000.0,131088000.0,0.3506320514,40542000.0,90546000.0,0.2421909689,0.0975,0.095,919680000,948540000,https://www.sec.gov/Archives/edgar/data/900075/000090007517000032/0000900075-17-000032-index.htm,https://www.sec.gov/Archives/edgar/data/900075/000090007517000032/cprt04302017-10q.htm,0.4065131350034794,0.0984538100208768,0.2090933803061934,0.1739746433542101,0.2061814979123173,1.0942164665970773,0.8047048973556019,1.0942164665970773,0.6227981471816284,7044748800.0,7422033800.0,19.45074547743688,18.84317956893185,36.63434963260339,44.0294048162199,7.000442996276566,7.000442996276566,19.85233535368665,49.42585689075351,38.59632031367818,46.387421328616696,0.0128529778095139,0.0227120944326645,0.563340617233529,0.3129162559074807,2.512469616754903,2.680095535649787,23.30686658715284,2.123771342742915,0.0,0.0,0.0955352509749586,0.0,0.1469669688897524,0.1679571916650632,0.086390165355131,2.3395871061209705,0.0133953169886214,1.5568943614746102,0.0588185649494079,0.0585895945977425,-0.383357254697286,372121000.0,740071000.0,-211748000.0,1551682000.0,384348000.0,188868500.0,9187500.0,82.98800092012561,86.16144459839985,4.129531131274304,1.084494131707345,1.0445507317047866,21.79424180106072,0.08997653848791,0.0351187369519832,2017-05-24,0.09,amc,363794594.0,2025-04-11,2017-04-30,0.0,8.00904761904762,4681707.936507937
2017-01-31,CPRT,USD,900075,2017-02-28,2017-02-28 16:52:31,2017,Q2,349532000.0,202767000.0,146765000.0,0.4198900244,0,37885000.0,0.0,37885000.0,-3021000.0,37885000.0,240652000.0,384000.0,6144000.0,12689000.0,121458000.0,0.3474874976,108880000.0,0.3115022373,-8781000.0,100099000.0,0.2863800739,34033000.0,66066000.0,0.189012737,0.0725,0.07,916568000,942352000,https://www.sec.gov/Archives/edgar/data/900075/000090007517000013/0000900075-17-000013-index.htm,https://www.sec.gov/Archives/edgar/data/900075/000090007517000013/cprt01312017-10q.htm,0.3813486833491896,0.0720797584030863,0.0886295397613706,0.0294926290247968,0.1908772726082516,0.9772357315551056,0.6872354260676785,0.9772357315551056,0.7835981618385106,6498467120.0,7035592120.0,24.590814942633124,18.59190895254225,79.99590225887856,240.39905001479727,7.255158372808844,7.255158372808844,20.128606593959923,57.92613183157964,86.60789216470734,260.26901894051497,0.0101663975180657,0.004159750215063,0.7949923133002792,0.3867375319146163,4.422310592962177,1.905644506239395,17.721354166666668,1.2296037296037297,0.0,0.0,0.108387787098177,0.0,0.1443618733234812,0.6672370283744692,0.1550730691324399,3.5366697116012005,0.0157925454607875,1.2589184235884765,0.0437794247734658,0.0419350579776011,-0.488830615949935,313305000.0,629898000.0,-286286000.0,1461366000.0,414621500.0,180468500.0,9027000.0,109.16476889097422,82.09974995931292,4.055097723002264,0.82444181318137,1.0962274555598803,22.19428633975481,0.0737588240744979,0.0591369107365738,2017-02-21,0.07,amc,349500000.0,2025-04-11,2017-01-31,0.0,7.662857142857143,4281358.73015873
2016-10-31,CPRT,USD,900075,2016-11-30,2016-11-30 16:10:32,2017,Q1,345991000.0,200698000.0,145293000.0,0.4199328884,0,40469000.0,0.0,40469000.0,3332000.0,40469000.0,241167000.0,337000.0,5959000.0,18489000.0,123202000.0,0.3560844068,104824000.0,0.3029674182,-2290000.0,102534000.0,0.296348749,-64746000.0,167280000.0,0.4834807842,0.19,0.18,901744000,951032000,https://www.sec.gov/Archives/edgar/data/900075/000090007516000108/0000900075-16-000108-index.htm,https://www.sec.gov/Archives/edgar/data/900075/000090007516000108/cprt10312016-10q.htm,0.3836909366738231,0.1855071949466811,0.0823881278943913,0.0400157916215688,0.1867725208041306,0.8953838339927962,0.601138460583048,0.8953838339927962,0.8318768963253429,5915440640.0,6491200640.0,8.84062745098039,17.097093970652416,79.62312250144697,163.93527990244985,7.326466874822734,7.326466874822734,18.761183498992747,52.68746156718235,87.37297780409999,179.8913823301186,0.0282785358150428,0.0060999682349952,0.9216925292943956,0.4203471991577026,4.673300758104576,1.7633485984600674,17.59087095150193,0.44412362505978,0.0,0.0,0.1169654702000919,0.0,0.1498726838515225,0.5143014819700376,0.1104335083860562,2.5782051282051284,0.0146969140815801,1.933197669019826,0.1079736018117367,0.1111449229334074,-0.5391200274135453,273033000.0,542073000.0,-332278000.0,1378954000.0,345151000.0,126461000.0,9653000.0,105.42265550259978,78.91065182513029,3.999142990961544,0.8537064407164412,1.1405304343378664,22.504821708903343,0.2071817559173997,0.0423723362728224,2016-11-21,0.07,amc,346000000.0,2025-04-11,2016-10-31,0.0,7.354999999999999,4121445.1612903215
2016-07-31,CPRT,USD,900075,2016-09-28,2016-09-28 17:29:23,2016,Q4,332659000.0,191195000.0,141464000.0,0.4252522854,29800000,35273000.0,6800000.0,35273000.0,6051000.0,35273000.0,226468000.0,353000.0,6610000.0,20147000.0,126338000.0,0.3797822996,106191000.0,0.3192187796,-206000.0,105985000.0,0.3185995268,21017000.0,84122000.0,0.2528775713,0.0963,0.0888,876624000,948152000,https://www.sec.gov/Archives/edgar/data/900075/000090007516000081/0000900075-16-000081-index.htm,https://www.sec.gov/Archives/edgar/data/900075/000090007516000081/cprt07312016-10k.htm,0.3794774042234755,0.0959613243534286,0.1425924911934877,0.1082744711529686,0.1777831772801109,0.88345288287795,0.5732183923780321,0.88345288287795,0.7381750898903064,5619159840.0,6103802840.0,16.699436057155086,16.89165133064189,44.95327872,59.20139744616292,7.255621804208373,7.255621804208373,18.34852759131724,48.31327739872406,48.83042272,64.30741750600531,0.0149705654217517,0.0168914931595894,0.8270218062743396,0.3882193208956128,3.8360825721477294,1.7910202558979564,16.06520423600605,1.47114207701723,0.0,0.0,0.1060335057821973,0.0895812228137522,0.1648416190857184,0.240672,0.0904349499036551,2.189041693953285,0.0151205889514487,1.3811189103435326,0.058826600179679,0.0610526025484428,-0.5710033606198325,220523000.0,502497000.0,-376058000.0,1309273000.0,274156499.5,113625500.0,10913500.0,77.11166690214304,36.22359371322472,4.88987682732289,1.1671385617200136,2.4845685028523903,18.4053715825953,0.1086207608953898,0.034318020040519,2016-09-20,0.07,amc,289770967.0,2025-04-11,2016-07-31,0.0,6.794920634920635,5019657.142857143
2016-04-30,CPRT,USD,900075,2016-05-26,2016-05-26 16:04:07,2016,Q3,347246000.0,189599000.0,157647000.0,0.4539922706,0,35699000.0,0.0,35699000.0,39000.0,35699000.0,225298000.0,283000.0,5702000.0,12928000.0,134876000.0,0.3884162813,121948000.0,0.3511861908,-5380000.0,116568000.0,0.3356928518,42552000.0,74016000.0,0.2131514834,0.085,0.08,884352000,945648000,https://www.sec.gov/Archives/edgar/data/900075/000090007516000038/0000900075-16-000038-index.htm,https://www.sec.gov/Archives/edgar/data/900075/000090007516000038/cprt04302016-10q.htm,0.3926558655377044,0.0836951801997394,0.140688323201621,0.0659782530033289,0.1556540834418874,0.810228280141844,0.4927562780431321,0.810228280141844,0.7989782349109856,4740126720.0,5303349720.0,16.010479896238653,13.65063015844675,38.09839990998087,81.23888942208816,6.615419544553101,6.615419544553101,15.272601325861205,39.32018832112459,42.62526097510007,90.89171385480222,0.0156147724253245,0.0123093755603225,0.9781571385307184,0.4315380186991845,4.175857824965153,2.2816716687706613,21.3868817958611,1.6809608733246866,0.0,0.0,0.1028060798396525,0.0,0.1728655561267998,0.5310324872606857,0.1902685704082984,5.241155005552911,0.0144969272504218,1.2352224669918468,0.0533674660905304,0.055096927298199,-0.6408833821261217,260924000.0,435770000.0,-443103000.0,1348654000.0,272259499.5,149068500.0,10448500.0,68.24061302362014,71.34436363060986,5.429933702181974,1.318862712573351,1.2614871788047746,16.574788005944576,0.1032982706862407,0.074710070198292,2016-05-25,0.07,amc,292950000.0,2025-04-11,2016-04-30,0.1428571428571427,6.37890625,4543775.0
2016-01-31,CPRT,USD,900075,2016-02-25,2016-02-25 17:21:46,2016,Q2,299706000.0,175092000.0,124614000.0,0.4157874717,0,32529000.0,0.0,32529000.0,4435000.0,32529000.0,207621000.0,602000.0,5570000.0,16769000.0,108854000.0,0.3632026052,92085000.0,0.3072511061,-533000.0,91552000.0,0.3054726966,32589000.0,58963000.0,0.1967361347,0.0625,0.0588,938448000,996896000,https://www.sec.gov/Archives/edgar/data/900075/000090007516000018/0000900075-16-000018-index.htm,https://www.sec.gov/Archives/edgar/data/900075/000090007516000018/cprt01312016-10q.htm,0.3193634596695821,0.0628303326343068,0.0069114111810137,-0.0544622610949141,0.169301868617121,0.7793718991355941,0.4825669616217414,0.7793718991355941,0.7259240789047449,3932097120.000001,4466353120.0,16.671883723691128,13.119847850893878,606.2437742830713,-76.93400743494425,5.3761240360951605,5.3761240360951605,14.902448132503189,41.03067521634483,688.6144187480728,-87.38706945803169,0.0149953061179729,-0.012998153005946,0.9238063986874488,0.4211463234029185,4.90800521799842,1.911827608188083,16.532315978456015,0.1100011871851839,0.0,0.0,0.1085363656383255,0.0,0.1736114747027482,8.880049337033611,0.1921749981648682,4.909307875894988,0.0179709448592954,1.0496591839934135,0.0412302073849604,0.0444725861876502,-0.5311255924675634,241741000.0,452864000.0,-366106000.0,1264501000.0,256315000.0,147590500.0,9266500.0,84.45086184460772,75.99153587828113,4.861558494962648,1.0657084846049631,1.184342426558621,18.51258194121379,0.0806166256494394,0.0613736722759279,2016-02-23,0.06,amc,274725000.0,2025-04-11,2016-01-31,0.0,5.61640625,5314787.5
2015-10-31,CPRT,USD,900075,2015-11-24,2015-11-24 16:25:02,2016,Q1,288838000.0,167977000.0,120861000.0,0.4184387096,0,34615000.0,0.0,34615000.0,1027000.0,34615000.0,202592000.0,211000.0,5724000.0,12800000.0,99046000.0,0.3429119437,86246000.0,0.2985964451,-4486000.0,81760000.0,0.2830652476,29347000.0,52413000.0,0.1814615805,0.055,0.0513,961240000,1017152000,https://www.sec.gov/Archives/edgar/data/900075/000162828015008971/0001628280-15-008971-index.htm,https://www.sec.gov/Archives/edgar/data/900075/000162828015008971/cprt10312015-10q.htm,0.3004847904789646,0.0545264450085306,0.0796824934459656,0.0587023011942907,0.5147611418584328,1.0575350588822772,0.7591194706837002,1.0575350588822772,0.6579491074029379,4354417200.0,4508224200.0,20.76973842367352,15.075638247045056,56.85063059769695,77.16903609973949,4.2835459325460254,4.2835459325460254,15.60814089558853,45.516469115360536,58.85871217066611,79.89480567813281,0.0120367428274902,0.0129585653850531,0.6165226330364125,0.3377169726322959,1.552884518304626,3.508551932334789,15.06743535988819,1.461355007345506,0.0,0.0,0.1198422645219811,0.0,0.1545719175498608,0.2632973862182416,0.0698211454171542,1.7442483999308078,0.0187440710709809,1.139048555916998,0.0330228426788599,0.0334071635493318,-0.1730267675086347,561730000.0,729696000.0,-53563000.0,1554169000.0,151094000.0,102429500.0,8844000.0,72.10363594817856,78.94402209826346,4.862272811158671,1.2482033508640769,1.1400483229493288,18.509862258953167,0.0515599407797982,0.0209801922516749,2015-11-23,0.05,amc,288800000.0,2025-04-11,2015-10-31,0.0,4.617704918032787,7347881.967213115
2015-07-31,CPRT,USD,900075,2015-09-25,2015-09-25 17:28:10,2015,Q4,282293000.0,163509000.0,118784000.0,0.420782662,0,32019000.0,4900000.0,32019000.0,53000.0,32019000.0,195528000.0,234000.0,5606000.0,11601000.0,98366000.0,0.3484535571,86765000.0,0.3073579579,-5319000.0,81446000.0,0.2885158328,24034000.0,57412000.0,0.203377342,0.0575,0.055,997944000,1041640000,https://www.sec.gov/Archives/edgar/data/900075/000162828015007286/0001628280-15-007286-index.htm,https://www.sec.gov/Archives/edgar/data/900075/000162828015007286/cprt07312015-10k.htm,0.2828745901573635,0.0575302822603272,0.061834130973281,0.0316981714404816,0.4569514922681032,0.9664510233039127,0.6761471585579952,0.9664510233039127,0.6527540623521961,4490748000.0,4680542000.0,19.55491883229987,15.90810965911305,72.77534153337547,141.96402491069452,4.656211118299906,4.656211118299906,16.58043947246301,47.58292499440864,75.85107038099406,147.9638984604685,0.0127845071689616,0.0070440380978848,0.6696009389671361,0.3587906788625474,1.929467498932558,3.446702889370607,15.477167320727792,1.0748101442207203,0.0,0.0,0.1134247041194786,0.0,0.1609526254033441,0.4873677216523246,0.1065346997623037,2.658122679865653,0.0172303245209764,1.1184831262172732,0.0372822442030893,0.0380150240523888,-0.3227443123061013,521456000.0,674757000.0,-100906000.0,1511565000.0,145187500.0,105886000.0,8360000.0,22.56750964423489,31.658991248188173,4.740839953764013,3.988034188034188,2.842794304292644,18.98397770811564,0.0595273644221038,0.0301359595327994,2015-09-22,0.05,amc,255414285.0,2025-04-11,2015-07-31,0.1999999999999999,4.61875,7669862.5
2015-04-30,CPRT,USD,900075,2015-05-28,2015-05-28 17:27:07,2015,Q3,297142000.0,169725000.0,127417000.0,0.4288084485,0,32650000.0,0.0,32650000.0,-815000.0,32650000.0,202375000.0,261000.0,5917000.0,11658000.0,106425000.0,0.3581620909,94767000.0,0.3189283238,-6471000.0,88296000.0,0.2971508572,30733000.0,57563000.0,0.1937221934,0.0575,0.055,1011320000,1056992000,https://www.sec.gov/Archives/edgar/data/900075/000114544315000751/0001145443-15-000751-index.htm,https://www.sec.gov/Archives/edgar/data/900075/000114544315000751/d32436_10q.htm,0.2938160028477633,0.0569186805363287,0.1132045247794961,0.1036922042479136,0.6711446426452558,1.1232527785468496,0.8353132539651149,1.1232527785468496,0.6632806628960171,4500374000.0,4486504000.0,19.545428487048973,15.145533112114746,39.309382806631376,42.91547307993058,3.9617084284064346,3.9617084284064346,15.09885509285123,42.15648578811369,39.188232622329366,42.78320904773711,0.0127907147272648,0.0233016189321154,0.5852911349615482,0.3319419044751887,-0.1303265210241954,4.159805271782713,16.016055433496703,1.9888817469555096,0.0,0.0,0.1098801246542057,0.0,0.1453830972597289,0.0840277413832259,0.0323750933896924,0.7877497543399935,0.0148750429087776,1.1993817100623825,0.0336052940579465,0.0336276082529393,-0.0193024957481311,725011000.0,844769000.0,87450000.0,1700166000.0,227533500.0,151217500.0,8061000.0,66.5106245498785,81.79673000441892,4.298895271763146,1.3531672662689558,1.100288483355483,20.93561120019736,0.0506730823403476,0.0095123205315824,2015-05-27,0.06,amc,337613636.0,2025-04-11,2015-04-30,0.0,4.4190625,3455162.5
2015-01-31,CPRT,USD,900075,2015-03-04,2015-03-03 20:55:56,2015,Q2,276258000.0,161391000.0,114867000.0,0.4157961036,0,34399000.0,0.0,34399000.0,4141000.0,34399000.0,195790000.0,183000.0,4688000.0,15724000.0,96192000.0,0.3481962513,80468000.0,0.2912784426,-364000.0,80104000.0,0.2899608337,27911000.0,52193000.0,0.1889284654,0.0513,0.05,1010400000,1054976000,https://www.sec.gov/Archives/edgar/data/900075/000121390015001536/0001213900-15-001536-index.htm,https://www.sec.gov/Archives/edgar/data/900075/000121390015001536/d32162.htm,0.2734144893111639,0.0516557798891528,0.005460213776722,-0.0104453681710213,0.5842893903404592,1.0621902216943784,0.7732779097387174,1.0621902216943784,0.6820021773555027,4627632000.0,4721673000.0,22.165960952618168,16.751123949351694,838.794997281131,-438.4718590108016,4.311845379911428,4.311845379911428,17.091534000825316,49.08592190618762,855.8406742794997,-447.3823194997157,0.0112785545609503,-0.0022806480722754,0.6377035081720067,0.3506055876041394,0.9776384730538922,3.78497724987645,17.164675767918087,0.1057038300155193,0.0,0.0,0.1245176610270109,0.0,0.1495422041513859,2.9129961935834694,0.0581738809373846,1.4097368421052632,0.01630360025773,1.111096731421591,0.0292331439267529,0.0314386496674404,-0.1067426266825019,653701000.0,781320000.0,9591000.0,1633862000.0,220143500.0,150989500.0,7803500.0,76.71426709814737,82.63286056843319,4.469580088109002,1.1731846422368215,1.0891550816574436,20.136119775421086,0.0486313833757129,0.0159055819477434,2015-02-24,0.05,amc,276300000.0,2025-04-11,2015-01-31,0.0,4.508571428571429,3521993.6507936507
2014-10-31,CPRT,USD,900075,2014-11-26,2014-11-26 15:10:20,2015,Q1,290386000.0,168078000.0,122308000.0,0.4211911043,0,39907000.0,0.0,39907000.0,1593000.0,39907000.0,207985000.0,139000.0,1910000.0,15699000.0,98100000.0,0.3378262037,82401000.0,0.2837636801,-178000.0,82223000.0,0.2831507029,29608000.0,52615000.0,0.1811898645,0.0525,0.05,1009736000,1052136000,https://www.sec.gov/Archives/edgar/data/900075/000114544314001435/0001145443-14-001435-index.htm,https://www.sec.gov/Archives/edgar/data/900075/000114544314001435/d31871.htm,0.2875860620994002,0.0521076796311115,0.0825621746674378,0.0593996846700523,0.1965701926047996,1.02742796136812,0.7291836678101999,1.02742796136812,0.279230412701934,4220696479.999999,4302251480.0,20.05462548702841,14.534779500389137,50.62851138353765,70.37074393944445,4.068411759432675,4.068411759432675,14.81562981686445,43.855774515800206,51.606787899143534,71.73049251392177,0.0124659520648592,0.0142104508780029,0.269935060741389,0.1822475279613376,0.8313455657492355,1.7627334023897632,43.14188481675393,1.5844531027273592,0.0,0.0,0.1374274241871164,0.0,0.1959851254664561,0.2805460259578245,0.0805410729167384,1.6745185079115057,0.0150351600972498,1.0975335797768833,0.0389699418117086,0.0425881347344018,-0.1418860969599974,198075000.0,736283000.0,-41389000.0,1191204000.0,136698000.0,108006000.0,7425500.0,63.47723375093841,82.35408560311285,4.065255417127762,1.417831160587862,1.0928419560595322,22.13883034773446,0.0507166259731972,0.0231624899973854,2014-11-24,0.05,amc,268620000.0,2025-04-11,2014-10-31,0.0,4.633114754098361,3380878.6885245903
2014-07-31,CPRT,USD,900075,2014-09-29,2014-09-29 17:23:28,2014,Q4,287450000.0,170511000.0,116939000.0,0.4068150983,0,41081000.0,5000000.0,41081000.0,77000.0,41081000.0,211592000.0,118000.0,2169000.0,13572000.0,89430000.0,0.3111149765,73807000.0,0.2567646547,-1974000.0,73884000.0,0.2570325274,22841000.0,51043000.0,0.1775717516,0.0513,0.0488,1007672000,1053032000,https://www.sec.gov/Archives/edgar/data/900075/000114544314001196/0001145443-14-001196-index.htm,https://www.sec.gov/Archives/edgar/data/900075/000114544314001196/d31671.htm,0.2852614739716892,0.050654379599711,0.0545415571733659,0.0369445613255106,0.157459967132162,0.9958587715050136,0.6891895378654959,0.9958587715050136,0.3027473225414619,4201992240.0,4346225240.0,20.58064886468272,14.61816747260393,76.45546288209607,112.87182335876224,4.187340734769043,4.187340734769043,15.119934736475908,48.59918640277312,79.07978966521107,116.7461383904588,0.0121473332373407,0.0088596070324965,0.3018448448877378,0.2010221634665158,1.6128033098512804,1.6877527795516694,34.028123559243895,1.07673921987344,0.0,0.0,0.1429152896155853,0.0,0.20508440381098,0.3226346433770014,0.0616872499565141,1.3255587949465502,0.0168272743085754,1.0653655172705416,0.0379898914026863,0.0426145993177389,-0.2873633483911431,168007000.0,694477000.0,-91014000.0,1169412000.0,130598000.0,113215500.0,8542500.0,21.47413463210993,32.83758819079121,3.831483012826152,4.191088560347593,2.740761577162329,23.48959911833586,0.0508650232835309,0.0175969958478552,2014-09-23,0.05,amc,302243589.0,2025-04-11,2014-07-31,0.0,4.286875,4677887.5
2014-04-30,CPRT,USD,900075,2014-06-09,2014-06-09 17:17:40,2014,Q3,309722000.0,177470000.0,132252000.0,0.4270022795,0,40515000.0,0.0,40515000.0,708000.0,40515000.0,217985000.0,81000.0,2104000.0,13558000.0,104506000.0,0.3374187174,62633000.0,0.2022232841,-1315000.0,61318000.0,0.1979775411,20441000.0,40877000.0,0.1319796463,0.04,0.0388,1006352000,1051888000,https://www.sec.gov/Archives/edgar/data/900075/000114544314000869/0001145443-14-000869-index.htm,https://www.sec.gov/Archives/edgar/data/900075/000114544314000869/d31292.htm,0.3077670636119369,0.0406189881870359,0.1310108192759591,0.1190050797335326,0.1319935768001653,0.9338293161836018,0.6223707013053087,0.9338293161836018,0.3183587849976946,4558774560.0,4744219560.0,27.88104900066052,14.71892393824139,34.577296936507814,38.06560199063134,4.85099356112884,4.85099356112884,15.317670556176184,45.39662373452242,35.983856253270936,39.61406100483463,0.0089666640589483,0.0262704370272698,0.3386786640433046,0.2155366933211979,1.7744914167607602,1.5024966698086015,29.768536121673005,3.225359003840791,0.0,0.0,0.1308108561871614,0.0,0.2122590527889741,0.0916392982562593,0.0390091759707092,0.9461978228522202,0.0213836924726044,0.9238246825898924,0.032214797244995,0.0351407927031081,-0.2531008036949298,129012000.0,626324000.0,-151157000.0,1128156000.0,207357000.0,159544500.0,9838000.0,55.96922401379302,83.27954020397813,4.983039386938637,1.6080265822127615,1.0806976092754752,18.06126602890291,0.0434972296147637,0.0120057395424265,2014-05-28,0.06,amc,323165217.0,2025-04-11,2014-04-30,0.0,4.2640625,4254750.0
2014-01-31,CPRT,USD,900075,2014-03-05,2014-03-05 17:28:10,2014,Q2,286434000.0,174888000.0,111546000.0,0.3894300258,0,40062000.0,0.0,40062000.0,1170000.0,40062000.0,214950000.0,143000.0,2209000.0,14389000.0,85873000.0,0.299800303,71484000.0,0.2495653449,-896000.0,70588000.0,0.2464372246,25243000.0,45345000.0,0.1583087203,0.045,0.0438,1004512000,1048808000,https://www.sec.gov/Archives/edgar/data/900075/000114544314000288/0001145443-14-000288-index.htm,https://www.sec.gov/Archives/edgar/data/900075/000114544314000288/d30982_10q.htm,0.285147414864133,0.0451413223535408,0.0080397247618744,-0.0361618377879009,0.0459914864133031,0.8767680226816603,0.567228664266828,0.8767680226816603,0.3558474164569463,4309356480.0,4618401480.0,23.758719153159117,15.04484970359664,533.6003566121842,-118.63335113558156,4.892970419790991,4.892970419790991,16.123789354615724,53.78176469903229,571.8674442793462,-127.14112814865796,0.0105224527630631,-0.0084293328176925,0.4033545128780412,0.2469556681888615,3.598861108846785,1.2822172839696362,32.360344047080126,0.1781012239497188,0.0,0.0,0.1398646808688912,0.0,0.216153988931472,5.497894997523527,0.1550130221970855,3.395610278372591,0.0201512390288862,0.9436713033020884,0.0360754472596548,0.0402152618448557,-0.3385395097320888,73278000.0,569788000.0,-224840000.0,1091593000.0,204859500.0,154859000.0,9527500.0,69.78696663105637,79.69895018526142,5.068958419102511,1.2896390879948132,1.1292495044262645,17.7551269035533,0.0514860501133158,0.0442015625497754,2014-02-25,0.05,amc,286434000.0,2025-04-11,2014-01-31,0.0,4.507777777777778,3691784.126984127
2013-10-31,CPRT,USD,900075,2013-12-10,2013-12-10 17:30:25,2014,Q1,279883000.0,172047000.0,107836000.0,0.3852895674,0,42877000.0,0.0,42877000.0,1423000.0,42877000.0,214924000.0,149000.0,2286000.0,16076000.0,81035000.0,0.2895316972,64959000.0,0.2320934105,-714000.0,64245000.0,0.2295423445,22823000.0,41422000.0,0.1479975561,0.0413,0.04,1003680000,1045648000,https://www.sec.gov/Archives/edgar/data/900075/000114544313002257/0001145443-13-002257-index.htm,https://www.sec.gov/Archives/edgar/data/900075/000114544313002257/d30731_10q.htm,0.2788568069504224,0.0412701259365534,0.0674667224613422,0.0459509006854774,0.0767694882831181,0.8196307588075881,0.5233670094053882,0.8196307588075881,0.3583931133428981,4044830400.000001,4325204400.0,24.41233161122109,14.451861670769572,59.73315218193901,87.70230702515178,4.916848174247278,4.916848174247278,15.4536159752468,53.374522120071575,63.87365280956952,93.7815351257589,0.010240726038847,0.0114022086068182,0.4344828340709928,0.2557815009145635,3.459912383537977,1.2444602124021449,28.416010498687665,1.6347593066486408,0.0,0.0,0.1531961569655892,0.0,0.2127927247121057,0.3189101380787122,0.0771572407041513,1.488899613899614,0.0173894091459645,0.8724052695524576,0.0344204748434579,0.0376551997483714,-0.3510832635899888,63048000.0,525293000.0,-253786000.0,1052800000.0,185164500.0,112704000.0,20203500.0,60.33003076285448,81.00245863049051,4.8152539712985405,1.4917943661221118,1.1110773860649543,18.690602933188483,0.0503520951270715,0.0215158217758648,2013-11-25,0.03987,amc,279900000.0,2025-04-11,2013-10-31,0.0032605969400551,4.434918032786885,4900760.655737705
2013-07-31,CPRT,USD,900075,2013-09-30,2013-09-30 17:09:08,2013,Q4,263697000.0,160625000.0,103072000.0,0.3908728579,0,40020000.0,5000000.0,40020000.0,1466000.0,40020000.0,200645000.0,153000.0,2509000.0,16099000.0,79151000.0,0.3001588945,63052000.0,0.2391077638,-890000.0,62162000.0,0.235732678,20858000.0,41304000.0,0.1566343189,0.0413,0.04,1003040000,1044904000,https://www.sec.gov/Archives/edgar/data/900075/000114544313001938/0001145443-13-001938-index.htm,https://www.sec.gov/Archives/edgar/data/900075/000114544313001938/d30512.htm,0.2628977907162226,0.0411788163981496,0.0162735284734407,-0.0522970170681129,0.0634381480299888,0.7600903254107513,0.4757856117403095,0.7600903254107513,0.3900711836018504,4072342399.999999,4397459400.0,24.64859577764865,15.443264049268668,249.4849231146235,-77.63349092572822,5.341470433538256,5.341470433538256,16.676182891728008,55.55785018508926,269.40264657232126,-83.83139011743175,0.0101425656153077,-0.0128810386867273,0.5098996459868232,0.2913102546982685,4.107553915932837,1.2845962633981531,25.130330809087287,0.3951917489831493,0.0,0.0,0.1517650940283735,0.0,0.2136928139104266,4.213624946394658,0.2608258721183782,4.74993093922652,0.0185288418146584,0.8391909490766868,0.0352577441579549,0.0393629349516635,-0.3547341083107354,67893000.0,477232000.0,-265628000.0,1030579000.0,175626500.0,99781000.0,29804500.0,62.36043640997054,39.536124513618674,17.482832684824903,1.4432227415523715,2.276399144003061,5.147907185436831,0.0541762143543883,0.0685705455415536,2013-09-24,0.05,amc,329625000.0,2025-04-11,2013-07-31,-0.2,4.19375,6853700.0
2013-04-30,CPRT,USD,900075,2013-06-05,2013-06-05 16:03:29,2013,Q3,277638000.0,162041000.0,115597000.0,0.4163587117,0,32784000.0,0.0,32784000.0,1592000.0,32784000.0,194825000.0,138000.0,2538000.0,16527000.0,99340000.0,0.357804047,82813000.0,0.2982768929,-808000.0,82005000.0,0.2953666285,28769000.0,53236000.0,0.1917460866,0.0525,0.0513,1002160000,1044240000,https://www.sec.gov/Archives/edgar/data/900075/000114544313001371/0001145443-13-001371-index.htm,https://www.sec.gov/Archives/edgar/data/900075/000114544313001371/d30311.htm,0.2770395944759319,0.0531212580825417,0.1296329927356909,0.094754330645805,0.1390306937016045,0.7228326814081584,0.5016304781671589,0.7228326814081584,0.3918585854554163,4419525600.0,4670361600.0,20.754403035539863,15.918302249692044,34.01911740934318,46.54140839730831,6.100996971261496,6.100996971261496,16.82176647288916,47.01390779142339,35.94991725231501,49.18292736865384,0.0120456367534108,0.0214862427768265,0.5386115843035696,0.3004330544351889,2.5250251660962357,1.6172124353755204,32.62923561859732,2.440322338267338,0.0,0.0,0.1180818187712056,0.0,0.170696136544589,0.269056984289486,0.1258977517486799,2.362235588294925,0.017112210864507,0.929489151061224,0.0464959215993424,0.0494298060727835,-0.293714825975892,134785000.0,502714000.0,-221126000.0,1033163000.0,189903000.0,127200500.0,29755000.0,54.63412789315584,71.64908881085651,15.77767355175542,1.647321984822504,1.2561220455655382,5.704263033759284,0.0734903933494755,0.0348786620898858,2013-05-30,0.06,amc,330476190.0,2025-04-11,2013-04-30,-0.1666666666666666,4.07046875,5480512.5
2013-01-31,CPRT,USD,900075,2013-03-12,2013-03-12 16:05:38,2013,Q2,266185000.0,169368000.0,96817000.0,0.3637207206,0,34047000.0,0.0,34047000.0,744000.0,34047000.0,203415000.0,191000.0,2588000.0,15547000.0,78317000.0,0.2942201852,62770000.0,0.235813438,-1653000.0,61117000.0,0.2296034713,21477000.0,39640000.0,0.1489189849,0.04,0.0388,997672000,1036160000,https://www.sec.gov/Archives/edgar/data/900075/000114544313000805/0001145443-13-000805-index.htm,https://www.sec.gov/Archives/edgar/data/900075/000114544313000805/d30108_10q.htm,0.2668061246582043,0.0397324972536064,-0.0222768605313169,-0.0849076650442229,0.0496255282297187,0.6690605730139766,0.4434222870843323,0.6690605730139766,0.4117916509634429,4479547280.0,4838282280.0,28.25143340060545,16.828699137817683,-201.55443329583804,-52.8809736748908,6.7109020933239245,6.7109020933239245,18.1763896538122,61.77818711135513,-217.69549066366704,-57.11583378585763,0.0088491085197341,-0.0189103931056175,0.6116002474895244,0.3255682461605205,4.580550838259892,1.465643223329621,24.254250386398763,-0.5606710393541877,0.0,0.0,0.1279072825290681,0.0,0.1795236796480869,-2.8114735658042744,0.2347427540995924,4.276279770052012,0.0178297049044837,0.7733870738801615,0.0364702006697045,0.0385290907270664,-0.3637781254761084,99094000.0,442390000.0,-274538000.0,981631000.0,181020500.0,118873500.0,27258500.0,71.43163589233052,66.63596429077512,16.527738415757405,1.259945945178376,1.350622009569378,5.445391119827669,0.0593855008891345,0.062630804512906,2013-02-27,0.05,bmo,252189473.0,2025-04-11,2013-01-31,0.0,4.253125,7726037.5
2012-10-31,CPRT,USD,900075,2012-12-07,2012-12-07 16:07:07,2013,Q1,238866000.0,133430000.0,105436000.0,0.4414022925,0,31079000.0,0.0,31079000.0,0.0,31079000.0,164509000.0,156000.0,2632000.0,12702000.0,87059000.0,0.3644679444,74357000.0,0.3112916866,-2769000.0,71588000.0,0.2996994131,25743000.0,45845000.0,0.1919276917,0.0463,0.045,994416000,1027784000,https://www.sec.gov/Archives/edgar/data/900075/000114544312001396/0001145443-12-001396-index.htm,https://www.sec.gov/Archives/edgar/data/900075/000114544312001396/d29866_10q.htm,0.2402073176618236,0.0461024360026387,0.0757379205483419,0.0273989959936284,0.1321680262586281,0.6122900275136361,0.4055365159048125,0.6122900275136361,0.4303711927402616,3579897600.0,3873803600.0,19.521745010361,14.98705382934365,47.532332204740094,131.39167584232547,5.8795666077050805,5.8795666077050805,16.21747590699388,44.49630250749492,51.43468897298015,142.17880055788007,0.0128062322229552,0.0076108322204523,0.6985650490826464,0.3502074060168329,3.375940454174755,1.5057385539672674,28.25113981762918,1.6428181917330134,0.0,0.0,0.1301106059464302,0.0,0.1692833253466784,0.6382393945429198,0.2012383512094647,3.7439831762598335,0.0216606800465532,0.796951310113284,0.0443998155064197,0.0454393628082111,-0.3513997160142234,109854000.0,403272000.0,-278586000.0,940496000.0,146026000.0,82426500.0,23818000.0,56.80867097033484,75.77928501836169,15.793000074945663,1.5842651916112858,1.187659661584199,5.698727257196549,0.0752950953486042,0.0483389245547135,2012-11-27,0.05,amc,238900000.0,2025-04-11,2012-10-31,0.0,4.2075,8387693.333333333
2012-07-31,CPRT,USD,900075,2012-10-01,2012-10-01 14:44:35,2012,Q4,226556000.0,127130000.0,99426000.0,0.4388583838,0,29932000.0,0.0,29932000.0,0.0,29932000.0,157062000.0,98000.0,3113000.0,12948000.0,82442000.0,0.363892371,69494000.0,0.3067409382,-2016000.0,67478000.0,0.297842476,22582000.0,44896000.0,0.1981673405,0.045,0.0438,1008896000,1038824000,https://www.sec.gov/Archives/edgar/data/900075/000114544312001120/0001145443-12-001120-index.htm,https://www.sec.gov/Archives/edgar/data/900075/000114544312001120/d29549.htm,0.2245583291042882,0.0445001268713524,0.0324334718345597,0.0039964476021314,0.1388765541740675,0.5561693177493022,0.3535488296117736,0.5561693177493022,0.4432894966379092,2996421120.0,3300429120.0,16.685345687811832,13.225962322781122,91.57206527718355,743.16,5.340100406867017,5.340100406867017,14.567829234273203,40.03334610999248,100.8626954342644,818.5588095238095,0.014983207700792,0.0013456052532429,0.7914926833441154,0.3844975092332386,3.687537905436549,1.719950903220642,22.32380340507549,0.7288399857448326,0.0,0.0,0.1321174455763696,0.0,0.1769794972754803,0.8767801479127193,0.1266353572626635,2.420892751666526,0.0240514486484577,0.7462346259993858,0.044292152576525,0.0472269821583917,-0.3328068502600863,134908000.0,356694000.0,-271656000.0,926494000.0,137289000.0,80549000.0,23686000.0,56.12307773795441,37.170927397152525,17.147644143789822,1.6036183977689378,2.4212470955700303,5.248534390223764,0.0800118335391727,0.0284370242324283,2012-09-25,0.08,amc,214011111.0,2025-04-11,2012-07-31,0.1249999999999999,3.615967741935484,4815522.580645162
2012-04-30,CPRT,USD,900075,2012-06-11,2012-06-11 15:03:25,2012,Q3,244105000.0,128836000.0,115269000.0,0.472210729,0,27325000.0,0.0,27325000.0,0.0,27325000.0,156161000.0,78000.0,3008000.0,11680000.0,99624000.0,0.4081194568,87944000.0,0.3602711948,-3397000.0,84547000.0,0.3463550521,29076000.0,55471000.0,0.2272423752,0.055,0.0538,1012768000,1043608000,https://www.sec.gov/Archives/edgar/data/900075/000114544312000801/0001145443-12-000801-index.htm,https://www.sec.gov/Archives/edgar/data/900075/000114544312000801/d29391_10q.htm,0.2410275601124838,0.0547716752504028,0.1052590524187178,0.0917801510316281,0.2045226547442257,0.5714359063477519,0.3668648693481626,0.5714359063477519,0.4600599545009321,3342134400.0,3597926400.0,15.062529970615277,13.69138034862047,31.35122276108552,35.955486702814355,5.774925872424542,5.774925872424542,14.739257286823293,36.11505661286437,33.75070495201824,38.707358636715725,0.0165974773486069,0.0278121669792812,0.7998970162354941,0.3842465281553301,2.5675740785352925,1.9287270275845068,29.236702127659573,1.921778947558184,0.0,0.0,0.1119395342168329,0.0,0.17196992271509,0.128054557564046,0.0559226562339976,1.1310796254867843,0.0217693205792589,0.8391759603922293,0.0533680861040098,0.0556055654684336,-0.3034722661063541,184604000.0,371549000.0,-242656000.0,966519000.0,144090000.0,104516500.0,23497000.0,49.14688351324225,75.85830047502252,16.171722189450154,1.831245311327832,1.1864225725651982,5.565269978401727,0.0958492013574504,0.0134789013870896,2012-05-29,0.11,amc,244105000.0,2025-04-11,2012-04-30,0.0,3.205238095238095,4518933.333333333
2012-01-31,CPRT,USD,900075,2012-03-09,2012-03-09 17:07:33,2012,Q2,227904000.0,128208000.0,99696000.0,0.4374473463,0,27386000.0,0.0,27386000.0,0.0,27386000.0,155594000.0,119000.0,3033000.0,13930000.0,77469000.0,0.3399194398,63539000.0,0.2787972129,-1323000.0,62216000.0,0.272992137,21613000.0,40603000.0,0.1781583474,0.04,0.0388,1026448000,1052720000,https://www.sec.gov/Archives/edgar/data/900075/000114544312000206/0001145443-12-000206-index.htm,https://www.sec.gov/Archives/edgar/data/900075/000114544312000206/d28935_10q.htm,0.2220317054541487,0.0395568017084158,0.025486921889857,0.0179064112356398,0.1243511605069131,0.4942987857153991,0.2944464795099216,0.4942987857153991,0.4722587018533817,3017757120.0,3371833120.0,18.58087530478043,13.241352148272956,115.35327854439817,164.18700326441785,5.947819587994607,5.947819587994607,14.794971215950577,43.52493410267333,128.88777646114443,183.4512034820457,0.0134546944586448,0.0060906160665441,0.9494335517135356,0.4226847001468862,4.570550800965547,1.7628557003362302,20.949225189581277,0.6443119966504938,0.0,0.0,0.1201646307217073,0.0,0.1799996139192635,0.2974274683689461,0.0341415683796686,0.6367430441898527,0.0262522816624543,0.6632795629696668,0.0403112484914906,0.0434479732911013,-0.3668612535656945,142030000.0,302234000.0,-304074000.0,915984000.0,145974500.0,100965000.0,23581500.0,61.16259477674811,70.5080026207413,16.738113066267317,1.471487603305785,1.2764508517438098,5.376950176144942,0.0800260952516102,0.0075805106542172,2012-02-28,0.07,amc,189916666.0,2025-04-11,2012-01-31,0.2857142857142855,3.1904761904761907,5235758.73015873
2011-10-31,CPRT,USD,900075,2011-12-12,2011-12-12 13:13:06,2012,Q1,225626000.0,130401000.0,95225000.0,0.4220479909,0,29849000.0,0.0,29849000.0,0.0,29849000.0,160250000.0,62000.0,2187000.0,12653000.0,78029000.0,0.3458333703,65376000.0,0.2897538404,-1561000.0,63815000.0,0.2828353115,22666000.0,41149000.0,0.182377031,0.0388,0.0388,1051456000,1070416000,https://www.sec.gov/Archives/edgar/data/900075/000114544311001231/0001145443-11-001231-index.htm,https://www.sec.gov/Archives/edgar/data/900075/000114544311001231/d28860_10-q.htm,0.2145843477996226,0.0391352562541846,0.0610458259784527,0.0541277999269584,0.2022690440684156,0.5276920765110475,0.3293689892872359,0.5276920765110475,0.4782996150100432,2859960320.0,3148007320.0,17.37563683200078,12.675668229725298,44.55669091872186,50.25144202554777,5.154521208625833,5.154521208625833,13.95232517529008,40.34406848735726,49.04431302288626,55.31262312652645,0.0143879618581561,0.0198999264437347,0.902457443069686,0.4084595279814403,3.691537761601456,1.8418338246219472,29.893004115226336,1.559867797516343,0.0,0.0,0.1322941504968399,0.0,0.170104186040441,0.1133251281412124,0.0322391922916685,0.6048058534963,0.0223600117007791,0.6816565882797291,0.0385815215807742,0.040447001836132,-0.3270709853764684,175636000.0,346317000.0,-286768000.0,979015000.0,132536500.0,78022000.0,24180500.0,54.67548066268959,70.04555179791566,16.094278418110292,1.6460760638802354,1.2848781641360147,5.592049401775376,0.0741630545467653,0.0069180260514943,2011-11-28,0.07,amc,211500000.0,2025-04-11,2011-10-31,0.1428571428571427,3.0572580645161294,3975922.580645161
2011-07-31,CPRT,USD,900075,2011-09-28,2011-09-27 21:14:34,2011,Q4,215442000.0,125856000.0,89586000.0,0.4158242125,0,26131000.0,0.0,26131000.0,0.0,26131000.0,151987000.0,120000.0,1813000.0,12333000.0,75788000.0,0.3517791331,63455000.0,0.2945340277,-811000.0,62644000.0,0.2907696735,22123000.0,40521000.0,0.1880831036,0.0375,0.0369,1081840000,1105856000,https://www.sec.gov/Archives/edgar/data/900075/000114544311000951/0001145443-11-000951-index.htm,https://www.sec.gov/Archives/edgar/data/900075/000114544311000951/d27786.htm,0.1991440508762848,0.0374556311469348,0.0390834134437624,0.0264512312356725,0.0684103009687199,0.5131738519559269,0.3177956074835465,0.5131738519559269,0.3490063225615618,2931786400.0,3233533400.0,18.08806791540189,13.60823980468061,69.33887706352586,102.45269779144536,5.280861426729014,5.280861426729014,15.008834860426472,42.66550641262469,76.47541270517004,112.99739306681576,0.01382126610588,0.0097606019319824,0.6768280821078873,0.3464990096234356,3.9814614450836543,1.451562181172206,35.0,1.0434589472125564,0.0,0.0,0.1212901848293276,0.0,0.1949105341394051,0.323210822572253,0.0634323855144308,1.206071838319654,0.0223447610029613,0.6576306992112224,0.0423945876142958,0.0464121924065479,-0.320501183169415,75242000.0,343804000.0,-287396000.0,886998000.0,125191000.0,79392000.0,15727000.0,53.473138942267525,39.01244279176201,17.907608695652176,1.6830880284991094,2.3069562826505363,5.0257966616084975,0.0729881910470989,0.0126321822080899,2011-09-20,0.07,amc,215400000.0,2025-04-11,2011-07-31,0.0,2.7493650793650795,5041600.0
2011-04-30,CPRT,USD,900075,2011-06-09,2011-06-08 21:08:37,2011,Q3,236755000.0,127848000.0,108907000.0,0.4599987329,0,26863000.0,0.0,26863000.0,0.0,26863000.0,154711000.0,159000.0,1832000.0,11412000.0,93456000.0,0.3947371756,82044000.0,0.346535448,-1694000.0,80350000.0,0.3393803721,30214000.0,50136000.0,0.2117632151,0.045,0.0438,1116904000,1136520000,https://www.sec.gov/Archives/edgar/data/900075/000114544311000569/0001145443-11-000569-index.htm,https://www.sec.gov/Archives/edgar/data/900075/000114544311000569/d27990_10-q.htm,0.2119743505260971,0.0448883699941982,0.0960933079297773,0.0834073474533173,0.1720362716938967,0.5786907379685273,0.3897532822874661,0.5786907379685273,0.3496531483457844,3172007360.0,3368556360.0,15.817014520504229,13.397847394986378,29.554607507896428,34.04975804547114,4.907629954420415,4.907629954420415,14.228026271884438,36.04430277349769,31.38591742991046,36.15960368406363,0.0158057640824641,0.0293687843145483,0.6013797648922706,0.3262764078595699,2.103118044855333,2.0615731071257715,44.78384279475983,2.1407172490824955,0.0,0.0,0.1134632848303098,0.0,0.1771366359106598,0.1320171065994577,0.0598466769445207,1.256785524215008,0.0214441088889358,0.7645069581490445,0.0478148391972444,0.0511442057275063,-0.2308457127917887,181960000.0,435317000.0,-191604000.0,991953000.0,131989000.0,26786500.0,6156000.0,46.5207492977973,73.37314623615543,4.513797634691196,1.9346206017421432,1.2266067984917826,19.93886462882096,0.0775688412636034,0.0126859604764599,2011-06-01,0.09,amc,236800000.0,2025-04-11,2011-04-30,0.0,2.629375,5998200.0
2011-01-31,CPRT,USD,900075,2011-03-07,2011-03-04 21:09:56,2011,Q2,207380000.0,121475000.0,85905000.0,0.4142395602,0,25710000.0,0.0,25710000.0,0.0,25710000.0,147185000.0,133000.0,417000.0,12306000.0,72501000.0,0.3496045906,60195000.0,0.2902642492,522000.0,60717000.0,0.2927813675,22824000.0,37893000.0,0.1827225383,0.0294,0.0288,1299840000,1311280000,https://www.sec.gov/Archives/edgar/data/900075/000114544311000288/0001145443-11-000288-index.htm,https://www.sec.gov/Archives/edgar/data/900075/000114544311000288/d27785_10q.htm,0.159542712949286,0.0291520494830132,0.0121438023141309,-0.009057268586903,0.1568654603643525,0.4933684145741014,0.348196701132447,0.4933684145741014,0.2699693808468734,3184608000.0,3331208000.0,21.010529649275597,15.356389237149196,201.74900221729493,-270.500976811348,4.9658630905972245,4.9658630905972245,16.063304079467645,45.9470627991338,211.0363002850808,-282.95319799541323,0.0118987957073523,-0.0036968443211848,0.5465460782784968,0.2949343655334904,2.022041075295513,2.4387818520820383,144.3525179856115,0.4165347266202238,0.0,0.0,0.1239753110232423,0.0,0.1587849209020531,1.7458346531517264,0.1328864885717041,2.424386381631037,0.0216028546629376,0.568867963404471,0.0348439594308309,0.0379043713113934,-0.1800606228458887,231500000.0,452600000.0,-154700000.0,995900000.0,130506000.0,22383500.0,15482500.0,61.45240621082072,-37.53068532619881,4.371269808602593,1.46454802259887,-2.3980377447883763,20.588983050847457,0.0590877904256978,0.0212010709010339,2011-03-02,0.06,amc,188527272.0,2025-04-11,2011-01-31,0.0,2.8163492063492064,6534273.015873016
2010-10-31,CPRT,USD,900075,2010-12-03,2010-12-03 17:10:27,2011,Q1,212667000.0,123813000.0,88854000.0,0.4178081226,0,29260000.0,0.0,29260000.0,0.0,29260000.0,153073000.0,80000.0,15000.0,12306000.0,71900000.0,0.3380872444,59594000.0,0.2802221313,569000.0,60163000.0,0.2828976757,22340000.0,37823000.0,0.1778508184,0.0281,0.0281,1339920000,1350496000,https://www.sec.gov/Archives/edgar/data/900075/000114544310002795/0001145443-10-002795-index.htm,https://www.sec.gov/Archives/edgar/data/900075/000114544310002795/d27474_10-q.htm,0.1587161920114633,0.0282278046450534,0.0578676338885903,0.0468393635440921,0.1943922025195534,0.7903673353633053,0.648258851274703,0.7903673353633053,1.1194698190936772e-05,2840630400.0,2580160400.0,18.77581365835603,13.357175302233069,36.63533235316877,45.26107614601425,2.682297085348938,2.682297085348938,12.13239665768549,35.885401947148814,33.276076246485594,41.11088733449117,0.0133150021910629,0.0220940394075906,0.0,0.0,-3.6226703755215577,3.5852705841865267,3972.933333333333,2.05002247309838,0.0,0.0,0.1375859912445278,0.0,0.1573478263384531,0.1905775232789084,0.0694842171093775,1.260621054427572,0.0217993388725096,0.7085072558982748,0.0342487443556849,0.0370910816851077,0.1578030777956893,300486000.0,868615000.0,265598000.0,1065780000.0,119715500.0,75358000.0,15020500.0,50.53477972605059,69.36323326306608,18.2198153667224,1.7809516631494322,1.2975173700260942,4.93967684021544,0.0357147915685028,0.0110282703444981,2010-11-30,0.06,amc,212700000.0,2025-04-11,2010-10-31,0.0,2.516774193548387,13945264.516129032
2010-07-31,CPRT,USD,900075,2010-09-23,2010-09-23 13:20:46,2010,Q4,190468000.0,104244000.0,86224000.0,0.4526954659,0,29004000.0,0.0,29004000.0,424885000.0,29004000.0,133248000.0,45000.0,15000.0,11632000.0,68852000.0,0.361488544,57220000.0,0.300417918,466000.0,57686000.0,0.3028645232,21453000.0,36233000.0,0.19023143,0.0269,0.0263,1348560000,1361440000,https://www.sec.gov/Archives/edgar/data/900075/000104746910008242/0001047469-10-008242-index.htm,https://www.sec.gov/Archives/edgar/data/900075/000104746910008242/a2200235z10-k.htm,0.1412380613395028,0.0268679183721895,0.0188527021415435,0.0067427478198967,0.1988699056771667,0.8062184849024144,0.6661535267248028,0.8062184849024144,0.0004560420003559,3074716799.9999995,2807128799.9999995,21.21489250131096,16.142957347165925,120.9375707992448,338.14107555262285,2.828017519687574,2.828017519687574,14.73805993657727,40.77047580317201,110.41255506607928,308.71316397228634,0.0117841747246445,0.0029573455350424,0.0005518591214034,0.0004882764816749,-3.8864230523441594,4.079450496157577,3814.6666666666665,0.7016807882317224,0.0,0.0,0.1522775479345612,0.0,0.1537143191961016,0.6423458149779736,0.0857414368817859,1.4645323289391086,0.0244398009114391,0.6981273379237056,0.0320334396171021,0.0348419022122728,0.162478680963398,330191000.0,898348000.0,295837000.0,1092591000.0,111406500.0,78919500.0,18102000.0,56.71141609089191,47.73771152296535,4.29607459422125,1.5869820611736476,1.885301936954045,20.94935691318328,0.0333258525763543,0.0121099543216467,2010-09-22,0.06,amc,207818181.0,2025-04-11,2010-07-31,-0.1666666666666666,2.17671875,9522000.0
2010-04-30,CPRT,USD,900075,2010-06-09,2010-06-09 16:59:36,2010,Q3,220349000.0,119851000.0,100498000.0,0.4560855733,0,28372000.0,0.0,28372000.0,0.0,28372000.0,148223000.0,25000.0,38000.0,10509000.0,82635000.0,0.3750187203,72126000.0,0.3273261962,-542000.0,71584000.0,0.3248664618,27194000.0,44390000.0,0.2014531493,0.0331,0.0325,1347584000,1362368000,https://www.sec.gov/Archives/edgar/data/900075/000110465910033167/0001104659-10-033167-index.htm,https://www.sec.gov/Archives/edgar/data/900075/000110465910033167/a10-11715_110q.htm,0.1635141111797112,0.032940432655775,0.0676610882883738,0.0530705321523556,0.1960931563449848,0.7765467681420972,0.637434104293313,0.7765467681420972,2.81986132218845e-05,3005112320.0,2740860320.0,16.92448929939175,13.637966680130155,32.95838208359381,42.01955227428443,2.871687954268765,2.871687954268765,12.438723661101251,33.1682739759182,30.060214742429725,38.3245986268999,0.0147714944644731,0.0237984449113702,0.0,0.0,-3.197821746233436,3.5750049518166707,1898.0526315789475,2.054089977246615,0.0,0.0,0.1287593771698532,0.0,0.1565544753889309,0.2156417596157009,0.0892311741827737,1.785344592754018,0.0200454733173284,0.7586469512895982,0.0413621188411243,0.0439512348227643,0.1528472436597644,299007000.0,858996000.0,264139000.0,1049837000.0,117184500.0,97303500.0,33140500.0,41.98548665979878,77.00511468406604,23.45011722889254,2.1435978753623752,1.168753534998927,3.8379339054694506,0.0424191227201752,0.0145905561360182,2010-06-02,0.06,amc,220300000.0,2025-04-11,2010-04-30,0.1666666666666668,2.1846875,5836900.0
2010-01-31,CPRT,USD,900075,2010-03-12,2010-03-12 16:35:39,2010,Q2,176601000.0,97914000.0,78687000.0,0.4455637284,0,25455000.0,0.0,25455000.0,0.0,25455000.0,123369000.0,63000.0,21000.0,10425000.0,63657000.0,0.3604566226,53232000.0,0.3014252467,-60000.0,53172000.0,0.3010854978,17439000.0,35733000.0,0.2023374726,0.0263,0.0263,1345728000,1358832000,https://www.sec.gov/Archives/edgar/data/900075/000110465910014017/0001104659-10-014017-index.htm,https://www.sec.gov/Archives/edgar/data/900075/000110465910014017/a10-5582_110q.htm,0.1312308282208589,0.0265529141104294,0.0037994304941265,-0.0242166321871879,0.1406599253340942,0.7441496349931042,0.601482617586912,0.7441496349931042,1.560493651020117e-05,2866400640.0,2677110640.0,20.054296028880863,16.230942293644997,560.6103344416194,-87.95607843137255,2.862327547899339,2.862327547899339,15.159091058374528,42.0552435710134,523.5890162331312,-82.14767682346805,0.0124661568593565,-0.0113693108860037,0.0,0.0,-2.973592849176053,3.2702291170306146,2534.8571428571427,0.1430810130124527,0.0,0.0,0.1441384816620517,0.0,0.1672557189763121,7.373753178173284,0.2134868998476792,3.603019877675841,0.0260360926608569,0.6667722101466023,0.0345221358289835,0.0373816034765215,0.118175255326485,253462000.0,809432000.0,218642000.0,1003755000.0,120645000.0,92848500.0,33651000.0,67.05369731768224,84.62007475948282,32.21980513511858,1.342207866235987,1.0635774106299083,2.793312983196873,0.0356822241949705,0.0280160626813145,2010-03-02,0.05,amc,160545454.0,2025-04-11,2010-01-31,0.0,2.246825396825397,5904812.698412699
2009-10-31,CPRT,USD,900075,2009-12-09,2009-12-09 17:07:28,2010,Q1,185461000.0,102876000.0,82585000.0,0.4452957765,0,26093000.0,0.0,26093000.0,0.0,26093000.0,128969000.0,71000.0,142000.0,11316000.0,67808000.0,0.3656186476,56492000.0,0.3046031241,560000.0,57052000.0,0.3076226269,21782000.0,35270000.0,0.1901747537,0.0263,0.0263,1344720000,1359168000,https://www.sec.gov/Archives/edgar/data/900075/000110465909069171/0001104659-09-069171-index.htm,https://www.sec.gov/Archives/edgar/data/900075/000110465909069171/a09-35044_110q.htm,0.137917930870367,0.0262285085370932,0.0577748527574513,0.0402901719317032,0.1623230114819442,0.7160866202629543,0.5816445059194479,0.7160866202629543,0.000105598191445,2702887199.9999995,2484608199.9999995,19.15854267082506,14.573884536371526,34.79022280573039,49.88809686409863,2.806922993843828,2.806922993843828,13.396930891130747,36.64181512505898,31.98064383261896,45.85924804813672,0.0130490092224344,0.0200448616575638,0.0,0.0,-3.219074445493157,2.9000094957743805,397.830985915493,2.202750212645308,0.0,0.0,0.1406926523635697,0.0,0.160937027079958,0.3026347968233128,0.126775979855603,2.2151874882231017,0.0231045880265931,0.6500710659146932,0.0350300145517616,0.0374196464283706,0.1162217785115116,240108000.0,782149000.0,206076000.0,966983000.0,112194500.0,69316000.0,18458000.0,53.24219108060455,81.91648197830398,28.21270267117695,1.6903887344483437,1.0986799948737664,3.190052404725728,0.0366275640333313,0.0174846808257481,2009-12-01,0.05,amc,168636363.0,2025-04-11,2009-10-31,0.0,2.199508196721312,4635147.540983606
2009-07-31,CPRT,USD,900075,2009-09-29,2009-09-29 17:29:31,2009,Q4,184332000.0,104402000.0,79930000.0,0.433619773,0,24541000.0,-307688000.0,24541000.0,430822000.0,24541000.0,128943000.0,1692000.0,1743000.0,11568000.0,68692000.0,0.3726536901,56335000.0,0.3056170388,946000.0,56335000.0,0.3056170388,21708000.0,34627000.0,0.1878512684,0.0256,0.0256,1340720000,1357776000,https://www.sec.gov/Archives/edgar/data/900075/000104746909008622/0001047469-09-008622-index.htm,https://www.sec.gov/Archives/edgar/data/900075/000104746909008622/a2194735z10-k.htm,0.137487320245838,0.0258271674920938,0.0363849275016409,0.0291306163852258,0.1213459931976848,0.6872866817829226,0.5518825705591026,0.6872866817829226,0.001300047735545,2962991200.0,2800300200.0,21.392202616455368,16.074209578369462,60.73943667746301,75.86519868906186,3.2155431766361824,3.2155431766361824,15.191611874226938,40.76603097886217,57.404374564388505,71.69961593609176,0.0116865011276442,0.0131812743824551,0.0,0.0,-2.3684126244686428,3.050017377201112,32.32071141709696,1.408785052126953,0.0,0.0,0.1331347785517436,0.0,0.1715817669030804,0.1993768193186011,0.0527634919601588,0.9156467708529468,0.0445446260009114,0.6319731287986781,0.0362796087371967,0.0395063052414565,0.0853698013007936,212349000.0,739920000.0,179360000.0,924774000.0,115357000.0,61321000.0,4225500.0,55.9895189115292,38.78891208980671,4.023198789295225,1.607443709995291,2.320250688950129,22.3702592671952,0.0375784489597475,0.007254311116415,2009-09-23,0.05,amc,202729999.0,2025-04-11,2009-07-31,0.0,2.125625,5736100.0
2009-04-30,CPRT,USD,900075,2009-06-09,2009-06-09 17:30:07,2009,Q3,197326000.0,111859000.0,85467000.0,0.4331258932,0,20587000.0,165002000.0,20587000.0,0.0,20587000.0,132446000.0,546000.0,66000.0,12471000.0,76424000.0,0.3872981766,64880000.0,0.3287960026,1016000.0,65896000.0,0.3339448425,25384000.0,42069000.0,0.2131954228,0.0313,0.0313,1338096000,1356512000,https://www.sec.gov/Archives/edgar/data/900075/000110465909037456/0001104659-09-037456-index.htm,https://www.sec.gov/Archives/edgar/data/900075/000110465909037456/a09-15254_110q.htm,0.1474677452140952,0.0314394482907056,0.0820247575659743,0.073002983343497,0.0889046824742021,0.6469573184584664,0.515826218746637,0.6469573184584664,4.93238153316354e-05,2622668160.0,2503705160.0,15.58551522498752,13.291042031967404,23.895224541487103,26.848217843067,3.029566161598076,3.029566161598076,12.688166587271825,32.760718622422274,22.81134834224696,25.63039525003839,0.0160405348421967,0.0372464200732127,0.0,0.0,-1.556618339788548,2.549290019409541,983.030303030303,2.769613162078276,0.0,0.0,0.1043298906378277,0.0,0.1744219104440817,0.1099884289840283,0.0611779491805438,1.2196403313800768,-0.0100899019896009,0.676498023721645,0.0444028338552594,0.050653807253287,0.0505120708828066,166826000.0,690225000.0,134210000.0,866476000.0,137192500.0,76364000.0,22520000.0,52.92561547895361,62.472755880170574,3.0445471531124007,1.7004998276456391,1.4406279782603095,29.561046511627907,0.0485958615718541,0.0090217742224773,2009-06-03,0.06,amc,197300000.0,2025-04-11,2009-04-30,0.0,2.19359375,9191950.0
2009-01-31,CPRT,USD,900075,2009-03-12,2009-03-12 17:29:23,2009,Q2,169855000.0,102563000.0,67292000.0,0.3961732066,0,21723000.0,142686000.0,21723000.0,0.0,21723000.0,124286000.0,434000.0,1391000.0,8734000.0,54330000.0,0.319861058,45569000.0,0.2682817697,-1391000.0,44178000.0,0.2600924318,17028000.0,27150000.0,0.1598422184,0.0206,0.02,1335088000,1347296000,https://www.sec.gov/Archives/edgar/data/900075/000110465909017143/0001104659-09-017143-index.htm,https://www.sec.gov/Archives/edgar/data/900075/000110465909017143/a09-7605_110q.htm,0.127223823448342,0.0203357381685701,-0.0056655441439066,-0.026573529235526,0.0168146219575039,0.6155032477259926,0.4853500293613604,0.6155032477259926,0.0084646105724866,2015982880.0,2003443880.0,18.56337826887661,11.86884625121427,-266.52338445267054,-56.82346468233835,2.4532770632466523,2.4532770632466523,11.795024462041154,36.87546254371434,-264.86566367001586,-56.47003438750775,0.0134673762705762,-0.0175983637321364,0.0120596141653615,0.0103697316845006,-0.2307933002024664,2.098630894758678,32.75988497483824,-0.2785695871542739,0.0,0.0,0.1278914368137529,0.0,0.1818271237022139,-3.6903754627181375,0.1643401725000736,2.7569382716049384,0.0,0.5306845013493028,0.0326735416562327,0.0347231103721703,0.0209130409381254,119163000.0,647985000.0,93713000.0,813565000.0,142058500.0,76205500.0,22792500.0,83.90126872921022,65.8851632655051,36.20252917718865,1.072689380782469,1.3660131589462188,2.486014155516773,0.033039205306717,0.0209079850916194,2009-03-04,0.05,bmo,169900000.0,2025-04-11,2009-01-31,-0.2,1.9909523809523808,8952584.126984127
2008-10-31,CPRT,USD,900075,2008-12-10,2008-12-10 16:48:08,2009,Q1,191569000.0,111999000.0,79570000.0,0.4153594788,0,20085000.0,0.0,20085000.0,0.0,20085000.0,132084000.0,0.0,0.0,12544000.0,59485000.0,0.3105147493,59485000.0,0.3105147493,1835000.0,61320000.0,0.3200935433,24066000.0,37254000.0,0.1944677897,0.0281,0.0275,1332528000,1365120000,https://www.sec.gov/Archives/edgar/data/900075/000110465908075796/0001104659-08-075796-index.htm,https://www.sec.gov/Archives/edgar/data/900075/000110465908075796/a08-30073_110q.htm,0.1437635832042553,0.0279573862613018,0.0392967352280777,0.0173834996337788,0.0381005127096766,0.6057118499573743,0.4688366773531213,0.6057118499573743,0.0056876853619586,2904911040.0,2861720040.0,19.49395393783218,15.163784537164156,55.475346421205415,125.40627870834052,3.599071076706545,3.599071076706545,14.938325303154476,48.10826325964529,54.65052402413872,123.54170436884822,0.0128244891106889,0.0079740824008159,0.0093900843484552,0.0079815746628445,-0.7260822055980499,1.9230213384640835,0.0,1.4055940301712568,0.0,0.0,0.1048447295752444,0.0,0.1920780317662248,0.5576350164234971,0.1524254968183787,2.726678494724064,0.007830076891355,0.617266314832492,0.0429064687164264,0.0485601664294317,0.0036243140857077,106021000.0,624738000.0,78450000.0,803319000.0,128259000.0,83106000.0,4831500.0,59.08826584677061,62.13992982080197,3.478691774033697,1.5231450561333206,1.448344088246324,25.871794871794872,0.0461562478318185,0.0219132355942989,2008-12-03,0.05,bmo,191600000.0,2025-04-11,2008-10-31,0.1999999999999999,1.6949180327868854,15648629.50819672
2008-07-31,CPRT,USD,900075,2008-09-29,2008-09-29 17:06:24,2008,Q4,206282000.0,119189000.0,87093000.0,0.4222035854,0,21721000.0,0.0,21721000.0,122537000.0,21721000.0,140910000.0,0.0,0.0,13698000.0,79070000.0,0.3833102258,68022000.0,0.3297524748,2651000.0,68022000.0,0.3297524748,27201000.0,40821000.0,0.1978892972,0.03,0.0294,1362736000,1390832000,https://www.sec.gov/Archives/edgar/data/900075/000104746908010447/0001047469-08-010447-index.htm,https://www.sec.gov/Archives/edgar/data/900075/000104746908010447/a2188134z10-k.htm,0.1513734134858109,0.0299551784057954,0.0393443777811696,0.0199459029481865,0.0285851404820889,0.5863175259184464,0.4402400758474128,0.5863175259184464,0.0128432799896678,3733896640.000001,3712444640.000001,22.867498591411284,18.100932897683755,69.64146225007461,137.37156984658404,4.673235710817076,4.673235710817076,17.996939335472803,46.95136764891868,69.24135780364071,136.5823420771863,0.0109325468634289,0.0072795266234257,0.021904990763408,0.0183028025185961,-0.2713039079296825,1.658866918254686,0.0,1.3134416109355478,0.0,0.0,0.1052976023113989,0.0,0.2081732021120066,0.4930431214562817,0.128149814331837,2.392740767559739,0.0,0.6286279003154105,0.0482804788189668,0.0539117411665887,-0.0128935465123105,84501000.0,599931000.0,55502000.0,793906000.0,130136000.0,94045000.0,6092500.0,57.043949544797904,67.11584122695886,4.027720678921712,1.5777308674835178,1.340965088937142,22.34514435695538,0.0510903684123575,0.019398474832983,2008-09-24,0.06,bmo,189108333.0,2025-04-11,2008-07-31,0.0,1.86578125,18709400.0
2008-04-30,CPRT,USD,900075,2008-06-09,2008-06-09 16:56:56,2008,Q3,221150000.0,132984000.0,88166000.0,0.3986705856,0,19482000.0,0.0,19482000.0,132984000.0,19482000.0,152466000.0,0.0,0.0,11860000.0,68684000.0,0.3105765318,68684000.0,0.3105765318,2190000.0,70874000.0,0.3204793127,24397000.0,46477000.0,0.2101605245,0.0331,0.0325,1393904000,1435312000,https://www.sec.gov/Archives/edgar/data/900075/000110465908038862/0001104659-08-038862-index.htm,https://www.sec.gov/Archives/edgar/data/900075/000110465908038862/a08-16208_110q.htm,0.1586551154168436,0.0333430422755082,0.0616627830897967,0.0410960869615124,0.069118820234392,0.6188733226965415,0.4772731838060584,0.6188733226965415,0.0,3554455199.9999995,3458110199.9999995,19.11943111646621,16.072598688672844,41.353955696202526,62.04970323301445,4.120390888541123,4.120390888541123,15.636944155550529,50.3481189214373,40.23303937081161,60.36781998463793,0.0130757028531404,0.0161161125339264,0.0,0.0,-1.4027284374818008,2.10628345357226,0.0,1.849424421732114,0.0,0.0,0.0880940538096314,0.0,0.1957598280603931,0.3335349962769918,0.1296314718516844,2.964632885211996,0.0,0.6813884249396507,0.0512205763433236,0.057316459567583,0.0368059780300508,142611000.0,665273000.0,125910000.0,838236000.0,134256000.0,95070500.0,7103500.0,52.71236717160299,67.14063345966431,4.636572820790471,1.7073792134397727,1.340469926517282,19.410888921325355,0.0538770068973511,0.0205666961282843,2008-06-03,0.06,bmo,204184615.0,2025-04-11,2008-04-30,0.1666666666666668,2.70984375,10211500.0
2008-01-31,CPRT,USD,900075,2008-03-11,2008-03-11 17:25:52,2008,Q2,173459000.0,104851000.0,68608000.0,0.3955286264,0,21373000.0,0.0,21373000.0,104851000.0,21373000.0,126224000.0,0.0,0.0,14436000.0,47235000.0,0.272312189,47235000.0,0.272312189,3354000.0,50589000.0,0.2916481705,18563000.0,32026000.0,0.1846315268,0.0225,0.0219,1420832000,1461328000,https://www.sec.gov/Archives/edgar/data/900075/000110465908016814/0001104659-08-016814-index.htm,https://www.sec.gov/Archives/edgar/data/900075/000110465908016814/a08-7753_110q.htm,0.1220826952095673,0.0225403144073331,-0.0008424641336906,-0.027833691808743,0.121918002972906,0.6488050663273349,0.5134414202382829,0.6488050663273349,0.0,3637329920.0,3464104920.0,28.39357022419284,20.969392882467904,-3038.705029239766,-91.97486332718032,3.945715181435451,3.945715181435451,19.970741904426983,73.33767164179105,-2893.9890726817043,-87.59463220977571,0.0088048103153645,-0.0108725358627902,0.0,0.0,-3.667301788927702,3.1997628612384306,0.0,-0.0373758820957971,0.0,0.0,0.1232164373137167,0.0,0.1826654497137913,-32.03842940685046,0.2210897099602788,3.4605666847139505,0.0,0.5736253822330368,0.0318151486997612,0.0372146962376274,0.1056300111483975,248604000.0,729514000.0,230558000.0,900254000.0,126937000.0,85621000.0,7564000.0,72.11352538640254,78.05419118558717,6.31410286978665,1.248032175902609,1.1530450656520113,14.253806416530724,0.0347412737309932,0.0269912276750523,2008-03-06,0.05,bmo,192777777.0,2025-04-11,2008-01-31,-0.2,2.6865625,10082900.0
2007-10-31,CPRT,USD,900075,2007-12-10,2007-12-10 16:30:49,2008,Q1,183957000.0,102217000.0,81740000.0,0.4443429715,0,25113000.0,0.0,25113000.0,102217000.0,25113000.0,127330000.0,0.0,0.0,14543000.0,56627000.0,0.3078273727,56627000.0,0.3078273727,3539000.0,60166000.0,0.3270655642,22556000.0,37610000.0,0.204449953,0.0263,0.0256,1416928000,1450976000,https://www.sec.gov/Archives/edgar/data/900075/000110465907088011/0001104659-07-088011-index.htm,https://www.sec.gov/Archives/edgar/data/900075/000110465907088011/a07-31045_110q.htm,0.1298280505431468,0.0265433388287901,0.0393047494297522,0.0252525181237155,0.1763350007904424,0.659241683416518,0.5197462397524786,0.659241683416518,0.0,3400627200.0,3150773200.0,22.604541345386863,18.48598966062721,61.06132299073475,95.04002682988178,3.6405464951214968,3.6405464951214968,17.127770076702706,55.640828580006,56.57496947496948,88.05715882731059,0.0110597245119959,0.0105218825515481,0.0,0.0,-4.41227682907447,3.2574139502166237,0.0,1.480776389258176,0.0,0.0,0.1365155987540566,0.0,0.1834066848723237,0.3575199310493428,0.1082372510967236,1.809432933478735,0.0112037052137184,0.6274676851378085,0.0371596837775871,0.0427370822879168,0.1385511472707152,282407000.0,736443000.0,263920000.0,915816000.0,113995500.0,82695000.0,6885500.0,56.20835303902543,70.70956885840907,6.843088723010849,1.6011855024023396,1.2728121731334363,13.151955738548637,0.0402634413091559,0.0140522313060367,2007-12-04,0.05,bmo,184000000.0,2025-04-11,2007-10-31,0.0,2.481803278688525,13100721.31147541
2007-07-31,CPRT,USD,900075,2007-10-01,2007-10-01 17:12:12,2007,Q4,153982000.0,82465000.0,71517000.0,0.4644503903,0,17657000.0,0.0,17657000.0,293898000.0,17657000.0,100122000.0,0.0,0.0,14819000.0,68679000.0,0.4460196646,58350000.0,0.3789403956,4491000.0,58350000.0,0.3789403956,21615000.0,36735000.0,0.2385668455,0.025,0.025,1441536000,1486688000,https://www.sec.gov/Archives/edgar/data/900075/000110465907072450/0001104659-07-072450-index.htm,https://www.sec.gov/Archives/edgar/data/900075/000110465907072450/a07-24987_110k.htm,0.1068180052388563,0.0254832345498135,0.0380066817616764,-0.0575178143313798,0.1394276660451074,0.6110607019179541,0.4798902004528503,0.6110607019179541,0.0064514517847629,2537103360.0,2448038360.0,17.266253981216824,16.476622981906978,46.30764692998467,-30.599215572762137,2.880237584377193,2.880237584377193,15.898211219493188,35.644641884710026,44.68201723005038,-29.525030272330365,0.0144791105396667,-0.0326805763246476,0.0105577919910633,0.0092505649807429,-1.29683018098691,3.325003283240465,0.0,1.491438682455424,0.0,0.0,0.1146692470548505,0.0,0.1880818903778209,2.5133605899101994,0.8942733566260992,13.331590667053923,0.0222363652894494,0.5919168622372999,0.0404571375707876,0.0450042082334362,0.1140025292465814,247850000.0,691779000.0,229974000.0,857601000.0,109398500.0,74024500.0,2999500.0,66.1068826226442,92.85612077851208,6.547141211423028,1.361431615430183,0.969241437671893,13.74645774295716,0.0417032783647001,0.0955244960930563,2007-09-26,0.04391,bmo,138600000.0,2025-04-11,2007-07-31,0.1386927806877705,2.3596875,8282825.0
2007-04-30,CPRT,USD,900075,2007-06-11,2007-06-11 17:23:52,2007,Q3,145652000.0,72665000.0,72987000.0,0.5011053745,0,15758000.0,0.0,15758000.0,72665000.0,15758000.0,88423000.0,0.0,0.0,14017000.0,57229000.0,0.3929159915,57229000.0,0.3929159915,4796000.0,62025000.0,0.4258437921,23158000.0,38867000.0,0.2668483783,0.0269,0.0256,1460336000,1500560000,https://www.sec.gov/Archives/edgar/data/900075/000110465907046916/0001104659-07-046916-index.htm,https://www.sec.gov/Archives/edgar/data/900075/000110465907046916/a07-16345_110q.htm,0.0997386902740191,0.0266151077560232,0.0449560922965673,0.0300252818529434,0.1705867690723231,0.636276856832948,0.55847215983171,0.636276856832948,0.0,2643208160.0,2522429160.0,17.001621941492782,18.14742097602505,40.2615064507776,60.28253153009328,2.844673636267755,2.844673636267755,17.31819103067586,44.07606563106118,38.4217934227963,57.52797591625425,0.0147044794232172,0.0165885535099135,0.0,0.0,-2.1104509951248493,4.590773244781784,0.0,1.6890758464546671,0.0,0.0,0.108189382912696,0.0,0.1119382325500747,0.3321198458515483,0.1496992832230247,2.364602537685718,0.0,0.6172746430185155,0.0385313854152529,0.0431179083482358,0.1660778752287144,302774000.0,815557000.0,301239000.0,771704000.0,111604000.0,60877000.0,0.0,65.30950484716998,77.9884401018372,0.0,1.378053626506708,1.15401718360411,0.0,0.0418294449502678,0.0149308104436239,2007-06-05,0.05,bmo,145700000.0,2025-04-11,2007-04-30,0.0,1.850952380952381,5457142.857142857
2007-01-31,CPRT,USD,900075,2007-03-12,2007-03-12 17:25:14,2007,Q2,128925000.0,68536000.0,60389000.0,0.4684041109,0,15225000.0,0.0,15225000.0,68536000.0,15225000.0,83761000.0,0.0,0.0,12327000.0,45164000.0,0.350312197,45164000.0,0.350312197,3528000.0,48692000.0,0.377676944,18300000.0,30392000.0,0.2357339538,0.0206,0.02,1452032000,1498912000,https://www.sec.gov/Archives/edgar/data/900075/000110465907018273/0001104659-07-018273-index.htm,https://www.sec.gov/Archives/edgar/data/900075/000110465907018273/a07-7762_110q.htm,0.0887893655236248,0.0209306681946403,0.0052519503702397,-0.0059413291167136,0.2203381192700987,0.6107200116801833,0.5323484606399859,0.6107200116801833,0.0,2671738880.0,2547685880.0,21.97732034745986,20.72320248206321,350.34603724101754,-309.69501333024226,3.012837249164116,3.012837249164116,19.760991894512312,56.40965990611992,334.0789247311828,-295.31539121363164,0.011375363149261,-0.0032289832156052,0.0,0.0,-2.746723053759632,5.853628932375527,0.0,0.2509378084896347,0.0,0.0,0.1180919139034322,0.0,0.1174353242995293,2.1312614739050617,0.1260655419817723,1.847141720650074,0.0,0.5362951643422283,0.0317351649242681,0.0355366808188216,0.2243969141175952,391882000.0,772987000.0,390380000.0,858065000.0,108944500.0,57883000.0,0.0,82.03420593368237,77.19782304190498,0.0,1.0971033238592849,1.1658359841461547,0.0,0.0342721178188625,0.0111932794869534,2007-03-06,0.04143,bmo,128900000.0,2025-04-11,2007-01-31,-0.0345160511706493,1.833968253968254,7843530.158730159
2006-10-31,CPRT,USD,900075,2006-12-11,2006-12-11 17:27:39,2007,Q1,132121000.0,70231000.0,61890000.0,0.4684342383,0,14997000.0,0.0,14997000.0,70231000.0,14997000.0,85228000.0,0.0,0.0,10202000.0,46893000.0,0.3549246524,46893000.0,0.3549246524,1462000.0,48355000.0,0.3659902665,18010000.0,30345000.0,0.2296758275,0.0213,0.02,1448000000,1494000000,https://www.sec.gov/Archives/edgar/data/900075/000110465906080763/0001104659-06-080763-index.htm,https://www.sec.gov/Archives/edgar/data/900075/000110465906080763/a06-25408_110q.htm,0.0912437845303867,0.0209564917127071,0.0372845303867403,0.0227113259668508,0.2166436464088398,0.5826484806629835,0.503932320441989,0.5826484806629835,0.0,2620880000.0,2494235000.0,21.59235458889438,19.83696762815904,48.54560272653183,79.69591923614912,3.106504281862091,3.106504281862091,18.87841448369298,53.18992173671977,46.19980366007261,75.84488840235967,0.0115781722169652,0.0125476939043374,0.0,0.0,-2.7007229223977998,4.761664430673567,0.0,1.779139891250618,0.0,0.0,0.1135095859098856,0.0,0.1213820262889139,0.390864636585908,0.1597172289038078,2.41441647597254,0.0064183589285579,0.5241479097256737,0.0348209844526667,0.0367797674311492,0.2027826312154696,353288000.0,729694000.0,351854000.0,815487000.0,101199000.0,58811500.0,0.0,68.3748230788444,73.01775569193092,0.0,1.3162739726027397,1.2325769143017602,0.0,0.0359676415681393,0.0145732044198895,2006-12-05,0.038,bmo,132100000.0,2025-04-11,2006-10-31,0.0526315789473684,1.83344262295082,6944288.524590164
2006-07-31,CPRT,USD,900075,2006-10-31,2006-10-31 17:19:28,2006,Q4,137220000.0,74244000.0,62976000.0,0.4589418452,0,15779000.0,0.0,15779000.0,298023000.0,15779000.0,90023000.0,0.0,712000.0,7824000.0,55021000.0,0.4009692465,47197000.0,0.343951319,-1496000.0,45701000.0,0.3330491182,14912000.0,31573000.0,0.2300903658,0.0219,0.0213,1446528000,1488816000,https://www.sec.gov/Archives/edgar/data/900075/000110465906069980/0001104659-06-069980-index.htm,https://www.sec.gov/Archives/edgar/data/900075/000110465906069980/a06-21244_210k.htm,0.0948616272896203,0.021826746526856,0.0342406092381205,0.0098332006017166,0.1903281512697991,0.5599407685160606,0.4810173048845235,0.5599407685160606,0.0004922130784886,2415701760.0,2289111760.0,19.1279080226776,17.60458941845212,48.77249666868564,169.8328008998875,2.982458313270861,2.982458313270861,16.682056260020406,41.60432852910707,46.2166719160105,160.93305399325084,0.0130699080999137,0.0058881440728842,0.0,0.0,-2.300757892441068,4.936219744878979,66.28792134831461,1.5687454470591962,0.0,0.0,0.114990526162367,0.0,0.1276007175549482,0.7128205128205128,0.2572948549774085,4.136129334582943,0.0257251129572948,0.5243929037946575,0.0391890069353706,0.0404502011427985,0.1846471343797009,328017000.0,695805000.0,326615000.0,784125000.0,107434000.0,61665500.0,0.0,66.91495408832532,73.51381929852917,0.0,1.3449908353998608,1.2242596134819603,0.0,0.038980456066274,0.0244074086364038,2006-10-04,0.03568,bmo,120050000.0,2025-04-11,2006-07-31,0.1210762331838564,1.8426984126984127,7435022.222222222
2006-04-30,CPRT,USD,900075,2006-06-09,2006-06-09 16:52:24,2006,Q3,149512000.0,80048000.0,69464000.0,0.4646048478,0,16113000.0,0.0,16113000.0,80048000.0,16113000.0,96161000.0,0.0,0.0,9971000.0,53351000.0,0.356834234,53351000.0,0.356834234,338000.0,53689000.0,0.3590949221,20509000.0,34710000.0,0.2321552785,0.0238,0.0231,1444688000,1486144000,https://www.sec.gov/Archives/edgar/data/900075/000110465906040933/0001104659-06-040933-index.htm,https://www.sec.gov/Archives/edgar/data/900075/000110465906040933/a06-13552_110q.htm,0.1034908575415591,0.0240259488553929,0.0459545590466592,0.0173580731618176,0.1743712137153489,0.5364521612971105,0.4573395778188785,0.5364521612971105,0.0,2369288320.0,2245276320.0,17.064882742725437,15.84681042324362,35.68742762464226,94.48053275910196,3.05712255130928,3.05712255130928,15.01736529509337,42.08499034694757,33.819495707184814,89.53528412489533,0.014649968814264,0.0105841909523278,0.0,0.0,-2.3244550242732096,4.351856793655199,0.0,1.912870602472124,0.0,0.0,0.1077706137300016,0.0,0.1313919548250701,0.6222774514234072,0.2763189576756381,5.098482043687524,0.0,0.5385140427978752,0.0424786966341411,0.0459388276400598,0.1672947722968558,314012000.0,660713000.0,312838000.0,749191000.0,118370500.0,60497500.0,0.0,67.92799240194766,70.4805866480112,0.0,1.3249324294386104,1.276947373458612,0.0,0.0447867500380642,0.0285964858848415,2006-05-31,0.05,bmo,149500000.0,2025-04-11,2006-04-30,0.0,1.7019047619047618,5288482.53968254
2006-01-31,CPRT,USD,900075,2006-03-13,2006-03-13 17:07:51,2006,Q2,125099000.0,74524000.0,50575000.0,0.4042798104,0,13560000.0,0.0,13560000.0,74524000.0,13560000.0,88084000.0,0.0,0.0,-9031000.0,37015000.0,0.2958856586,37015000.0,0.2958856586,1709000.0,38724000.0,0.3095468389,12606000.0,7853000.0,0.0627742828,0.0056,0.005,1446416000,1482176000,https://www.sec.gov/Archives/edgar/data/900075/000110465906016192/0001104659-06-016192-index.htm,https://www.sec.gov/Archives/edgar/data/900075/000110465906016192/a06-6823_110q.htm,0.0864889492372872,0.0054292817557327,-0.001424901273216,-0.0151298105109456,0.1398823021869227,0.509961172995874,0.4309375725932235,0.509961172995874,0.0,2270873120.0,2174045120.0,72.29317203616452,18.152608094389244,-1101.8307229500244,-103.76864924145494,3.0786657556235224,3.0786657556235224,17.37859711108802,58.73416506821559,-1054.8496458030083,-99.34404679217694,0.0034581412456896,-0.009636821981494,0.0,0.0,-2.615912467918412,4.263633217606805,0.0,-0.2624140565317036,0.0,0.0,0.1083941518317492,0.0,0.137983360052537,-9.618146530810286,0.158458500867313,2.6342857142857143,0.0,0.2495921975648844,0.0337922445376644,0.0109975674551547,0.1413825621397993,292353000.0,623315000.0,291180000.0,717592000.0,108045000.0,60277500.0,0.0,89.13452545583897,70.41651011754603,0.0,1.0097097565700264,1.2781093503464362,0.0,0.010646461031214,0.0137049092377296,2006-03-07,0.03828,bmo,125100000.0,2025-04-11,2006-01-31,0.044932079414838,1.605873015873016,5597815.873015873
2005-10-31,CPRT,USD,900075,2005-12-12,2005-12-12 16:21:15,2006,Q1,119025000.0,70969000.0,48056000.0,0.403747112,0,13830000.0,0.0,13830000.0,70969000.0,13830000.0,84799000.0,0.0,0.0,9714000.0,43940000.0,0.3691661416,34226000.0,0.2875530351,2422000.0,36648000.0,0.3079017013,13835000.0,22813000.0,0.1916656165,0.0156,0.0156,1446160000,1483680000,https://www.sec.gov/Archives/edgar/data/900075/000110465905060248/0001104659-05-060248-index.htm,https://www.sec.gov/Archives/edgar/data/900075/000110465905060248/a05-21619_110q.htm,0.0823041710460806,0.015774879681363,0.0194203960834209,0.004729767107374,0.1766664822702882,0.5083510814847596,0.4245297892349394,0.5083510814847596,0.0,2111393600.0,2005625600.0,23.138052864594748,17.739076664566266,75.17869325262595,308.68327485380115,2.8720308723170698,2.8720308723170698,16.850456626759083,45.64464269458352,71.41269716930746,293.22011695906434,0.0108047121105226,0.0032395665119,0.0,0.0,-2.4071005917159765,3.951856862406038,0.0,1.2310963047385264,0.0,0.0,0.1161940768746061,0.0,0.1452486453972263,0.7564536229303899,0.178491913463558,2.913466812945694,0.0060743541272841,0.424772275215838,0.0289375907313026,0.031980407742138,0.1557424489683022,290200000.0,613938000.0,289106000.0,718336000.0,91758500.0,59606000.0,0.0,69.71190926275992,78.93911426115628,0.0,1.2910276156799791,1.140119202531849,0.0,0.0310314667479191,0.0146906289760469,2005-12-02,0.0324,bmo,136150000.0,2025-04-11,2005-10-31,-0.074074074074074,1.6082258064516128,6555896.774193549
2005-07-31,CPRT,USD,900075,2005-10-14,2005-10-14 16:33:50,2005,Q4,112561000.0,82410000.0,30151000.0,0.2678636473,0,16990000.0,0.0,16990000.0,-24254000.0,-7264000.0,75146000.0,0.0,0.0,9490000.0,46905000.0,0.4167073853,39863000.0,0.3541457521,0.0,39863000.0,0.3541457521,14874000.0,24989000.0,0.2220040689,0.0169,0.0169,1444272000,1490288000,https://www.sec.gov/Archives/edgar/data/900075/000110465905048573/0001104659-05-048573-index.htm,https://www.sec.gov/Archives/edgar/data/900075/000110465905048573/a05-17564_110k.htm,0.0779361505312018,0.0173021425327085,0.0223496682065428,0.0056720617722977,0.1748617988855285,0.4911671762659665,0.4092483964239423,0.4911671762659665,0.0,2209736160.0,1957188160.0,22.107088719036376,19.63145458906726,68.45739211251899,269.74318359375,3.1150290042417383,3.1150290042417383,17.387800037313102,41.72664236222151,60.63348183029214,238.9145703125,0.0113085898906591,0.0037072299165344,0.0,0.0,-5.3842447500266495,4.695085568773327,0.0,1.2917283604786105,0.0,0.0,0.1509403789945007,0.0,0.1490974483572098,0.7462127079525388,0.2139906361883778,3.4204771371769382,0.0,0.4372762296886131,0.0350272000807381,0.0370089527039535,0.1640212162251985,296017000.0,591066000.0,291979000.0,707279000.0,92835500.0,53693000.0,0.0,73.01880757989002,62.21150345831817,0.0,1.2325591581529296,1.4466777846045815,0.0,0.0352265855064782,0.016677606434245,2005-09-28,0.02889,bmo,110600000.0,2025-04-11,2005-07-31,0.0384215991692627,1.4828571428571429,8947504.761904761
2005-04-30,CPRT,USD,900075,2005-06-09,2005-06-09 16:23:21,2005,Q3,130426000.0,61947000.0,68479000.0,0.5250410194,0,11672000.0,0.0,11672000.0,9054000.0,20726000.0,82673000.0,0.0,0.0,10979900.0,58732900.0,0.4503158879,47753000.0,0.3661309862,1926000.0,49679000.0,0.3808979805,18774000.0,30905000.0,0.2369542883,0.0213,0.0206,1442864000,1489600000,https://www.sec.gov/Archives/edgar/data/900075/000110465905027563/0001104659-05-027563-index.htm,https://www.sec.gov/Archives/edgar/data/900075/000110465905027563/a05-10584_110q.htm,0.0903938278313132,0.0214192051364508,0.039220120538041,0.0275295523348007,0.1690408798057197,0.4726765654975105,0.3911165570698278,0.4726765654975105,0.0,1962295040.0,1718392040.0000002,15.87360491829801,15.045275021851474,34.67607904674559,49.40145714904309,2.8772317040269324,2.8772317040269324,13.17522610522442,29.257742083227637,30.36602396566136,43.261114663632206,0.0157494155415079,0.0202423178932358,0.0,0.0,-4.152749140600924,4.6888357135622405,0.0,1.831096341644933,0.0,0.0,0.089491359084845,0.0,0.1527885071051589,0.2980757846448003,0.129329274837839,1.863053490760888,0.0,0.4772819053668857,0.042976728849553,0.0473614442137203,0.1569496501402765,291359000.0,564328000.0,282136000.0,684589000.0,97026950.0,49275200.0,0.0,65.10450370324935,73.25439488595089,0.0,1.3823928435154955,1.2285952281787351,0.0,0.0453147177159212,0.0116905682032402,2005-06-01,0.03709,bmo,127800000.0,2025-04-11,2005-04-30,0.0784578053383662,1.49375,5781250.0
2005-01-31,CPRT,USD,900075,2005-03-14,2005-03-14 17:11:12,2005,Q2,110014500.0,54536200.0,55478300.0,0.5042817083,0,11259900.0,0.0,11259900.0,7594800.0,18854700.0,73390900.0,0.0,0.0,9455900.0,46079500.0,0.4188493335,36623600.0,0.3328979362,1861100.0,38484700.0,0.3498147971,14932100.0,23552600.0,0.214086325,0.0163,0.0156,1441968000,1489936000,https://www.sec.gov/Archives/edgar/data/900075/000110465905010901/0001104659-05-010901-index.htm,https://www.sec.gov/Archives/edgar/data/900075/000110465905010901/a05-5033_110q.htm,0.0762946889251356,0.0163336495678128,0.0121796045404613,0.0028904941025043,0.1436751717097744,0.4508605600124274,0.3711743256438423,0.4508605600124274,0.000106937185846,2076433920.0,2076588120.0,22.04038959605309,18.874184039376622,118.23043968432918,498.18472168905953,3.1938921425291844,3.1938921425291844,18.87558567279768,45.06533534435052,118.23921970551058,498.2217178502879,0.01134281219987,0.0020072875711835,0.0002371846094567,0.0002106298693644,0.0033463904773272,4.586890129756212,0.0,0.7456756366600715,0.0,0.0,0.1023492357825559,0.0,0.1569547674404468,0.7626775078860761,0.1217530416445104,1.7636540791067572,0.0,0.4070558485045932,0.0340915858298648,0.038161335444208,0.1386931090010319,268250600.0,535221500.0,261073600.0,650763500.0,95208000.0,45022300.0,0.0,81.56680255784465,79.426986111977,0.0,1.103390070196448,1.1331161410696995,0.0,0.0362277187593491,0.009289110437957,2005-03-01,0.02664,bmo,107700000.0,2025-04-11,2005-01-31,0.126126126126126,1.49390625,6258650.0
2004-10-31,CPRT,USD,900075,2004-12-09,2004-12-09 13:13:00,2005,Q1,104109900.0,52724300.0,51385600.0,0.4935707363,0,8712600.0,0.0,8712600.0,7605300.0,16317900.0,69042200.0,0.0,0.0,9579700.0,44647400.0,0.4288487454,35067700.0,0.3368334808,1974400.0,37042100.0,0.3557980557,14372300.0,22669800.0,0.2177487444,0.0156,0.015,1441296000,1482144000,https://www.sec.gov/Archives/edgar/data/900075/000110465904038939/0001104659-04-038939-index.htm,https://www.sec.gov/Archives/edgar/data/900075/000110465904038939/a04-14559_110q.htm,0.0722335314883271,0.0157287607819629,0.0205093887723271,0.0122470332256524,0.1387926560539958,0.4338949112465448,0.353950333588659,0.4338949112465448,1.0129772094004283e-05,1715142240.0,1515115540.0,18.91439536299394,16.474343362158642,58.02220696141082,97.1663894491151,2.7425995768911573,2.7425995768911573,14.553040008683132,33.93513485667698,51.255426740775576,85.83445919916608,0.0132174460352629,0.0102916245593718,2.3346141730268912e-05,2.0635739064754384e-05,-4.480142180731689,4.4587361628824445,0.0,1.303941808044182,0.0,0.0,0.0836865658309152,0.0,0.1628581007431127,0.4028572298469897,0.1143839346690372,1.5658159441442152,0.0,0.3918598709091406,0.0338031035069936,0.0382750513011775,0.1290050586416669,251179300.0,510147200.0,241661600.0,628063100.0,86171400.0,42997600.0,0.0,78.41626012511777,71.5489442249589,0.0,1.1477211468182704,1.2578801962056725,0.0,0.0362501619038938,0.0082623555466746,2004-11-30,0.02594,bmo,84750000.0,2025-04-11,2004-10-31,0.1565150346954509,1.4762295081967212,5982478.68852459
2004-07-31,CPRT,USD,900075,2004-10-14,2004-10-14 14:37:40,2004,Q4,100076300.0,49097300.0,50979000.0,0.5094013268,0,9241500.0,0.0,9241500.0,7675500.0,16917000.0,66014300.0,0.0,0.0,9257900.0,43319900.0,0.4328687212,34062000.0,0.3403603051,1582400.0,35644400.0,0.3561722406,14195200.0,21449200.0,0.2143284674,0.015,0.015,1439040000,1479040000,https://www.sec.gov/Archives/edgar/data/900075/000095013404015006/0000950134-04-015006-index.htm,https://www.sec.gov/Archives/edgar/data/900075/000095013404015006/f02285e10vk.htm,0.0695437930842784,0.0149052145875027,0.0171524766511007,0.0077564209472981,0.1239160134534133,0.4185174143873693,0.3381639148321103,0.4185174143873693,1.1257505003335555e-05,2000265600.0,1821961700.0,23.313988400499785,19.98740560951993,81.03785991224765,179.2063645648551,3.321247700133812,3.321247700133812,18.20572603103832,42.0583080755034,73.8141359877811,163.2318891218262,0.0107231759622322,0.0055801589548907,2.689853424573604e-05,2.4070496242996712e-05,-4.115981338830422,4.636128826127118,0.0,1.1507701918952689,0.0,0.0,0.0923445411151291,0.0,0.1718097046000352,0.5477958603254859,0.1351099111378018,1.7616181356263436,0.0,0.3746425857749458,0.0336122346652531,0.0384814112601705,0.1172898772792973,229887700.0,486631400.0,222351100.0,603186500.0,83012050.0,45711800.0,0.0,73.41341556392472,80.80281400402875,0.0,1.2259339700879672,1.1138225952813068,0.0,0.0356143235026939,0.0093960557038025,2004-09-14,0.02786,bmo,90300000.0,2025-04-11,2004-07-31,0.0768126346015793,1.38890625,9502275.0
2004-04-30,CPRT,USD,900075,2004-06-14,2004-06-14 15:27:35,2004,Q3,116618400.0,58053000.0,58565400.0,0.5021969089,0,10515200.0,0.0,10515200.0,7651700.0,18166900.0,76219900.0,0.0,0.0,7807900.0,48206400.0,0.4133687308,40398500.0,0.3464161745,156000.0,40554600.0,0.3477547282,15590200.0,24964400.0,0.2140691349,0.0175,0.0169,1429968000,1471584000,https://www.sec.gov/Archives/edgar/data/900075/000110465904016815/0001104659-04-016815-index.htm,https://www.sec.gov/Archives/edgar/data/900075/000110465904016815/a04-6911_110q.htm,0.0815531536370044,0.0174580130464457,0.0420318496637687,0.0353903723719691,0.1158341305539704,0.4029147505398722,0.3223270031217481,0.4029147505398722,1.2517762635247782e-05,1687362240.0,1521741040.0,16.8976847030171,14.469090983927064,28.073948908728504,33.34240136265465,2.9286592223761927,2.9286592223761927,13.048893142077064,31.56719937601646,25.318381078194204,30.06971432862187,0.0147949263105472,0.0299918409931942,3.1068017784097066e-05,2.7171046290203476e-05,-3.4356682930067377,3.976703829572774,0.0,2.388679800175661,0.0,0.0,0.0901675893341016,0.0,0.174923704764572,0.1580105882783566,0.081437406104011,1.2411589429938057,0.0,0.3978279111116227,0.0424822542688815,0.0459282982517207,0.1023088278898548,218536200.0,460917300.0,209317400.0,585374000.0,89653700.0,43642300.0,0.0,65.12888189170835,73.39713709885794,0.0,1.3818754043658477,1.2262058652067016,0.0,0.0433292973837604,0.0066414772917995,2004-05-25,0.02278,bmo,83285714.0,2025-04-11,2004-04-30,0.3169446883230903,1.363125,11773025.0
2004-01-31,CPRT,USD,900075,2004-03-12,2004-03-12 16:25:29,2004,Q2,92635000.0,50142000.0,42493000.0,0.4587143088,0,8591000.0,0.0,8591000.0,8082000.0,16673000.0,66815000.0,0.0,0.0,10969400.0,36789400.0,0.3971436282,25820000.0,0.2787283424,2888000.0,28708000.0,0.3099044638,11340000.0,17368000.0,0.1874885303,0.0125,0.0119,1424380800,1463758400,https://www.sec.gov/Archives/edgar/data/900075/000110465904007229/0001104659-04-007229-index.htm,https://www.sec.gov/Archives/edgar/data/900075/000110465904007229/a04-3419_110q.htm,0.0650352770832069,0.0121933685149364,0.0044130052862268,-0.0168405106274951,0.0741227345945691,0.3858237909412988,0.3046116600279925,0.3858237909412988,1.4041188985417384e-05,1495599840.0,1390040840.0,21.528095347766005,16.145083823608786,237.9330936396322,-62.3496533582354,2.721449596040469,2.721449596040469,15.0055685216171,37.78373227070841,221.139845365745,-57.94903302997837,0.0116127319189871,-0.0160385815499953,3.6392750564087634e-05,3.2288582434365385e-05,-2.86927756364605,4.122160824742268,0.0,0.3619205545863345,0.0,0.0,0.0927403249311815,0.0,0.1867523175130042,4.816109325781921,0.3267998056889944,3.7460217289083575,0.0,0.3253476025076622,0.0279543772749022,0.0344783091176546,0.0750585798404471,189281000.0,433883000.0,180052000.0,558789000.0,86902300.0,39383900.0,0.0,92.21611701840555,71.69019983247577,0.0,0.9759682245353788,1.2554017175333616,0.0,0.0316034645898537,0.0212535159137219,2004-02-24,0.0172,bmo,74080000.0,2025-04-11,2004-01-31,0.1627906976744186,1.354516129032258,14102838.70967742
2003-10-31,CPRT,USD,900075,2003-12-15,2003-12-15 09:29:34,2004,Q1,91466600.0,51661900.0,39804700.0,0.4351828974,0,8118000.0,0.0,8118000.0,7399600.0,15517600.0,67179500.0,0.0,0.0,8304400.0,32591500.0,0.3563213238,24287100.0,0.2655297125,904800.0,25191900.0,0.275421848,9950800.0,15241100.0,0.1666302235,0.0106,0.0106,1431875200,1458931200,https://www.sec.gov/Archives/edgar/data/900075/000110465903028482/0001104659-03-028482-index.htm,https://www.sec.gov/Archives/edgar/data/900075/000110465903028482/a03-6257_110q.htm,0.0638788911212373,0.0106441539039156,0.0168507702347243,0.0089870262436279,0.0834315029689738,0.3705758714167268,0.289498204871486,0.3705758714167268,1.4805759608099924e-05,1115974893.376,996532593.376,18.30535350755523,12.200900584213253,46.2518917024892,86.72279115158956,2.1031590562558704,2.1031590562558704,10.895043582859753,30.57645684844208,41.30157215938196,77.44088911324728,0.0136572068874177,0.0115309941795118,3.9953382694606895e-05,3.541773971001893e-05,-3.664829786907629,3.987007255489328,0.0,1.5831009572799863,0.0,0.0,0.088753709004161,0.0,0.1939507168834527,0.4666697059871851,0.1231039526996739,1.52169036164117,0.0,0.297910219176582,0.0272160820515761,0.0315892778308603,0.0772960171389238,175297300.0,414525300.0,166032200.0,539883500.0,77229700.0,38567900.0,0.0,77.62367902600512,67.64002098258098,0.0,1.159440020484582,1.330573212317265,0.0,0.0287232783484326,0.0078637439910964,2003-12-02,0.01882,bmo,91500000.0,2025-04-11,2003-10-31,0.0626992561105207,1.150483870967742,9643664.516129032
2003-07-31,CPRT,USD,900075,2003-10-17,2003-10-17 17:25:35,2003,Q4,87216100.0,51331300.0,35884800.0,0.4114469691,0,7720500.0,0.0,7720500.0,7153200.0,14873700.0,66205000.0,0.0,0.0,8004800.0,29015900.0,0.3326897213,21011100.0,0.240908502,852100.0,21863200.0,0.2506784871,8526800.0,13336400.0,0.1529121343,0.0094,0.0094,1436761600,1461024000,https://www.sec.gov/Archives/edgar/data/900075/000104746903033615/0001047469-03-033615-index.htm,https://www.sec.gov/Archives/edgar/data/900075/000104746903033615/a2120542z10-k.htm,0.0607032509777544,0.0092822636685167,0.0096618673550295,0.003532457994423,0.0812566260122765,0.3658501869760439,0.2844357755663848,0.3658501869760439,7.47514410184682e-05,842301488.0000001,725662488.0000001,15.78952131009868,9.657637615073366,60.676676511691575,165.9609260536323,1.6024318720339703,1.6024318720339703,8.32028132420505,25.00913251010653,52.27437997954157,142.9792303903218,0.0158332855752951,0.0060255147026405,0.0002043225442532,0.0001829329361724,-4.019830506722177,4.16668112365896,0.0,1.0408955940133768,0.0,0.0,0.0885215000441432,0.0,0.1992386651414306,0.6343917935714388,0.1009733294655459,1.231213387951403,0.0,0.2764202465820392,0.024045844206199,0.0283676357446164,0.0779277508530294,171582500.0,408666400.0,164305300.0,532916700.0,71825100.0,36707650.0,0.0,77.98298708609993,67.16779041247739,0.0,1.1540978790749867,1.3399279542666214,0.0,0.0253717614448685,0.0061294093606065,2003-09-16,0.01867,bmo,87200000.0,2025-04-11,2003-07-31,0.0712372790573112,0.823459375,9173800.0
2003-04-30,CPRT,USD,900075,2003-06-16,2003-06-16 17:29:18,2003,Q3,93928700.0,55012300.0,38916400.0,0.4143185203,0,7909400.0,0.0,7909400.0,6398300.0,14307700.0,69320000.0,0.0,0.0,7270400.0,31879100.0,0.3393967978,24608700.0,0.2619934056,872100.0,25480800.0,0.2712781078,10058000.0,15422800.0,0.1641968855,0.0106,0.0106,1459121600,1481592000,https://www.sec.gov/Archives/edgar/data/900075/000110465903012392/0001104659-03-012392-index.htm,https://www.sec.gov/Archives/edgar/data/900075/000110465903012392/j2075_10q.htm,0.064373455920329,0.0105699209716311,0.0308358809848336,0.0255082921121858,0.0760028499338232,0.3504799051703436,0.2703090681407225,0.3504799051703436,0.0001317230859991,766038840.0,655333640.0,12.41731138314703,8.15553542208079,17.025620259016343,20.58154257019804,1.4979460798040176,1.4979460798040176,6.976926541089146,20.556842570837947,14.565138365045462,17.607171471022067,0.0201331828031069,0.0485872230708301,0.0003758363434135,0.0003362617144868,-3.4726576346258207,3.932873888769435,0.0,2.917323702570221,0.0,0.0,0.0842064246604073,0.0,0.2046595166439051,0.1727723905559272,0.0827606471717377,1.2149477204882546,0.0,0.2887079151069373,0.0287656167666911,0.0339261187207379,0.0697482307163433,158226200.0,394413800.0,151989600.0,517629400.0,75710650.0,34306300.0,0.0,65.23188333278327,57.43382843473187,0.0,1.379693416804496,1.5670207341702205,0.0,0.0301584222538917,0.0053275888726477,2003-05-21,0.01804,bmo,93900000.0,2025-04-11,2003-04-30,0.1086474501108647,0.6077165625000001,7218825.0
2003-01-31,CPRT,USD,900075,2003-03-17,2003-03-17 16:52:34,2003,Q2,82783400.0,48197600.0,34585800.0,0.4177866577,0,6475800.0,0.0,6475800.0,6363200.0,12839000.0,61036600.0,0.0,0.0,7131100.0,28877900.0,0.3488368441,21746800.0,0.262695178,767900.0,22514700.0,0.2719711923,8758200.0,13756500.0,0.1661746195,0.0094,0.0094,1477854400,1505404800,https://www.sec.gov/Archives/edgar/data/900075/000110465903004397/0001104659-03-004397-index.htm,https://www.sec.gov/Archives/edgar/data/900075/000110465903004397/j8556_10q.htm,0.056015937699952,0.0093084271359884,9.351394832941594e-05,-0.0223517282893362,0.0636082959187319,0.3493832680675444,0.2699625213417506,0.3493832680675444,0.0001864865713428,949521452.0,855793252.0,17.25586908007124,11.469949917495535,6870.632793053545,-28.74498077656618,1.8389546916591009,1.8389546916591009,10.337739836730552,29.63488522364853,6192.425846599132,-25.90753534387241,0.0144878243361688,-0.034788682162391,0.0005337593078636,0.0004821363749677,-3.245672296115715,4.044549888715253,0.0,0.0100461599970922,0.0,0.0,0.0782258278833679,0.0,0.205331840506628,240.0202604920405,0.4006938589137436,5.212911742519487,0.0,0.2705082172507078,0.0255975165499534,0.0302839712563692,0.0684947887965147,160729400.0,398965300.0,158237000.0,518830000.0,74921700.0,32871250.0,0.0,90.60718694810797,62.56674606204459,0.0,0.9932986888947816,1.4384638112832513,0.0,0.0266424525349306,0.0224452422376656,2003-02-18,0.02133,bmo,82800000.0,2025-04-11,2003-01-31,-0.0623534927332394,0.5561920634920635,9006222.222222222
2002-10-31,CPRT,USD,900075,2002-12-16,2002-12-16 16:08:51,2003,Q1,83494900.0,47568500.0,35926400.0,0.4302825682,0,6598100.0,0.0,6598100.0,5630800.0,12228900.0,59797400.0,0.0,0.0,6241600.0,29939100.0,0.3585739967,23697500.0,0.2838197303,610800.0,24308300.0,0.2911351472,9601800.0,14706500.0,0.1761365065,0.01,0.01,1475982400,1504900800,https://www.sec.gov/Archives/edgar/data/900075/000104746902007100/0001047469-02-007100-index.htm,https://www.sec.gov/Archives/edgar/data/900075/000104746902007100/a2096354z10-q.htm,0.0565690349695226,0.009963872197934,0.0135954195659785,-0.0006123379248966,0.0851494570666967,0.339426405084505,0.259607770390758,0.339426405084505,0.0002237154047365,984303142.912,858954242.9120001,16.732450666576007,11.7887816251292,49.0518146029721,-1089.0718554016375,1.9647263442393963,1.9647263442393963,10.287505499281991,28.69004889632621,42.80517092641504,-950.3808839477762,0.0149410271682072,-0.000918213059166,0.000659098412455,0.0005924892389276,-4.1867958622670685,4.201499024797994,0.0,1.3644714921973278,0.0,0.0,0.0790239882915004,0.0,0.2113921577176926,1.0450400167442415,0.2511578551504343,3.724231015131065,0.0,0.2758532757091886,0.0284573781244192,0.0334619798734376,0.0807820777537726,172352700.0,383176500.0,169865400.0,503474700.0,65286700.0,32064800.0,0.0,71.68264169428312,60.991160116463625,0.0,1.2555340856973152,1.4756236777287646,0.0,0.0293550296873733,0.0142077574908752,2002-11-20,0.02,bmo,83500000.0,2025-04-11,2002-10-31,0.0,0.5837726229508197,13503632.786885248
2002-07-31,CPRT,USD,900075,2002-10-29,2002-10-29 15:05:07,2002,Q4,82632700.0,47574500.0,35058200.0,0.4242654542,0,5846000.0,0.0,5846000.0,4906800.0,10752800.0,58327300.0,0.0,0.0,6105700.0,30411100.0,0.3680274274,25504300.0,0.308646577,0.0,25504300.0,0.308646577,9969100.0,15535200.0,0.1880030545,0.0106,0.0106,1470208000,1509072000,https://www.sec.gov/Archives/edgar/data/900075/000091205702040105/0000912057-02-040105-index.htm,https://www.sec.gov/Archives/edgar/data/900075/000091205702040105/a2091466z10-k.htm,0.0562047683048929,0.0105666681177085,0.0129489160717395,-0.0021050082709385,0.0902525356956294,0.3307130691711649,0.2544745369362702,0.3307130691711649,0.0002783279644784,1222110400.0,1089829600.0,19.66679540656059,14.789670433133614,64.19456233979074,-394.8915600361898,2.513508166106903,2.513508166106903,13.18884170552336,35.83657283031525,57.24616548304408,-352.14863642238595,0.0127117811942358,-0.0025323407770689,0.0008415995327189,0.0007636499631611,-4.349753872763563,4.803606652156169,0.0,1.225449302229775,0.0,0.0,0.0707468108872153,0.0,0.2091760791687786,1.1625625078791444,0.2678406974478626,4.510556778348414,0.0,0.2804051408100621,0.0317611607813696,0.0366602786334092,0.089180119411675,178946000.0,374130500.0,176361800.0,488801200.0,64052500.0,32941100.0,0.0,69.78437107827773,60.33496936383988,0.0,1.289687054699486,1.4916722582101627,0.0,0.0319511658374758,0.015053924342678,2002-09-17,0.02,bmo,82600000.0,2025-04-11,2002-07-31,0.0,0.70995375,8752750.0
2002-04-30,CPRT,USD,900075,2002-06-10,2002-06-10 16:24:54,2002,Q3,90158100.0,53013700.0,37144400.0,0.4119918233,0,6892300.0,0.0,6892300.0,4241000.0,11133300.0,64147000.0,0.0,0.0,5222400.0,31233500.0,0.3464303263,26011100.0,0.2885054144,981400.0,26992500.0,0.2993907369,10392100.0,16600400.0,0.1841254419,0.0113,0.0113,1453288000,1496252800,https://www.sec.gov/Archives/edgar/data/900075/000091205702023594/0000912057-02-023594-index.htm,https://www.sec.gov/Archives/edgar/data/900075/000091205702023594/a2082006z10-q.htm,0.0620373250174776,0.0114226498808219,0.02974118000011,0.0117745415912055,0.0990999719257298,0.3114776286599765,0.2427446590077121,0.3114776286599765,0.0003350333863625,1397888661.4399998,1254354761.4399998,21.052032804028816,15.50485936859805,32.341689199838044,81.69150302364449,3.088119054129672,3.088119054129672,13.912834913779236,40.16055714025005,29.020874809185027,73.30349591743708,0.0118753377560838,0.0122411751894265,0.0010756258412646,0.0009550011836993,-4.595511229929403,4.296431592017419,0.0,2.603718005096294,0.0,0.0,0.0764468195314675,0.0,0.1959209739952922,0.6040997165827983,0.2896101404089039,6.1567319028531005,0.0,0.2829359427548235,0.0351895729968763,0.0404933730288923,0.0928033707014714,183186000.0,352777900.0,181581400.0,453186900.0,70506600.0,31347300.0,0.0,63.92081243948132,57.701914788064215,0.0,1.4079921165772078,1.5597402673821965,0.0,0.0366724567987881,0.0179666384089044,2002-05-21,0.01904,bmo,72160000.0,2025-04-11,2002-04-30,0.0504201680672268,0.82990421875,14857675.0
2002-01-31,CPRT,USD,900075,2002-03-18,2002-03-18 00:00:00,2002,Q2,71382300.0,43132600.0,28249700.0,0.3957521683,0,5403900.0,0.0,5403900.0,3686700.0,9090600.0,52223200.0,0.0,0.0,4600200.0,22845800.0,0.3200485274,19159100.0,0.2684012703,913600.0,20072700.0,0.2811999613,7577500.0,12495200.0,0.1750461949,0.0088,0.0088,1425992000,1479947200,https://www.sec.gov/Archives/edgar/data/900075/000091205702010280/0000912057-02-010280-index.htm,https://www.sec.gov/Archives/edgar/data/900075/000091205702010280/a2073629z10-q.htm,0.0500579947152578,0.0087624615004852,0.0017925766764469,-0.0124344316097145,0.0865648615139495,0.3040681153891466,0.2337407222480911,0.3040681153891466,0.0003949531273667,2010648720.0,1887771120.0,40.22842211409181,28.167328875645644,786.5772318284953,-113.39480920852272,4.637118884350898,4.637118884350898,26.44592735173845,82.63099212984443,738.5068148032235,-106.464865718443,0.0062145117024718,-0.0088187458224925,0.001298896883224,0.001161821857145,-5.378564112440799,4.743054881991594,0.0,0.204569645072226,0.0,0.0,0.0757036408185222,0.0,0.2068799987787668,7.936624677255301,0.2842105115693946,5.5030651548852605,0.0,0.2448441667244831,0.0273806148229387,0.0324998387388755,0.0911777029604654,185236300.0,333312400.0,183567100.0,434183500.0,72192550.0,29044350.0,0.0,97.05780004286775,59.89720072520553,0.0,0.9272825054786886,1.5025743926314543,0.0,0.0288174295725517,0.0142270082861614,2002-02-25,0.02,bmo,71400000.0,2025-04-11,2002-01-31,0.0,1.05520546875,12796375.0
2001-10-31,CPRT,USD,900075,2001-12-13,2001-12-13 00:00:00,2002,Q1,72282500.0,43231500.0,29051000.0,0.4019091758,0,5113400.0,0.0,5113400.0,3473800.0,8587200.0,51818700.0,0.0,0.0,4097900.0,24561700.0,0.3398014734,20463800.0,0.2831086363,624100.0,21087900.0,0.2917428147,8329700.0,12758200.0,0.1765046865,0.0096,0.0092,1330951200,1379714400,https://www.sec.gov/Archives/edgar/data/900075/000091205701543027/0000912057-01-543027-index.htm,https://www.sec.gov/Archives/edgar/data/900075/000091205701543027/a2065821z10-q.htm,0.0543089032866118,0.0095857759473074,0.0129042296967762,-0.0001738606193825,0.0100295187381776,0.2185624837334381,0.1431259087485702,0.2185624837334381,0.000479656955116,1623760464.0,1611050064.0,31.81797714411124,22.464088320132813,94.54264444043342,-7017.115229040623,5.581927781750179,5.581927781750179,22.28824492788711,65.59196081704442,93.80258772976843,-6962.186966292135,0.0078571933994323,-0.0001425087044119,0.002194598756944,0.0018450845721565,-0.5174886103160612,2.377165513978688,0.0,1.3461851985389788,0.0,0.0,0.0707418808148583,0.0,0.290180011352588,1.0134731497708866,0.2408093245253,5.010737520870516,0.0,0.2171164376319877,0.0416182256304325,0.0519474914290833,0.0066104226811621,67244100.0,190493600.0,60967600.0,297172500.0,66156150.0,28076350.0,0.0,83.92695327361395,61.16977204121994,0.0,1.0723611008085454,1.4713149484904484,0.0,0.0438582861228755,0.0130780903161588,2001-11-26,0.01819,bmo,54225000.0,2025-04-11,2001-10-31,0.0995052226498075,1.2748333333333333,18942586.666666668
2001-07-31,CPRT,USD,900075,2001-10-03,2001-10-03 00:00:00,2001,Q4,68631100.0,39363300.0,29267800.0,0.4264509821,0,5082200.0,0.0,5082200.0,3916700.0,8998900.0,48362200.0,0.0,0.0,5344900.0,25613800.0,0.373209813,20268900.0,0.2953311254,1427900.0,21697100.0,0.3161409332,8765700.0,12931400.0,0.1884189529,0.01,0.0092,1325760000,1354968000,https://www.sec.gov/Archives/edgar/data/900075/000091205701534314/0000912057-01-534314-index.htm,https://www.sec.gov/Archives/edgar/data/900075/000091205701534314/a2059632z10-k405.htm,0.0517673636253922,0.0097539524499155,0.009458800989621,0.0024373189717595,0.0114992155442915,0.2030174390538257,0.1371087527154236,0.2030174390538257,0.0005371258749698,1564396800.0,1549863700.0,30.2441498986962,22.79428422391598,124.7515410562914,484.13852010026926,5.812308565704782,5.812308565704782,22.58252745475448,60.50893268472464,123.59261090421928,479.6409185157676,0.0082660613982334,0.0020655245523386,0.0026457129863972,0.0022489638690895,-0.5673933582678088,2.688516534574947,0.0,0.969740322006898,0.0,0.0,0.0740509768894859,0.0,0.2759618576233116,0.7423226290061483,0.1356353023629229,2.376694666428371,0.0,0.2110805653258474,0.0485838619478017,0.0564060376278703,0.0124029801774076,69411200.0,181773300.0,63036700.0,271787900.0,63765150.0,27280650.0,0.0,85.11676193445828,61.206301300958,0.0,1.0573710507138645,1.4704368355385546,0.0,0.0480448994695941,0.0070214820178614,2001-09-17,0.01797,bmo,51450000.0,2025-04-11,2001-07-31,0.1129660545353367,1.3746875,17929237.5
2001-04-30,CPRT,USD,900075,2001-06-11,2001-06-11 00:00:00,2001,Q3,71480600.0,43209600.0,28271000.0,0.3955059135,0,5587600.0,0.0,5587600.0,3603300.0,9190900.0,52400500.0,0.0,0.0,3793600.0,22873700.0,0.3199987129,19080100.0,0.2669269704,190300.0,19270400.0,0.2695892312,7785200.0,11485200.0,0.1606757638,0.0088,0.0083,1321755200,1365643200,https://www.sec.gov/Archives/edgar/data/900075/000091205701519320/0000912057-01-519320-index.htm,https://www.sec.gov/Archives/edgar/data/900075/000091205701519320/a2051485z10-q.htm,0.0540800596055911,0.0086893548820538,0.0234543431340387,0.0133489923096198,0.0136962578244443,0.1912525859554023,0.1217168655738974,0.1912525859554023,0.0062679534001455,1261721078.816,1251902678.816,27.464064161181344,17.65123794170726,40.69949836346687,71.50951756201789,4.991200486160202,4.991200486160202,17.51388039294578,54.73109636027402,40.38278497772645,70.95304826066504,0.0091028042511406,0.0139841525169391,0.0327731694127634,0.0267239594052066,-0.4292440663294526,2.083912604144821,0.0,2.6992041932225823,0.0,0.0,0.0781694613643422,0.0,0.2964715354527044,0.4308520075223622,0.1868590918375055,3.7068242999472703,0.0,0.1933698161767556,0.0428546478487081,0.0526600061439424,0.0059385051029116,56852300.0,160879900.0,52082200.0,257559200.0,65565400.0,26212350.0,0.0,78.84754744644002,57.88609475672072,0.0,1.141443239704262,1.5547775398952917,0.0,0.0454339210037141,0.0101053508244189,2001-05-29,0.01594,bmo,71480599.0,2025-04-11,2001-04-30,0.2547051442910917,1.1046750847457627,10116528.813559322
2001-01-31,CPRT,USD,900075,2001-03-16,2001-03-16 00:00:00,2001,Q2,56638200.0,34123200.0,22515000.0,0.3975232264,0,4234100.0,0.0,4234100.0,3459900.0,7694000.0,41817200.0,0.0,0.0,4092100.0,18913100.0,0.3339283381,14821000.0,0.2616785138,632200.0,15453200.0,0.2728405917,6104000.0,9349200.0,0.1650688052,0.0071,0.0071,1313119200,1354248000,https://www.sec.gov/Archives/edgar/data/900075/000091205701504021/0000912057-01-504021-index.htm,https://www.sec.gov/Archives/edgar/data/900075/000091205701504021/a2041613z10-q.txt,0.0431325655736356,0.0071198410624107,-0.0002063788268422,-0.0098377969037388,0.0019203130987651,0.1834312528519878,0.1146585169114883,0.1834312528519878,0.0063768011312301,1029288484.92,1035140384.92,27.52343743101014,18.173043721728448,-3798.112490479705,-79.67739196792124,4.273263077107666,4.273263077107666,18.276364448728952,54.73139701688248,-3819.706217416975,-80.13038851542785,0.0090831677775222,-0.0125506116013763,0.0347639839562978,0.0286080729873989,0.3094098799244967,2.213517024040202,0.0,-0.0289864373422324,0.0,0.0,0.074756966146523,0.0,0.3085332926086387,-46.66863468634686,0.2232980567885278,3.655365762016243,0.0,0.1714206251860124,0.0353654900830005,0.0461939134434802,0.0015782649435024,56990400.0,150560300.0,52123400.0,245734100.0,62064600.0,24441100.0,0.0,108.8611926226469,64.97010831340553,0.0,0.826740896657023,1.3852524235584496,0.0,0.0388147654868597,0.0096314180768966,2001-02-26,0.00629,bmo,56638200.0,2025-04-11,2001-01-31,0.0969793322734499,0.9821892063492064,13491047.61904762
2000-10-31,CPRT,USD,900075,2000-12-01,2000-12-01 00:00:00,2001,Q1,57139400.0,35356200.0,21783200.0,0.3812290644,0,4466100.0,0.0,4466100.0,3370100.0,7836200.0,43192400.0,0.0,0.0,4046100.0,17993100.0,0.3148983013,13947000.0,0.2440872673,676000.0,14623000.0,0.255917983,5703800.0,8919200.0,0.1560954438,0.0067,0.0067,1309320000,1354876800,https://www.sec.gov/Archives/edgar/data/900075/000091205700051977/0000912057-00-051977-index.htm,https://www.sec.gov/Archives/edgar/data/900075/000091205700051977/a2032334z10-q.txt,0.0436405156875324,0.0068120856627867,0.0104087618000183,0.0022979867412091,0.0119732380166804,0.1747880579231967,0.1064839764152384,0.1747880579231967,0.0065174288943879,821729232.0000001,814585832.0000001,23.032593506144053,14.38113161846292,60.29535616800212,273.1086253655943,3.5906343228309816,3.5906343228309816,14.256114554930576,45.272122758168415,59.77120072789177,270.7344562616326,0.010854183656448,0.0036615467514486,0.0372876097590816,0.0308021058368932,-0.3970077418566006,2.2944213991731464,0.0,1.5279845726074088,0.0,0.0,0.0781614787694655,0.0,0.322812811891445,0.779225734495612,0.185854244181773,3.151123112073826,0.0,0.1636768234253448,0.0351945070203498,0.0475417840215428,0.007031779855192,55950200.0,139421600.0,50988300.0,233815400.0,54065500.0,22116750.0,0.0,87.60900534482336,61.72637330934885,0.0,1.02729165393176,1.4580477545465793,0.0,0.0389734043831534,0.0081107750588091,2000-11-27,0.00617,bmo,57100000.0,2025-04-11,2000-10-31,0.06645056726094,0.7982727419354839,4990877.419354838
2000-07-31,CPRT,USD,900075,2000-10-26,2000-10-26 00:00:00,2000,Q4,51327300.0,30937200.0,20390100.0,0.3972564308,0,4323800.0,0.0,4323800.0,3072900.0,7396700.0,38333900.0,0.0,0.0,3473100.0,16466500.0,0.32081368,12993400.0,0.2531479349,400200.0,13393600.0,0.2609449552,5231400.0,8162200.0,0.1590225864,0.0063,0.0063,1302388800,1302388800,https://www.sec.gov/Archives/edgar/data/900075/000091205700046005/0000912057-00-046005-index.htm,https://www.sec.gov/Archives/edgar/data/900075/000091205700046005/a2028465z10-k405.txt,0.039410120848705,0.0062670993485201,0.0028532186394723,-0.0041615836991227,0.0093404519449184,0.1688362184932794,0.0994286805906193,0.1688362184932794,0.0065683150837906,719022808.704,715412408.704,22.02294751121021,14.008584295374977,193.49375906996767,-132.66103481623617,3.2699145060630204,3.2699145060630204,13.938243560522372,43.44653743685665,192.52217672335848,-131.99490935498156,0.0113517956609915,-0.0075380084392166,0.0389034719114613,0.0326103986554047,-0.2192572799319831,2.446056159391205,0.0,0.4552694126583519,0.0,0.0,0.0842397710380246,0.0,0.344594839288621,2.4585575888051667,0.1779949461592563,2.973087311659996,0.0,0.1542969555300152,0.0340141942075378,0.047474330929042,0.0069972960455433,54042300.0,129494800.0,48980600.0,224952100.0,50547350.0,21355650.0,0.0,92.07310729377932,58.13729102827664,0.0,0.9774841171899996,1.5480597463033852,0.0,0.0371194013017394,0.007014802338595,2000-09-18,0.00616,bmo,42345022.0,2025-04-11,2000-07-31,0.0178571428571429,0.6799771428571428,4728495.238095238
2000-04-30,CPRT,USD,900075,2000-06-09,2000-06-09 00:00:00,2000,Q3,53801200.0,33761500.0,20039700.0,0.3724768221,0,4017300.0,0.0,4017300.0,2915000.0,6932300.0,40693800.0,0.0,0.0,3348300.0,16455700.0,0.3058612076,13107400.0,0.2436265362,442200.0,13549600.0,0.2518456837,5213500.0,8336100.0,0.1549426407,0.0063,0.0063,1293948000,1355157600,https://www.sec.gov/Archives/edgar/data/900075/000091205700028065/0000912057-00-028065-index.htm,https://www.sec.gov/Archives/edgar/data/900075/000091205700028065/a10-q.txt,0.0415791051881528,0.0064423763551549,0.0131220110854532,0.0055588014356063,0.0159164046777768,0.1593828345497655,0.0928985554288116,0.1593828345497655,0.0058585816431572,970461000.0,957446700.0,29.10416741641775,18.03790621770518,57.15587306822465,134.92117117117118,4.705651032739167,4.705651032739167,17.796010126168188,58.1832860346263,56.38938819261214,133.11182015348683,0.0085898351402065,0.0074117352474751,0.0367579210126793,0.0304825161918387,-0.7908688174918114,2.7223735384690886,0.0,2.029329859326632,0.0,0.0,0.074669338230374,0.0,0.3459212891868233,0.5763758009800226,0.1818992884917065,3.367537249234369,0.0,0.1519970217018149,0.0373045314756501,0.0512477030718129,0.011265387017098,56154200.0,120205900.0,46300000.0,216087300.0,49742550.0,21413400.0,0.0,81.27437677970008,60.58415650963376,0.0,1.1073600754140671,1.4855368991675026,0.0,0.0404207665985721,0.0075632096498468,2000-05-30,0.00554,bmo,35866666.0,2025-04-11,2000-04-30,0.1101083032490975,0.6319242857142857,4673752.380952381
2000-01-31,CPRT,USD,900075,2000-03-14,2000-03-14 00:00:00,2000,Q2,44400000.0,27400000.0,17000000.0,0.3828828829,0,4000000.0,0.0,4000000.0,2700000.0,6700000.0,34100000.0,0.0,0.0,3200000.0,13500000.0,0.3040540541,10300000.0,0.231981982,500000.0,10800000.0,0.2432432432,4200000.0,6600000.0,0.1486486486,0.005,0.005,1289484000,1349884800,https://www.sec.gov/Archives/edgar/data/900075/000091205700011481/0000912057-00-011481-index.html,https://www.sec.gov/Archives/edgar/data/900075/000091205700011481/,0.0344323776022036,0.0051183264003275,-0.0013959072000893,-0.0067468848004318,0.0118652112007593,0.1533171408098123,0.0873993008055935,0.1533171408098123,0.0058938304003772,913380201.72,905680201.72,34.597734913636366,20.571626164864867,-507.4334454,-104.98623008275862,4.620031369347497,4.620031369347497,20.39820274144144,67.08742234962963,-503.1556676222222,-104.10117261149426,0.0072259065694345,-0.0095250586597091,0.0384420839656044,0.032,-0.5703703703703704,2.8896321070234112,0.0,-0.2727272727272727,0.0,0.0,0.09009009009009,0.0,0.3578947368421052,-3.8333333333333335,0.1554054054054054,2.555555555555556,0.0,0.132877241513233,0.0303054619376237,0.0432786885245901,0.0106050172006787,56500000.0,112700000.0,46600000.0,207600000.0,46400000.0,19100000.0,0.0,103.17567567567568,66.02189781021897,0.0,0.8722986247544204,1.36318407960199,0.0,0.0333839150227617,0.0053509776003424,2000-02-28,0.00455,bmo,44400000.0,2025-04-11,2000-01-31,0.0747252747252747,0.7352638095238095,3415847.619047619
1999-10-31,CPRT,USD,900075,1999-12-09,1999-12-09 00:00:00,2000,Q1,40500000.0,24600000.0,15900000.0,0.3925925926,0,3300000.0,0.0,3300000.0,2800000.0,6100000.0,30700000.0,0.0,0.0,3300000.0,13100000.0,0.3234567901,9800000.0,0.2419753086,500000.0,10300000.0,0.2543209877,4000000.0,6300000.0,0.1555555556,0.005,0.005,1259370315,1259370315,https://www.sec.gov/Archives/edgar/data/900075/000091205799008757/0000912057-99-008757-index.html,https://www.sec.gov/Archives/edgar/data/900075/000091205799008757/,0.0321589285674087,0.0050024999993746,0.005796547618323,-0.0030967857138986,0.0262035714252959,0.1511072618858735,0.0899655952268495,0.1511072618858735,0.0060347619040075,614925337.4082,589525337.4082,24.4017991035,15.1833416644,84.23634759016439,-157.67316343800002,3.23134701738413,3.23134701738413,14.55618117057284,45.00193415329771,80.75689553536986,-151.1603429251795,0.0102451462262937,-0.0063422333781818,0.0399369416710457,0.033115468409586,-1.938931297709924,3.1374570446735395,0.0,1.1587301587301588,0.0,0.0,0.0814814814814814,0.0,0.3355119825708061,1.5342465753424657,0.2765432098765432,4.0,0.0,0.130414978984455,0.0298961334527758,0.041311475409836,0.0200298511879724,62200000.0,113300000.0,52100000.0,200300000.0,39700000.0,17350000.0,0.0,93.11111111111111,66.21951219512195,0.0,0.9665871121718376,1.3591160220994476,0.0,0.0331056227009984,0.0088933333322216,1999-11-29,0.00457,bmo,40500000.0,2025-04-11,1999-10-31,0.0940919037199124,0.7771377777777777,6488647.619047619
1999-07-31,CPRT,USD,900075,1999-10-18,1999-10-18 00:00:00,1999,Q4,39500000.0,24200000.0,15300000.0,0.3873417722,0,2900000.0,0.0,2900000.0,2600000.0,5500000.0,29700000.0,0.0,0.0,3200000.0,13000000.0,0.3291139241,9800000.0,0.2481012658,600000.0,10400000.0,0.2632911392,3700000.0,6700000.0,0.1696202532,0.005,0.005,1327296872,1347680445,https://www.sec.gov/Archives/edgar/data/900075/000091205799001454/0000912057-99-001454-index.html,https://www.sec.gov/Archives/edgar/data/900075/000091205799001454/,0.0297597326063765,0.0050478533788031,0.0055752410452452,0.0009040931424721,0.0278762052262261,0.1386276151790705,0.0800122431087896,0.1386276151790705,0.0059519465212753,663648436.0,634548436.0,24.76300134328358,16.8012262278481,89.68222108108108,553.0403633333333,3.606784978260869,3.606784978260869,16.06451736708861,48.81141815384616,85.74978864864865,528.7903633333333,0.0100957067576062,0.0018081862849443,0.0429347826086956,0.0361225422953818,-2.2384615384615385,3.630081300813008,0.0,1.1044776119402986,0.0,0.0,0.0734177215189873,0.0,0.3557384545038866,0.8378378378378378,0.1569620253164557,2.3846153846153846,0.0,0.1254785527599617,0.0324766540044317,0.0475514549325762,0.0229225282164305,64700000.0,106200000.0,54600000.0,194100000.0,36850000.0,16400000.0,0.0,85.44303797468355,61.735537190082646,0.0,1.0533333333333332,1.4578313253012047,0.0,0.0364130434782608,0.004671147902773,1999-09-21,0.00483,bmo,39500000.0,2025-04-11,1999-07-31,0.0289855072463767,0.52143421875,8113725.0
1999-04-30,CPRT,USD,900075,1999-06-14,1999-06-14 00:00:00,1999,Q3,40000000.0,24600000.0,15400000.0,0.385,0,3200000.0,0.0,3200000.0,2500000.0,5700000.0,30300000.0,0.0,0.0,2900000.0,12600000.0,0.315,9700000.0,0.2425,400000.0,10100000.0,0.2525,3800000.0,6300000.0,0.1575,0.005,0.005,1259370315,1259370315,https://www.sec.gov/Archives/edgar/data/900075/000104746999024069/0001047469-99-024069-index.html,https://www.sec.gov/Archives/edgar/data/900075/000104746999024069/,0.0317619047579345,0.0050024999993746,0.0146104761886498,0.0115930952366461,0.0302532142819326,0.140149404744386,0.0797223809424156,0.140149404744386,0.0063523809515869,475538230.944,445438230.944,18.87056472,11.8884557736,25.84446907304348,32.57111170849315,2.6942675974164305,2.6942675974164305,11.1359557736,35.35224055111111,24.208599507826086,30.509467872876712,0.0132481461847846,0.0307020530631517,0.0453257790368272,0.0376825247291568,-2.388888888888889,3.4960629921259843,0.0,2.9206349206349205,0.0,0.0,0.08,0.0,0.3584550164861045,0.2065217391304347,0.095,1.52,0.0,0.125597338490067,0.0323037642792576,0.0462555066079295,0.0233847023780292,63400000.0,100400000.0,53000000.0,187000000.0,38450000.0,13950000.0,0.0,81.45,59.268292682926834,0.0,1.1049723756906078,1.5185185185185186,0.0,0.0356940509915014,0.0030173809520037,1999-06-01,0.00427,bmo,40000000.0,2025-04-11,1999-04-30,0.1709601873536299,0.463816875,3248925.0
1999-01-31,CPRT,USD,900075,1999-03-11,1999-03-11 00:00:00,1999,Q2,32100000.0,19100000.0,13000000.0,0.4049844237,0,3100000.0,0.0,3100000.0,2400000.0,5500000.0,24600000.0,0.0,0.0,2700000.0,10200000.0,0.3177570093,7500000.0,0.2336448598,300000.0,7800000.0,0.2429906542,3000000.0,4800000.0,0.1495327103,0.0038,0.0038,1279360320,1279360320,https://www.sec.gov/Archives/edgar/data/900075/000104746999009304/0001047469-99-009304-index.html,https://www.sec.gov/Archives/edgar/data/900075/,0.0250906640593636,0.003751874999531,-0.001719609374785,-0.0066439453116695,0.0178214062477723,0.1328007421708999,0.0727707421784036,0.1328007421708999,0.0063312890617085,426449175.4656,411749175.4656,22.2108945555,13.285021042542056,-193.84053430254545,-50.17049123124706,2.510001032758093,2.510001032758093,12.827077117308413,40.367566222117645,-187.1587161207273,-48.441079466541176,0.0112557375559686,-0.019932035255361,0.0476751030017657,0.0401188707280832,-1.4411764705882353,3.6944444444444446,0.0,-0.4583333333333333,0.0,0.0,0.0965732087227414,0.0,0.3803863298662704,-2.863636363636364,0.1962616822429906,2.625,0.0,0.1058804285530554,0.0255275697753573,0.0383693045563549,0.0166684863260414,58200000.0,93100000.0,47800000.0,180400000.0,37500000.0,12200000.0,0.0,114.11214953271028,55.13089005235602,0.0,0.7886977886977887,1.6324786324786325,0.0,0.0282519128899352,0.0049243359368844,1999-03-02,0.00334,bmo,35310000.0,2025-04-11,1999-01-31,0.122754491017964,0.4180830158730159,7128076.19047619
1998-10-31,CPRT,USD,900075,1998-12-08,1998-12-08 00:00:00,1999,Q1,30200000.0,18600000.0,11600000.0,0.3841059603,0,3000000.0,0.0,3000000.0,2300000.0,5300000.0,23900000.0,0.0,0.0,2900000.0,9200000.0,0.3046357616,6300000.0,0.2086092715,600000.0,6900000.0,0.2284768212,2700000.0,4200000.0,0.1390728477,0.0033,0.0033,1259370315,1259370315,https://www.sec.gov/Archives/edgar/data/900075/000104746998043298/0001047469-98-043298-index.html,https://www.sec.gov/Archives/edgar/data/900075/,0.0239802380922405,0.0033349999995831,0.0056377380945333,0.0021439285711605,0.0181042857120226,0.1307796428407954,0.0691615476104024,0.1307796428407954,0.0065111904753765,288609895.08855003,274009895.08855003,17.1791604219375,9.55661904266722,40.649280998387326,106.8925537365,1.7523369465,1.7523369465,9.073175334057948,29.78368424875544,38.59294297021832,101.4851463290926,0.014552515597954,0.0093551885986847,0.0497874924104432,0.0414141414141414,-1.5869565217391304,3.504385964912281,0.0,1.6904761904761905,0.0,0.0,0.0993377483443708,0.0,0.3919191919191919,0.6197183098591549,0.1456953642384106,1.9130434782608696,0.0,0.0990624926419657,0.021825740516196,0.0348837209302325,0.0120893749984888,57100000.0,87100000.0,46600000.0,175200000.0,33550000.0,12200000.0,0.0,102.2185430463576,61.45161290322581,0.0,0.880466472303207,1.4645669291338583,0.0,0.0255009107468123,0.0034938095233727,1998-12-01,0.00315,bmo,30200000.0,2025-04-11,1998-10-31,0.0571428571428571,0.3489275409836065,10558426.229508195
1998-07-31,CPRT,USD,900075,1998-10-14,1998-10-14 00:00:00,1998,Q4,30000000.0,18600000.0,11400000.0,0.38,0,2600000.0,0.0,2600000.0,2000000.0,4600000.0,23200000.0,0.0,0.0,2200000.0,9000000.0,0.3,6800000.0,0.2266666667,200000.0,7000000.0,0.2333333333,2700000.0,4300000.0,0.1433333333,0.0032,0.003,1326343980,1429409580,https://www.sec.gov/Archives/edgar/data/900075/000104746998037231/0001047469-98-037231-index.html,https://www.sec.gov/Archives/edgar/data/900075/,0.0226185668667942,0.0032419945842405,0.0020356710180114,-0.0004523713373358,0.0118370499936223,0.1207831470686812,0.0616732923234589,0.1207831470686812,0.0063331987227023,295323750.5868,288023750.5868,17.16998549923256,9.84412501956,109.379166884,-492.206250978,1.8434691047865168,1.8434691047865168,9.600791686226666,32.00263895408889,106.67546318029628,-480.0395843113333,0.0145602918541296,-0.0020316686308087,0.0524344569288389,0.0440020953378732,-0.8111111111111111,3.712871287128713,0.0,0.627906976744186,0.0,0.0,0.0866666666666666,0.0,0.4106862231534835,1.2222222222222223,0.11,1.65,0.0,0.093864327329099,0.024384955383204,0.0382222222222222,0.0072379413973741,54800000.0,81800000.0,44300000.0,170800000.0,31800000.0,13200000.0,50000.0,98.4,56.612903225806456,0.0,0.9146341463414634,1.5897435897435896,0.0,0.0268414481897627,0.0024880423553473,1998-09-21,0.00279,bmo,30000000.0,2025-04-11,1998-07-31,0.0788530465949821,0.24138953125,3106200.0
1998-04-30,CPRT,USD,900075,1998-06-11,1998-06-11 00:00:00,1998,Q3,30600000.0,18700000.0,11900000.0,0.3888888889,0,3300000.0,0.0,3300000.0,1900000.0,5200000.0,23900000.0,0.0,0.0,2300000.0,9000000.0,0.2941176471,6700000.0,0.2189542484,400000.0,7100000.0,0.2320261438,2800000.0,4300000.0,0.1405228758,0.0038,0.0033,1146093620,1289355322,https://www.sec.gov/Archives/edgar/data/900075/000104746998023809/0001047469-98-023809-index.html,https://www.sec.gov/Archives/edgar/data/900075/,0.0266993895315462,0.003751874999531,0.011255624998593,0.0078527616269253,0.0320218168564623,0.1347184883552532,0.0716346366189526,0.1347184883552532,0.0073292441851303,240633816.4552,212333816.4552,13.990338166,7.863850210954249,18.65378422133333,26.737090717244445,1.5585091739326424,1.5585091739326424,6.939013609647059,23.592646272800003,16.45998577172093,23.592646272800003,0.0178694751358878,0.0374012270286025,0.0544041450777202,0.0444915254237288,-3.1444444444444444,3.384937238493724,0.0,3.0,0.0,0.0,0.1078431372549019,0.0,0.3829449152542373,0.3023255813953488,0.1274509803921568,2.0526315789473686,0.0,0.106642186257505,0.0245329291346628,0.0369098712446351,0.0222058648228056,57000000.0,82100000.0,46500000.0,165000000.0,33200000.0,13600000.0,100000.0,90.58823529411764,70.74866310160428,0.481283422459893,0.9935064935064936,1.272108843537415,187.0,0.0278497409326424,0.0034028633716676,1998-06-08,0.00303,bmo,30600000.0,2025-04-11,1998-04-30,0.1023102310231022,0.23058140625,4952100.0
1998-01-31,CPRT,USD,900075,1998-03-16,1998-03-16 00:00:00,1998,Q2,26200000.0,16200000.0,10000000.0,0.3816793893,0,2700000.0,0.0,2700000.0,1900000.0,4600000.0,20800000.0,0.0,0.0,2300000.0,7700000.0,0.2938931298,5400000.0,0.2061068702,300000.0,5700000.0,0.2175572519,2200000.0,3500000.0,0.1335877863,0.0029,0.0029,1199400300,1199400300,https://www.sec.gov/Archives/edgar/data/900075/000104746998010014/0001047469-98-010014-index.html,https://www.sec.gov/Archives/edgar/data/900075/,0.0218442499972694,0.0029181249996352,-0.0015841249998019,-0.0035851249995518,0.0230948749971131,0.1251458749843567,0.0646989999919126,0.1251458749843567,0.0070034999991245,223328335.86,204028335.86,15.95202399,8.523982284732824,-117.5412294,-51.93682229302326,1.4878636632911395,1.4878636632911395,7.787341063358779,26.49718647532468,-107.3833346631579,-47.4484502,0.015671992479244,-0.0192541621887854,0.055962691538974,0.0459518599562363,-2.5064935064935066,3.4484304932735426,0.0,-0.5428571428571428,0.0,0.0,0.1030534351145038,0.0,0.3966083150984683,-1.263157894736842,0.0916030534351145,1.2,0.0,0.0906465906355238,0.0205949656750572,0.0317316409791477,0.0181340624977332,54600000.0,77600000.0,44200000.0,160500000.0,33800000.0,13150000.0,150000.0,122.29007633587786,69.44444444444444,0.5555555555555556,0.7359550561797753,1.296,162.0,0.0233177881412391,0.0020009999997498,1998-03-16,,amc,,2025-04-11,1998-01-31,,0.2038955555555555,10511542.857142856
1997-10-31,CPRT,USD,900075,1997-12-12,1997-12-12 00:00:00,1998,Q1,27500000.0,18000000.0,9500000.0,0.3454545455,0,2700000.0,0.0,2700000.0,1900000.0,4600000.0,22600000.0,0.0,0.0,2100000.0,7000000.0,0.2545454545,4900000.0,0.1781818182,200000.0,5100000.0,0.1854545455,2000000.0,3100000.0,0.1127272727,0.0025,0.0025,1239380310,1239380310,https://www.sec.gov/Archives/edgar/data/900075/000104746997007656/0001047469-97-007656-index.html,https://www.sec.gov/Archives/edgar/data/900075/,0.0221885080617425,0.0025012499996873,0.0066162096765923,0.0045183870962093,0.0249318145130125,0.1178814919207486,0.0572060080573653,0.1178814919207486,0.0064548387088705,224315442.3069,201415442.3069,18.08995502475,8.156925174796365,27.355541744743903,40.056328983375,1.535355525714579,1.535355525714579,7.324197902069092,28.773634615271437,24.56285881791464,35.96704326908929,0.0138198242979575,0.0249648438930846,0.054757015742642,0.0443704936217415,-3.271428571428572,3.099585062240664,0.0,2.6451612903225805,0.0,0.0,0.0981818181818181,0.0,0.4170826400443705,0.3170731707317073,0.0945454545454545,1.368421052631579,0.0,0.0814502875174367,0.0190315103677253,0.0294957183634633,0.0167825806430634,50600000.0,70900000.0,40500000.0,156200000.0,31650000.0,12800000.0,250000.0,104.72727272727272,69.0,1.0,0.859375,1.3043478260869563,90.0,0.0212183436002737,0.0020978225803829,1998-03-02,0.01,bmo,26200000.0,2025-04-11,1997-10-31,-0.75,0.1825539344262295,5610491.803278688
1997-07-31,CPRT,USD,900075,1997-10-28,1997-10-28 00:00:00,1997,Q4,29600000.0,20200000.0,9400000.0,0.3175675676,0,2700000.0,0.0,2700000.0,2000000.0,4700000.0,24900000.0,0.0,0.0,2400000.0,7100000.0,0.2398648649,4700000.0,0.1587837838,400000.0,5100000.0,0.1722972973,1700000.0,3400000.0,0.1148648649,0.0029,0.0025,1157068525,1365659881,https://www.sec.gov/Archives/edgar/data/900075/000104746997001831/0001047469-97-001831-index.html,https://www.sec.gov/Archives/edgar/data/900075/,0.0255818902342019,0.0029384603647394,0.009074657008754,0.0072597256070032,0.0239398094421417,0.1234153353190555,0.0583370807705619,0.1234153353190555,0.0083832545699918,215446159.355,197446159.355,15.841629364338235,7.278586464695946,20.518681843333333,25.648352304166668,1.508726606127451,1.508726606127451,6.670478356587839,27.809318219014088,18.80439612904762,23.50549516130953,0.0157812049663771,0.0389888593286963,0.0679271708683473,0.0553337136337706,-2.535211267605634,3.1830357142857144,0.0,3.088235294117647,0.0,0.0,0.0912162162162162,0.0,0.4295493439817456,0.2,0.0709459459459459,1.05,0.0,0.0903307760556254,0.0202411714039621,0.034,0.0162695636371233,48900000.0,67500000.0,38800000.0,153000000.0,33550000.0,11950000.0,600000.0,95.16891891891892,52.57425742574257,1.3366336633663367,0.9456869009584664,1.7118644067796611,67.33333333333333,0.0238095238095238,0.0018149314017508,1997-10-07,0.00262,bmo,,2025-04-11,1997-07-31,-0.0496183206106869,0.17752640625,3989700.0
1997-04-30,CPRT,USD,900075,1997-06-02,1997-06-02 00:00:00,1997,Q3,33800000.0,24000000.0,9800000.0,0.2899408284,0,2600000.0,0.0,2600000.0,1900000.0,4500000.0,28500000.0,0.0,0.0,2100000.0,7400000.0,0.2189349112,5300000.0,0.1568047337,200000.0,5500000.0,0.1627218935,2200000.0,3300000.0,0.0976331361,0.0029,0.0029,1130863140,1130863140,https://www.sec.gov/Archives/edgar/data/900075/000091205797019221/0000912057-97-019221-index.html,https://www.sec.gov/Archives/edgar/data/900075/,0.0298886742386881,0.0029181249996352,0.0105229356047452,0.0089312310594896,0.0173318939372274,0.1228265340755557,0.0558865151445293,0.1228265340755557,0.0093733712109495,153141486.41880003,144141486.41880003,11.601627759,4.530813207656806,12.869032472168067,15.162523407801984,1.1025304997753782,1.1025304997753782,4.2645410183076935,19.478579245783788,12.112729951159666,14.271434298891092,0.0215487003369903,0.0659520828495765,0.0763138948884089,0.0612362796071634,-1.2162162162162162,3.4088669950738915,0.0,3.606060606060606,0.0,0.0,0.0769230769230769,0.0,0.437319468515309,0.1512605042016806,0.0532544378698224,0.9473684210526316,0.0,0.0898026811590257,0.0205293737895416,0.0338809034907597,0.011230359847081,48900000.0,63200000.0,35000000.0,152800000.0,37100000.0,11800000.0,1250000.0,95.32544378698223,45.375,3.375,0.9441340782122905,1.983471074380165,26.666666666666668,0.0237580993520518,0.0015917045452555,1997-06-02,0.01,bmo,33800000.0,2025-04-11,1997-04-30,-0.7080000000000001,0.1830853125,6034350.0
1997-01-31,CPRT,USD,900075,1997-03-11,1997-03-11 00:00:00,1997,Q2,30400000.0,20900000.0,9500000.0,0.3125,0,2700000.0,0.0,2700000.0,1800000.0,4500000.0,25400000.0,0.0,0.0,1800000.0,6800000.0,0.2236842105,5000000.0,0.1644736842,0.0,5000000.0,0.1644736842,2000000.0,3000000.0,0.0986842105,0.0025,0.0025,1199400300,1199400300,https://www.sec.gov/Archives/edgar/data/900075/000091205797008400/0000912057-97-008400-index.html,https://www.sec.gov/Archives/edgar/data/900075/,0.0253459999968317,0.0025012499996873,-0.0020009999997498,-0.0033349999995831,0.0102551249987181,0.1122227499859721,0.0496914999937885,0.1122227499859721,0.009087874998864,215520239.907,214120239.907,17.960019992249997,7.089481575888157,-89.80009996124998,-53.88005997674999,1.6011904896508171,1.6011904896508171,7.04342894430921,31.48827057455882,-89.21676662791666,-53.53005997675,0.0139198063313893,-0.0185597417751857,0.0809806835066864,0.0647653000594177,-0.2058823529411764,3.288557213930348,0.0,-0.8,0.0,0.0,0.0888157894736842,0.0,0.445632798573975,-0.6666666666666666,0.0526315789473684,0.8888888888888888,0.0,0.0794712901038156,0.0199468085106383,0.0321543408360128,0.0068367499991454,46000000.0,59600000.0,32400000.0,148200000.0,34600000.0,11300000.0,1500000.0,113.6842105263158,49.52153110047847,6.889952153110048,0.7916666666666666,1.817391304347826,13.0625,0.0222882615156017,0.0013339999998332,1997-03-11,0.00246,bmo,30400000.0,2025-04-11,1997-01-31,0.016260162601626,0.156993125,3374100.0
1996-10-31,CPRT,USD,900075,1996-12-09,1996-12-09 00:00:00,1997,Q1,32500000.0,24400000.0,8100000.0,0.2492307692,0,2600000.0,0.0,2600000.0,1800000.0,4400000.0,28800000.0,0.0,0.0,1900000.0,5600000.0,0.1723076923,3700000.0,0.1138461538,100000.0,3800000.0,0.1169230769,1500000.0,2300000.0,0.0707692308,0.0021,0.0021,1103448276,1103448276,https://www.sec.gov/Archives/edgar/data/900075/000091205796028760/0000912057-96-028760-index.html,https://www.sec.gov/Archives/edgar/data/900075/,0.0294531249963183,0.0020843749997394,0.0041687499994789,0.0020843749997394,0.0139562499982554,0.1166343749854207,0.0492093749938488,0.1166343749854207,0.0100593749987425,211211034.50916,206911034.50916,22.9577211423,6.498801061820307,45.9154422846,91.8308845692,1.6411113792475525,1.6411113792475525,6.366493369512615,36.94839901949285,44.98065967590434,89.96131935180868,0.0108895825700823,0.0108895825700823,0.0862470862470862,0.0684340320591861,-0.7678571428571429,3.055276381909548,0.0,2.0,0.0,0.0,0.08,0.0,0.4586929716399506,0.5,0.0707692307692307,1.2777777777777777,0.0,0.0739592451619239,0.0154873698769745,0.0261958997722095,0.0051656249993542,40900000.0,54300000.0,27300000.0,142300000.0,30400000.0,10750000.0,1450000.0,85.29230769230769,40.94262295081967,5.163934426229508,1.0551948051948052,2.1981981981981984,17.428571428571427,0.0178710178710178,0.0020843749997394,1996-12-10,0.00272,bmo,32500000.0,2025-04-11,1996-10-31,-0.2352941176470589,0.1633163934426229,6741403.278688525
1996-07-31,CPRT,USD,900075,1996-10-28,1996-10-28 00:00:00,1996,Q4,31400000.0,22600000.0,8800000.0,0.2802547771,0,3100000.0,0.0,3100000.0,1600000.0,4700000.0,27300000.0,0.0,0.0,1700000.0,5800000.0,0.1847133758,4100000.0,0.1305732484,100000.0,4200000.0,0.1337579618,1400000.0,2800000.0,0.0891719745,0.0029,0.0025,894335441,1106719368,https://www.sec.gov/Archives/edgar/data/900075/000091205796023870/0000912057-96-023870-index.html,https://www.sec.gov/Archives/edgar/data/900075/,0.0351098688036897,0.0031308163264436,0.0017890379008249,-0.0035780758016499,0.0145359329442027,0.1411103644275683,0.0576964723016047,0.1411103644275683,0.0126350801745762,149058887.95147002,147358887.95147002,13.30882928138125,4.747098342403504,93.16180496966876,-46.58090248483438,1.1811322341637875,1.1811322341637875,4.6929582150149685,25.40670481921897,92.09930496966876,-46.04965248483438,0.0187845222682166,-0.0214680254493904,0.089540412044374,0.0714737507906388,-0.293103448275862,3.431137724550898,0.0,0.5714285714285714,0.0,0.0,0.0987261146496815,0.0,0.471853257432005,3.0,0.1528662420382165,3.0,0.0,0.0997009991803269,0.0192217533989685,0.0335329341317365,0.0048639467928678,40600000.0,51600000.0,25400000.0,141400000.0,29450000.0,11450000.0,1550000.0,85.98726114649682,41.41592920353982,5.973451327433628,1.0466666666666666,2.173076923076923,15.066666666666666,0.0221870047543581,0.0053671137024748,1996-10-08,0.0025,bmo,,2025-04-11,1996-07-31,0.012,0.17452296875,9319950.0
1996-04-30,CPRT,USD,900075,1996-06-05,1996-06-05 00:00:00,1996,Q3,34300000.0,25500000.0,8800000.0,0.2565597668,0,0.0,0.0,2800000.0,1500000.0,4300000.0,29800000.0,0.0,0.0,1800000.0,6300000.0,0.1836734694,4500000.0,0.1311953353,200000.0,4700000.0,0.1370262391,1900000.0,2800000.0,0.0816326531,0.0025,0.0025,1119440280,1119440280,https://www.sec.gov/Archives/edgar/data/900075/000091205796011544/0000912057-96-011544-index.html,https://www.sec.gov/Archives/edgar/data/900075/,0.0306403124961699,0.0025012499996873,0.00634245535635,0.0050024999993746,0.0158114732123092,0.1099656696291114,0.0425212499946848,0.1099656696291114,0.0029479017853457,317753123.478,303353123.478,28.37081459625,9.26393946,44.75396105323944,56.7416291925,2.581260141982128,2.581260141982128,8.844114387113702,48.151289440952375,42.725792039154925,54.17020062107142,0.0088118724667512,0.0176237449335025,0.0268074735987002,0.0221327967806841,-2.2857142857142856,3.1164021164021163,0.0,2.5357142857142856,0.0,0.0,0.0,0.0,0.5063715627095908,0.2112676056338028,0.0437317784256559,0.9375,0.0,0.0786680475181776,0.0204958032402888,0.0380434782608695,0.0126625781234171,40000000.0,47600000.0,32900000.0,130200000.0,29750000.0,11700000.0,1550000.0,75.83090379008746,44.11764705882353,5.647058823529412,1.1868512110726643,2.04,15.9375,0.0227457351746547,0.0013399553569753,1996-06-04,,amc,,2025-04-11,1996-04-30,,0.1689153125,4587000.0
1996-01-31,CPRT,USD,900075,1996-01-31,1996-01-30 19:00:00,1996,Q2,26100000.0,17100000.0,9000000.0,0.3448275862,0,0.0,0.0,2600000.0,1400000.0,4000000.0,21100000.0,0.0,0.0,1400000.0,6400000.0,0.245210728,5000000.0,0.1915708812,0.0,5000000.0,0.1915708812,2000000.0,3000000.0,0.1149425287,0.0025,0.0025,1199400300,1199400300,,,0.0217608749972798,0.0025012499996873,-0.0016674999997915,-0.0023344999997081,0.0100049999987493,0.1000499999874937,0.0369351249953831,0.1000499999874937,0.0029181249996352,371694152.97,363194152.97,30.9745127475,14.241155286206896,-185.847076485,-132.747911775,3.09745127475,3.09745127475,13.915484788122606,56.74908640156251,-181.597076485,-129.71219748928573,0.0080711519835022,-0.007533075184602,0.0291666666666666,0.0242382271468144,-1.328125,3.1686046511627906,0.0,-0.6666666666666666,0.0,0.0,0.0,0.0,0.5242382271468145,-0.4,0.0306513409961685,0.5714285714285714,0.0,0.0750374999906203,0.0234741784037558,0.0436681222707423,0.0094213749988223,37300000.0,44300000.0,30100000.0,127200000.0,28500000.0,9950000.0,1300000.0,105.51724137931036,57.36842105263158,7.894736842105263,0.8529411764705882,1.5688073394495412,11.4,0.025,0.0006669999999166,1996-03-12,,amc,,2025-04-11,1996-01-31,,0.2235868253968254,18300495.23809524
1995-10-31,CPRT,USD,900075,1995-10-31,1995-10-30 19:00:00,1996,Q1,26400000.0,18300000.0,8100000.0,0.3068181818,0,0.0,0.0,2400000.0,1400000.0,3800000.0,22100000.0,0.0,0.0,1400000.0,5700000.0,0.2159090909,4300000.0,0.1628787879,0.0,4300000.0,0.1628787879,1700000.0,2600000.0,0.0984848485,0.0021,0.0021,1247376312,1247376312,,,0.0211644230742775,0.0020843749997394,0.0036877403841544,0.0024852163458431,0.0121054086523329,0.0928348557576264,0.0323078124959615,0.0928348557576264,0.0028860576919469,295603238.41776,284103238.41776,28.4233883094,11.197092364309093,64.26157356907825,95.35588336056774,2.5527049949720206,2.5527049949720206,10.76148630370303,49.84267340662456,61.761573569078266,91.64620594121293,0.0087955734650158,0.0104870299005958,0.0310880829015544,0.0258064516129032,-2.017543859649123,3.0421686746987957,0.0,1.7692307692307692,0.0,0.0,0.0,0.0,0.5412186379928315,0.3260869565217391,0.0568181818181818,1.0714285714285714,0.0,0.0659834045804422,0.0210526315789473,0.040625,0.0094197716334379,33900000.0,40300000.0,26800000.0,123000000.0,25150000.0,9300000.0,2200000.0,90.0,44.26229508196721,5.40983606557377,1.0,2.033333333333333,16.636363636363637,0.0224525043177892,0.0012025240383112,1995-12-11,,amc,,2025-04-11,1995-10-31,,0.2840304761904762,7295238.095238095
1995-07-31,CPRT,USD,900075,1995-07-31,1995-07-30 20:00:00,1995,Q4,21400000.0,14100000.0,7300000.0,0.3411214953,0,0.0,0.0,2400000.0,1400000.0,3800000.0,17900000.0,0.0,0.0,1500000.0,5000000.0,0.2336448598,3500000.0,0.1635514019,100000.0,3600000.0,0.1682242991,1400000.0,2200000.0,0.1028037383,0.0025,0.0021,859570215,1075932622,,,0.0248961627875856,0.0025594186043312,-0.0020940697671801,-0.0109356976730516,0.0160545348817141,0.131577383704483,0.0458368604593866,0.131577383704483,0.0044208139529357,184111344.35085,174111344.35085,20.921743676232957,8.60333384817056,-102.28408019491668,-19.58631322881383,1.6278633452771885,1.6278633452771885,8.136044128544391,34.82226887017,-96.7285246393611,-18.522483441579787,0.0119492908367861,-0.0510560608480864,0.0335985853227232,0.0281065088757396,-2.0,3.1578947368421053,0.0,-0.8181818181818182,0.0,0.0,0.0,0.0,0.5451183431952663,-4.222222222222222,0.3551401869158878,5.428571428571429,0.0,0.0870467465483683,0.0177353970886309,0.0357723577235772,0.0131170203471975,32800000.0,39400000.0,25900000.0,119600000.0,18000000.0,7750000.0,1650000.0,100.5140186915888,61.27659574468085,21.063829787234045,0.895397489539749,1.46875,4.2727272727272725,0.0194518125552608,0.0088416279058715,1995-09-28,,amc,,2025-04-11,1995-07-31,,0.2363803174603174,4522057.142857143
1995-04-30,CPRT,USD,900075,1995-04-30,1995-04-29 20:00:00,1995,Q3,16000000.0,10700000.0,5300000.0,0.33125,0,0.0,0.0,1500000.0,700000.0,2200000.0,12900000.0,0.0,0.0,800000.0,3900000.0,0.24375,3100000.0,0.19375,100000.0,3200000.0,0.2,1300000.0,1900000.0,0.11875,0.0021,0.0021,911544228,911544228,,,0.0175526315767532,0.0020843749997394,0.0057046052624448,0.0046075657888977,0.0141518092087573,0.0650544407813418,0.0216116776288774,0.0650544407813418,0.0038396381574147,198215292.3786,188815292.3786,26.0809595235,12.3884557736625,38.11832545742307,47.194117233,3.342585031679595,3.342585031679595,11.8009557736625,48.41417753297436,36.31063314973077,44.95602199490476,0.0095855369038374,0.0211890815769038,0.0590219224283305,0.0459317585301837,-2.41025641025641,2.820754716981132,0.0,2.736842105263158,0.0,0.0,0.0,0.0,0.5196850393700787,0.1923076923076923,0.0625,1.4285714285714286,0.0,0.0552354200192217,0.027804003021148,0.0519125683060109,0.0055674753282514,19300000.0,19700000.0,13000000.0,65600000.0,11900000.0,5050000.0,0.0,68.0625,49.62616822429906,0.0,1.322314049586777,1.8135593220338984,0.0,0.0320404721753794,0.001097039473547,1995-06-14,,amc,,2025-04-11,1995-04-30,,0.232743492063492,4358704.761904762
1995-01-31,CPRT,USD,900075,1995-01-31,1995-01-30 19:00:00,1995,Q2,11000000.0,6800000.0,4200000.0,0.3818181818,0,0.0,0.0,1000000.0,700000.0,1700000.0,8500000.0,0.0,0.0,800000.0,3300000.0,0.3,2500000.0,0.2272727273,100000.0,2600000.0,0.2363636364,1000000.0,1600000.0,0.1454545455,0.0017,0.0017,959520240,959520240,,,0.0114640624985669,0.0016674999997915,0.0004168749999478,0.0002084374999739,0.0136526562482934,0.0575287499928089,0.0202184374974726,0.0575287499928089,0.0040645312494919,184909145.4504,175709145.4504,28.892053976625,16.809922313672725,462.272863626,924.545727252,3.349803359608696,3.349803359608696,15.973558677309091,53.2451955910303,439.272863626,878.545727252,0.0086528981360155,0.0010816122670019,0.0706521739130434,0.0549295774647887,-2.787878787878788,3.21978021978022,0.0,0.2666666666666666,0.0,0.0,0.0,0.0,0.504225352112676,0.5,0.0181818181818181,0.2857142857142857,0.0,0.0464586567662357,0.024576062914721,0.0454545454545454,0.0063312890617085,20200000.0,19400000.0,13500000.0,61900000.0,10300000.0,4300000.0,0.0,95.72727272727272,55.588235294117645,0.0,0.9401709401709402,1.619047619047619,0.0,0.0289855072463768,0.0002084374999739,1995-03-16,,amc,,2025-04-11,1995-01-31,,0.216343492063492,6337371.428571428
1994-10-31,CPRT,USD,900075,1994-10-31,1994-10-30 19:00:00,1995,Q1,9700000.0,6200000.0,3500000.0,0.3608247423,0,0.0,0.0,900000.0,600000.0,1500000.0,7700000.0,0.0,0.0,700000.0,2700000.0,0.2783505155,2000000.0,0.206185567,100000.0,2100000.0,0.2164948454,800000.0,1300000.0,0.1340206186,0.0017,0.0017,779610195,779610195,,,0.0124421153830601,0.0016674999997915,0.0017957692305447,0.0003848076922595,0.0191121153822263,0.0670848076839221,0.0237298076893414,0.0670848076839221,0.0051307692301278,151252173.93195,140352173.93195,29.086956525375,15.593007621850516,108.03726709425,504.1739131065,2.892010973842256,2.892010973842256,14.469296281644333,51.98228664146296,100.25155280853572,467.84057977316667,0.0085949177866685,0.0019834425661542,0.0764818355640535,0.0597907324364723,-4.037037037037037,3.481012658227848,0.0,1.0769230769230769,0.0,0.0,0.0,0.0,0.5052316890881914,0.7857142857142857,0.1134020618556701,1.8333333333333333,0.0,0.0501690953474002,0.0207386137034378,0.039274924471299,0.0089467788450354,19600000.0,18500000.0,12900000.0,59100000.0,8050000.0,4250000.0,0.0,82.57731958762886,63.87096774193548,0.0,1.0898876404494382,1.4090909090909092,0.0,0.0248565965583174,0.0014109615382851,1994-12-14,,amc,,2025-04-11,1994-10-31,,0.1938663492063492,3535542.8571428573
1994-07-31,CPRT,USD,900075,1994-07-31,1994-07-30 20:00:00,1994,Q4,7600000.0,7200000.0,400000.0,0.0526315789,0,0.0,0.0,800000.0,-2300000.0,-1500000.0,5700000.0,0.0,0.0,-1100000.0,800000.0,0.1052631579,1900000.0,0.25,2800000.0,4700000.0,0.6184210526,1900000.0,2800000.0,0.3684210526,0.0039,0.0039,719640180,719640180,,,0.0105608333320132,0.0038908333328469,0.0019454166664234,0.0,0.0248735416635574,0.06850645832477,0.0277916666631927,0.06850645832477,0.0055583333326385,109629985.0212,95729985.0212,9.78839151975,14.424998029105264,78.307132158,0.0,2.223731947691684,2.223731947691684,12.596050660684211,119.6624812765,68.37856072942857,0.0,0.0255404577448272,0.0,0.0811359026369168,0.0638977635782747,-17.375,4.369230769230769,0.0,0.5,0.0,0.0,0.0,0.0,0.4680511182108626,1.0,0.1842105263157894,-0.6086956521739131,0.0,0.0774423156950993,0.0199280791129757,0.084084084084084,0.0138958333315963,21900000.0,20000000.0,15100000.0,56000000.0,6250000.0,4000000.0,0.0,85.26315789473685,51.25,0.0,1.0555555555555556,1.7560975609756098,0.0,0.0567951318458417,0.0019454166664234,1994-07-30,,amc,,2025-04-11,1994-07-31,,0.1768352380952381,2629180.9523809524
1994-04-30,CPRT,USD,900075,1994-04-30,1994-04-29 20:00:00,1994,Q3,6600000.0,3500000.0,3100000.0,0.4696969697,0,0.0,0.0,700000.0,1300000.0,2000000.0,5500000.0,0.0,100000.0,1200000.0,2300000.0,0.3484848485,1100000.0,0.1666666667,-100000.0,1000000.0,0.1515151515,400000.0,600000.0,0.0909090909,0.0008,0.0008,719640180,719640180,,,0.0091712499988535,0.0008337499998957,,,0.0294591666629842,0.0658662499917667,0.0295981249963002,0.0658662499917667,0.0050024999993746,108694452.7872,90994452.7872,45.289355328,16.468856482909093,0.0,0.0,2.2931319153417724,2.2931319153417724,13.78703830109091,39.562805559652176,0.0,0.0,0.0055200609103269,,0.0738396624472573,0.0592216582064297,-7.695652173913044,5.25,11.0,0.0,,,0.0,0.0,0.4416243654822335,0.0,,0.0,,0.0351512401386472,0.0121996303142329,0.0181818181818181,0.018724635414326,23800000.0,21300000.0,17700000.0,53200000.0,,,,72.27272727272728,100.28571428571428,0.0,1.2452830188679245,0.8974358974358975,0.0,0.0126582278481012,,1994-10-05,,amc,,2025-04-11,1994-04-30,,0.15343171875,2623500.0
1994-01-31,CPRT,USD,900075,1994-01-31,1994-01-30 19:00:00,1994,Q2,4300000.0,0.0,4300000.0,1.0,0,0.0,0.0,0.0,0.0,0.0,0.0,0.0,0.0,-4900000.0,-600000.0,-0.1395348837,4300000.0,1.0,-4300000.0,0.0,0.0,4900000.0,-600000.0,-0.1395348837,-0.0008,-0.0008,719640180,719640180,,,0.0059752083325864,-0.0008337499998957,,,,,,,,109629985.0212,,-45.6791604255,25.49534535376744,0.0,0.0,0.0,0.0,,,0.0,0.0,-0.0054729552310344,,0.0,0.0,,0.0,0.0,0.0,,,0.0,0.0,0.0,0.0,,0.0,,,0.0,0.0,,,,,,,,,,0.0,0.0,0.0,0.0,0.0,0.0,,1994-01-30,,amc,,2025-04-11,1994-01-31,,0.1578243548387096,3510348.3870967743
1993-10-31,CPRT,USD,900075,1993-10-31,1993-10-30 20:00:00,1994,Q1,4300000.0,0.0,4300000.0,1.0,0,0.0,0.0,0.0,0.0,0.0,0.0,0.0,0.0,-4900000.0,-600000.0,-0.1395348837,4300000.0,1.0,-4300000.0,0.0,0.0,4900000.0,-600000.0,-0.1395348837,-0.0008,-0.0008,719640180,719640180,,,0.0059752083325864,-0.0008337499998957,,,,,,,,109629985.0212,,-45.6791604255,25.49534535376744,0.0,0.0,0.0,0.0,,,0.0,0.0,-0.0054729552310344,,0.0,0.0,,0.0,0.0,0.0,,,0.0,0.0,0.0,0.0,,0.0,,,0.0,0.0,,,,,,,,,,0.0,0.0,0.0,0.0,0.0,0.0,,1993-10-30,,amc,,2025-04-11,1993-10-31,,0.1560118181818181,26055272.727272727
