date,symbol,reportedCurrency,cik,fillingDate,acceptedDate,calendarYear,period,revenue,costOfRevenue,grossProfit,grossProfitRatio,researchAndDevelopmentExpenses,generalAndAdministrativeExpenses,sellingAndMarketingExpenses,sellingGeneralAndAdministrativeExpenses,otherExpenses,operatingExpenses,costAndExpenses,interestIncome,interestExpense,depreciationAndAmortization,ebitda,ebitdaratio,operatingIncome,operatingIncomeRatio,totalOtherIncomeExpensesNet,incomeBeforeTax,incomeBeforeTaxRatio,incomeTaxExpense,netIncome,netIncomeRatio,eps,epsdiluted,weightedAverageShsOut,weightedAverageShsOutDil,link,finalLink,revenuePerShare,netIncomePerShare,operatingCashFlowPerShare,freeCashFlowPerShare,cashPerShare,bookValuePerShare,tangibleBookValuePerShare,shareholdersEquityPerShare,interestDebtPerShare,marketCap,enterpriseValue,peRatio,priceToSalesRatio,pocfratio,pfcfRatio,pbRatio,ptbRatio,evToSales,enterpriseValueOverEBITDA,evToOperatingCashFlow,evToFreeCashFlow,earningsYield,freeCashFlowYield,debtToEquity,debtToAssets,netDebtToEBITDA,currentRatio,interestCoverage,incomeQuality,dividendYield,payoutRatio,salesGeneralAndAdministrativeToRevenue,researchAndDdevelopementToRevenue,intangiblesToTotalAssets,capexToOperatingCashFlow,capexToRevenue,capexToDepreciation,stockBasedCompensationToRevenue,grahamNumber,roic,returnOnTangibleAssets,grahamNetNet,workingCapital,tangibleAssetValue,netCurrentAssetValue,investedCapital,averageReceivables,averagePayables,averageInventory,daysSalesOutstanding,daysPayablesOutstanding,daysOfInventoryOnHand,receivablesTurnover,payablesTurnover,inventoryTurnover,roe,capexPerShare,report_date,epsEstimated,time,revenueEstimated,updatedFromDate,fiscalDateEnding,surprise(%),QuarterAvgPrice,QuarterAvgVolume
2025-03-31,CPT,USD,906345,2025-05-02,2025-05-02 12:42:27,2025,Q1,390565000.0,139420000.0,251145000.0,0.6430299694,0,18708000.0,0.0,18708000.0,161016000.0,179724000.0,352934000.0,10000.0,33790000.0,149252000.0,224368000.0,0.5744703186,71421000.0,0.1828658482,-30095000.0,41326000.0,0.1058108125,559000.0,38822000.0,0.0993995878,0.36,0.36,108530000,108597000,https://www.sec.gov/Archives/edgar/data/906345/000090634525000023/0000906345-25-000023-index.htm,https://www.sec.gov/Archives/edgar/data/906345/000090634525000023/cpt-20250331.htm,3.598682391965355,0.357707546300562,0.0,0.0,0.2412420528886022,40.546208421634574,40.546208421634574,42.52239933658896,0.3113424859485856,13273219000.0,13247037000.0,85.4748531760342,33.984660683881046,0.0,0.0,2.87613121338535,2.87613121338535,33.91762446711815,59.04156118519575,0.0,0.0,0.0029248368462842,0.0,0.0,0.0,-0.1166922199244099,46.22631578947368,2.113672684226102,0.0,0.0,0.0,0.0478998374150269,0.0,0.0,0.0,0.0,0.0,0.0,18.49967892731756,2.049776480006644,0.0044590217258718,-39.37178199576154,34372000.0,4400480000.0,-4270782000.0,34372000.0,8970500.0,107589500.0,0.0,2.062396784146045,0.0,0.0,43.63854748603352,0.0,0.0,0.0084122145476576,0.0,2025-05-01,1.68,amc,388858260.0,2025-05-11,2025-03-31,0.0238095238095238,117.597,930369.0
2024-12-31,CPT,USD,906345,2025-02-20,2025-02-20 15:21:20,2024,Q4,387559000.0,147944000.0,239615000.0,0.6182671542,0,18673000.0,0.0,18673000.0,143934000.0,162607000.0,310551000.0,-22000.0,32565000.0,145474000.0,220920000.0,0.5700293375,75446000.0,0.1946697148,-32265000.0,43181000.0,0.1114178744,572000.0,40691000.0,0.1049930462,0.38,0.38,108428000,108515000,https://www.sec.gov/Archives/edgar/data/906345/000090634525000008/0000906345-25-000008-index.htm,https://www.sec.gov/Archives/edgar/data/906345/000090634525000008/cpt-20241231.htm,3.574344265318921,0.3752812926550337,1.4051536503486184,0.6016434869221973,0.194091931973291,43.78194746744384,43.78194746744384,43.11799535175416,32.44693252665363,12581985120.0,16046531120.0,77.30201469612446,32.46469600757562,82.58171622100579,192.87169648194987,2.691219734436916,2.691219734436916,41.40409878237894,72.63503132355603,105.32122448443796,245.98039579980076,0.0032340683613842,0.0051847939238383,0.7455493863575403,0.3937566989420868,15.682355603838491,0.1011646208659396,2.316781820973438,3.7510894453061527,0.00902154937535,2.789535769580497,0.0481810511431807,0.0,0.0,0.5718308195171897,0.2247993208775954,0.5988905233924963,0.0,19.08090624752269,0.0088155826742191,0.0045967395017523,-37.6025265614048,-366057000.0,4747189000.0,-4063755000.0,-366057000.0,8992000.0,218529500.0,0.0,2.087914356265756,130.90162493916617,0.0,43.10521632743855,0.6875392115401596,0.0,0.0087035885966754,0.8035101634264212,2025-02-06,1.68,amc,386197270.0,2025-05-06,2024-12-31,0.0297619047619047,119.74171875,776349.15625
2024-09-30,CPT,USD,906345,2024-11-01,2024-11-01 12:09:30,2024,Q3,387232000.0,299644000.0,87588000.0,0.2261899843,0,18845000.0,0.0,18845000.0,0.0,18845000.0,318489000.0,1076000.0,32486000.0,145844000.0,176382000.0,0.4554943806,70450000.0,0.1819322783,-72398000.0,-1948000.0,-0.005030576,390000.0,-4204000.0,-0.0108565408,-0.0387,-0.0387,108426000,108426000,https://www.sec.gov/Archives/edgar/data/906345/000090634524000041/0000906345-24-000041-index.htm,https://www.sec.gov/Archives/edgar/data/906345/000090634524000041/cpt-20240930.htm,3.571394315016694,-0.0387729880287016,2.412336524449856,4.353568332318816,0.2880674376994447,44.40150886318779,44.40150886318779,43.74008079242986,32.13513363953295,13393863780.0,16814427780.0,-796.4952295432921,34.5887317680357,51.20761500229393,28.3744254300483,2.824183169350237,2.824183169350237,43.42210297702669,95.3296128856686,64.28516508640465,35.62076896025761,-0.0003138750751129,0.035243004390179,0.7278340272620579,0.3857972695533934,19.39293125148825,0.1099152604061848,2.168626485255187,-111.87339606501284,0.0084745523669944,-26.99976213130352,0.0486659160399967,0.0,0.0,0.8047102003364429,0.5435501198248078,1.4431858698335207,0.0097615899512437,,0.0099709244238067,-0.0004698686658959,-37.76699546234298,-415739000.0,4814278000.0,-4081564000.0,-415739000.0,9448000.0,217063500.0,0.5,2.0901423436079662,66.64308312530869,0.0,43.05926831980429,1.350477735712998,0.0,-0.0008864407044125,1.9412318078689608,2024-10-31,0.37,amc,389390000.0,2024-11-01,2024-09-30,2.054054054054054,118.275625,978964.78125
2024-06-30,CPT,USD,906345,2024-08-02,2024-08-02 13:34:46,2024,Q2,391054000.0,295104000.0,95950000.0,0.2453625331,0,18154000.0,0.0,18154000.0,143288000.0,161442000.0,313258000.0,1598000.0,32227000.0,145894000.0,223690000.0,0.5720181867,77796000.0,0.1989392769,-31927000.0,45869000.0,0.117295821,1059000.0,42917000.0,0.1097469915,0.4,0.4,108406000,108424000,https://www.sec.gov/Archives/edgar/data/906345/000090634524000027/0000906345-24-000027-index.htm,https://www.sec.gov/Archives/edgar/data/906345/000090634524000027/cpt-20240630.htm,3.607309558511522,0.3958913713263103,2.076167370809734,1.113250189103924,0.9399940962677342,45.448886592993006,45.448886592993006,44.78940280058299,33.112899655000646,11836851140.0,15292360140.0,68.95199536314281,30.269096186204465,52.5920990451817,98.08217511994232,2.437853446855486,2.437853446855486,39.1054947398569,68.36407590862355,67.94520853604895,126.71511430773182,0.0036257108831056,0.0101955324581364,0.7326648048374607,0.3918036242669535,15.447758058026734,0.2684659807182048,2.414000682657399,5.253834123112117,0.0095905573752108,2.645152270661975,0.0464232561231952,0.0,0.0,0.4637955471433205,0.2669350013041677,0.7154920695847671,0.0093311921115753,19.974085890253125,0.008772808703381,0.0047267636124778,-37.29787788037562,-304651000.0,4926932000.0,-4040838000.0,8194294000.0,10126500.0,213071500.0,1.0,2.27914814833757,64.73050178919974,3.0497722836694857e-07,39.48843784711704,1.3903800760434777,295104000.0,0.0088389517736806,0.9629171817058096,2024-08-01,1.67,amc,385150000.0,2025-04-24,2024-06-30,0.0239520958083832,103.28619047619048,872692.6984126985
2024-03-31,CPT,USD,906345,2024-05-03,2024-05-03 12:35:40,2024,Q1,385893000.0,293184000.0,92709000.0,0.240245353,0,16693000.0,0.0,16693000.0,-16693000.0,16693000.0,309877000.0,1768000.0,32537000.0,144802000.0,220818000.0,0.5722259797,76016000.0,0.1969872478,12116000.0,86664000.0,0.2245803889,905000.0,83889000.0,0.2173892763,0.77,0.77,108706000,108729000,https://www.sec.gov/Archives/edgar/data/906345/000090634524000017/0000906345-24-000017-index.htm,https://www.sec.gov/Archives/edgar/data/906345/000090634524000017/cpt-20240331.htm,3.549877651647563,0.7717053336522363,1.2500689934318252,0.274097105955513,0.9284032160138356,45.93700440638051,45.93700440638051,45.28164958695932,33.03779000239177,10481432520.0,13939378520.0,31.236015806601586,27.161499483017312,77.13174273309295,351.77314136125653,2.1293393875776125,2.1293393875776125,36.12239278763803,63.12609714787744,102.57839811612334,467.8271754597933,0.0080035815562355,0.0028427411943114,0.7229965868185496,0.3909296801574409,15.659710711989058,0.2974704863338894,2.3362940652180595,1.6229547354592142,0.0105354873762999,1.3163466008654294,0.04325810522606,0.0,0.0,0.7807344175436014,0.2749311337598764,0.7326832502313504,0.0087070768321788,28.040007780199204,0.0086169710103435,0.0092149219144417,-36.80836842952551,-262791000.0,4993628001.0,-3998702999.0,8496403000.0,11127500.0,218247500.0,1.0,2.413881568206731,65.6606090373281,3.069744597249509e-07,37.28434782608696,1.37068481879044,293184000.0,0.0170423414493821,0.9759718874763122,2024-05-02,1.66,amc,387120000.0,2025-04-24,2024-03-31,0.0060240963855421,96.76491803278688,1174559.9344262294
2023-12-31,CPT,USD,906345,2024-02-22,2024-02-22 12:40:20,2023,Q4,388987000.0,290700000.0,98287000.0,0.2526742539,0,15744000.0,0.0,15744000.0,-15744000.0,15744000.0,306444000.0,322000.0,33968000.0,144956000.0,227499000.0,0.5848498793,82543000.0,0.2121998936,-2427000.0,225072000.0,0.5786105962,897000.0,222330000.0,0.5715615175,2.04,2.03,108698000,110312000,https://www.sec.gov/Archives/edgar/data/906345/000090634524000007/0000906345-24-000007-index.htm,https://www.sec.gov/Archives/edgar/data/906345/000090634524000007/cpt-20231231.htm,3.578603102172993,2.045391819536698,1.766177850558428,0.6933522235919705,2.465979134850687,46.47528933375039,46.47528933375039,45.82197464534766,34.49377173453053,10792624420.0,14240013420.0,12.135816601448298,27.745463010331964,56.21744150432337,143.20282912719264,2.1668642778597715,2.1668642778597715,36.60794170499271,62.59374071973943,74.17446306906969,188.94479500039805,0.0206001794696011,0.0069831022619797,0.7459580943218069,0.3959441744797408,15.15342485021912,0.6517438300705634,2.430022373999058,0.8634912067647191,0.0102318950148364,0.4966896055413125,0.0404743603256664,0.0,0.0,0.6074278570684446,0.2997889389619704,0.8044786004028809,0.0093782054413129,45.92153712724316,0.0086625032470943,0.0236931192764673,-37.30510450514269,-149591000.0,5051771000.0,-4052014000.0,8441512000.0,11981000.0,217179000.0,1.0,2.7544622313856246,68.91609907120743,3.0959752321981424e-07,32.6742545149097,1.3059357858750489,290700000.0,0.0446377930101789,1.0728256269664576,2024-02-01,0.39,amc,387320000.0,2025-04-24,2023-12-31,4.205128205128204,92.61111111111111,1051457.825396825
2023-09-30,CPT,USD,906345,2023-10-27,2023-10-27 14:41:50,2023,Q3,390778000.0,148440000.0,242338000.0,0.6201423826,0,15543000.0,0.0,15543000.0,-15543000.0,158825000.0,307265000.0,64000.0,33006000.0,144359000.0,191570000.0,0.4902271878,47211000.0,0.12081284,-32706000.0,50571000.0,0.1294110723,752000.0,47963000.0,0.1227372063,0.44,0.44,108683000,108706000,https://www.sec.gov/Archives/edgar/data/906345/000090634523000045/0000906345-23-000045-index.htm,https://www.sec.gov/Archives/edgar/data/906345/000090634523000045/cpt-20230930.htm,3.595576125060957,0.4413109685967447,2.174470708390457,1.2723148974540637,0.1343356366681081,45.4070921855304,45.4070921855304,44.75644765050651,33.91638066670961,10279238140.0,13917766140.0,53.578999124324994,26.3045466735589,43.49564224298432,74.33694299206677,2.1132150777147216,2.1132150777147216,35.615531427050655,72.65107344573785,58.891735807860265,100.64989000498991,0.0046660072805745,0.0134522615505821,0.7510133596751,0.3964558329165972,18.99320352873623,0.0776602160455504,1.430376295219051,4.743732310965696,0.0107435004905918,2.3025040135104144,0.0397745011233999,0.0,0.0,0.4148852442368234,0.2509071646817374,0.679202543658518,0.0096371853072588,21.0810104935906,0.0053071535100399,0.0052051861074067,-39.15830672230248,-415990000.0,4934979000.0,-4244459000.0,8263454000.0,12089000.0,202186000.0,24754500.5,2.776845165285661,128.39066289409865,6.063055780113178e-07,32.41088164551713,0.7009855543329917,148440000.0,0.0098602769380368,0.902155810936393,2023-10-26,1.73,amc,390950000.0,2025-04-24,2023-09-30,0.0,106.32825396825396,661801.4126984127
2023-06-30,CPT,USD,906345,2023-08-04,2023-08-04 12:07:40,2023,Q2,385499000.0,146768000.0,238731000.0,0.619277871,0,15863000.0,0.0,15863000.0,-15863000.0,158199000.0,304967000.0,431000.0,33578000.0,143054000.0,233302000.0,0.6051948254,90248000.0,0.2341069627,-130226000.0,93791000.0,0.243297648,851000.0,91099000.0,0.2363144911,0.84,0.84,108663000,109392000,https://www.sec.gov/Archives/edgar/data/906345/000090634523000039/0000906345-23-000039-index.htm,https://www.sec.gov/Archives/edgar/data/906345/000090634523000039/cpt-20230630.htm,3.547656516017412,0.8383626441382992,2.0883925531229584,1.1279644405179317,0.1870553914395884,45.93598557006525,45.93598557006525,45.28711704996181,34.19754654298151,11830140810.0,15492244810.0,32.465067701072456,30.687863807688217,52.13100374122531,96.51900014685724,2.403994934804352,2.403994934804352,40.18750972116659,66.40425204241713,68.2685257192715,126.3971412603616,0.0077005845883925,0.0103606543631664,0.7483041165738745,0.3976533202712668,15.696839289847494,0.1032919943537003,2.6877121925069987,2.4416935657413386,0.0093331095354899,1.2120001317248268,0.0411492636816178,0.0,0.0,0.4598886886322274,0.2707218436364296,0.7295356998056678,0.0089987263261383,29.227694262405464,0.0100874544205337,0.0098374768355113,-38.78679725389507,-355742000.0,4991542000.0,-4227883000.0,8368225000.0,12121000.0,192040500.0,24754500.5,2.8298127881006176,118.11273574621173,30.35954704022675,31.804224073921297,0.761983874401001,2.964471106263508,0.0185121663455281,0.9604281126050266,2023-08-03,1.69,amc,391450000.0,2025-04-24,2023-06-30,0.0059171597633136,107.77532258064517,766347.7258064516
2023-03-31,CPT,USD,906345,2023-04-28,2023-04-28 12:18:07,2023,Q1,378163000.0,143391000.0,234772000.0,0.620822238,0,15356000.0,0.0,15356000.0,141866000.0,157222000.0,300613000.0,62000.0,32843000.0,142444000.0,220056000.0,0.5819078017,77612000.0,0.2052342508,-33143000.0,44769000.0,0.1183854581,1150000.0,41917000.0,0.1108437367,0.39,0.39,108568000,108604000,https://www.sec.gov/Archives/edgar/data/906345/000090634523000026/0000906345-23-000026-index.htm,https://www.sec.gov/Archives/edgar/data/906345/000090634523000026/cpt-20230331.htm,3.4831902586397465,0.3860898238891754,1.2868524795519858,0.4403046938324368,0.1880756760739813,46.08681195195638,46.08681195195638,45.439632304178026,34.82295888291209,11382269120.0,15109666120.0,67.88575709139491,30.09884393766709,81.47009984897396,238.1078409304855,2.3072369797842818,2.3072369797842818,39.95543223424819,68.66282273603083,108.14943791111652,316.0819638934795,0.0036826576105415,0.0041997776977531,0.7596991054651155,0.4032004151834141,16.938402043116298,0.1125812866432759,2.36312151752276,3.202984937756482,0.009101787957022,2.47152706539113,0.0406068282724645,0.0,0.0,0.6578436916205596,0.2430380550186031,0.6452219819718626,0.0095963909742624,19.867940048302746,0.0082237004287671,0.004509546840945,-39.25748148165205,-310593000.0,5003553000.0,-4252213000.0,8473779000.0,12742500.0,201419000.0,0.5,2.884708445828915,120.17574324748416,6.276544553005419e-07,31.19899348238594,0.7489032109804249,143391000.0,0.0084967638229254,0.846547785719549,2023-04-27,1.68,amc,377340000.0,2025-04-24,2023-03-31,-0.0119047619047619,114.00693548387098,928245.5161290322
2022-12-31,CPT,USD,906345,2023-02-23,2023-02-23 13:39:20,2022,Q4,375909000.0,134928000.0,240981000.0,0.6410620656,0,15887000.0,0.0,15887000.0,146340000.0,162227000.0,297155000.0,138000.0,30668000.0,147271000.0,223863000.0,0.5955244487,78892000.0,0.2098699419,-30530000.0,48224000.0,0.1282863672,753000.0,45709000.0,0.1215959182,0.42,0.42,108467000,108467000,https://www.sec.gov/Archives/edgar/data/906345/000090634523000008/0000906345-23-000008-index.htm,https://www.sec.gov/Archives/edgar/data/906345/000090634523000008/cpt-20221231.htm,3.465653147962053,0.4214092765541593,1.550536107756276,0.5649921174182009,0.098527662791448,46.621746706371525,46.621746706371525,45.973614094609424,34.21852729401569,12135287960.0,15805513960.0,66.3725303550723,32.2825150767872,72.1556882424992,198.0204617920141,2.433569824851302,2.433569824851302,42.04611743799696,70.60351179069342,93.97863005553508,257.910251782713,0.0037666184890432,0.0050499831732052,0.7381579105686817,0.3946117763470693,16.39496477756485,0.0750263671327904,2.5724533715925397,3.542836679235744,0.008536344612625,2.2663151676912645,0.0422628880925968,0.0,0.0,0.6356149885243367,0.284374675785895,0.7258659206496866,0.0083690467639774,20.8784199058325,0.0086680192676655,0.0049002271135036,-39.18522684318733,-379747000.0,5056921000.0,-4240212000.0,-373747000.0,13311000.0,211964000.0,0.0,3.19960415951733,140.98852721451442,0.0,28.12847949715654,0.6383498131239059,0.0,0.0091663290966626,0.9855439903380752,2023-02-02,1.76,amc,376182438.0,2025-04-24,2022-12-31,-0.0113636363636363,114.45428571428572,884972.873015873
2022-09-30,CPT,USD,906345,2022-10-28,2022-10-28 12:31:28,2022,Q3,373772000.0,140119000.0,233653000.0,0.625121732,0,14002000.0,0.0,14002000.0,158260000.0,172262000.0,312381000.0,88000.0,29192000.0,158877000.0,220356000.0,0.5895465685,61479000.0,0.1644826258,-29192000.0,32287000.0,0.0863815374,737000.0,29804000.0,0.0797384502,0.27,0.27,108466000,108506000,https://www.sec.gov/Archives/edgar/data/906345/000090634522000042/0000906345-22-000042-index.htm,https://www.sec.gov/Archives/edgar/data/906345/000090634522000042/cpt-20220930.htm,3.445983073036712,0.2747773495842015,2.267032987295558,1.4230450094960634,0.5718566186639131,47.096435749451445,47.096435749451445,46.44767023767817,34.270951265834455,12956263700.0,16582277700.0,108.67889964434303,34.663548098841005,52.69001407098936,83.93972024981859,2.571711334255526,2.571711334255526,44.36468676091307,75.25221777487339,67.43614251553502,107.43157004768322,0.0023003545381682,0.0119133110882885,0.7320456777133275,0.3917561111627474,16.455254224981395,0.1850412788748221,2.106022197862428,7.793851030110935,0.0079955921242942,3.475808616293115,0.0374613400682769,0.0,0.0,0.3722874711260044,0.2449193626060807,0.5761941627800122,0.0086523335081279,16.945863027626526,0.006444683871006,0.0031658810563913,-39.03336068445412,-359713000.0,5108362000.0,-4224088000.0,8511992000.0,13258000.0,203814000.0,0.0,3.1923739605962997,136.528379448897,0.0,28.1921858500528,0.6592036056041175,0.0,0.0059158478386135,0.8439879777994947,2022-10-27,1.7,amc,372270444.0,2025-04-24,2022-09-30,0.0,133.5071875,743186.9375
2022-06-30,CPT,USD,906345,2022-07-29,2022-07-29 12:07:09,2022,Q2,361716000.0,135452000.0,226264000.0,0.6255294209,0,15734000.0,0.0,15734000.0,156544000.0,172278000.0,307730000.0,662000.0,29022000.0,157734000.0,212382000.0,0.5871512457,54648000.0,0.1510798527,287390000.0,499772000.0,1.3816695971,886000.0,496575000.0,1.3728311714,4.6,4.53,108106000,109745000,https://www.sec.gov/Archives/edgar/data/906345/000090634522000029/0000906345-22-000029-index.htm,https://www.sec.gov/Archives/edgar/data/906345/000090634522000029/cpt-20220630.htm,3.345938245795793,4.5934083214622685,1.9272473313229608,0.4429911383271974,0.6668917543892106,47.89077387009047,47.89077387009047,47.24166096238877,34.835920300445856,14538094879.999998,18202949880.0,7.319183849368171,40.19201495095599,69.77827796896523,303.5726640217164,2.846639962702955,2.846639962702955,50.32387254088843,85.70853405655846,87.36842805511958,380.0991831280017,0.0341568138121822,0.0032941042409815,0.7317156268705551,0.3939430420526383,17.255958602894783,0.2383447903890385,1.8829853214802563,0.4176244673131737,0.0069370850054598,0.2030952021346221,0.0434982140684957,0.0,0.0,0.770143078614043,0.4435993984230722,1.017263240645644,0.0090319477158876,69.87492660566846,0.0057493201941514,0.0523481090480977,-39.09771428042847,-293727000.0,5177280000.0,-4216820000.0,8609008000.0,13258000.0,182521500.0,6590500.0,3.298775835185616,129.6127041313528,0.0,27.282848091718208,0.6943763777105655,0.0,0.0972321511963622,1.4842561929957634,2022-07-28,1.62,amc,342053571.0,2025-04-24,2022-06-30,0.0123456790123455,148.23032258064518,1314236.0322580645
2022-03-31,CPT,USD,906345,2022-04-29,2022-04-29 12:25:56,2022,Q1,311359000.0,118699000.0,192660000.0,0.6187712576,0,14790000.0,0.0,14790000.0,110688000.0,125478000.0,244177000.0,2131000.0,24542000.0,113138000.0,185499000.0,0.595772083,72361000.0,0.2324037526,-101308000.0,84191000.0,0.2703984789,590000.0,80624000.0,0.2589422499,0.77,0.76,105336000,106152000,https://www.sec.gov/Archives/edgar/data/906345/000090634522000022/0000906345-22-000022-index.htm,https://www.sec.gov/Archives/edgar/data/906345/000090634522000022/cpt-20220331.htm,2.955865041391357,0.7653983443457127,1.160923141186299,0.3014733804207488,10.850013290802764,40.69396027948659,40.69396027948659,40.02837586390218,35.08630477709425,17506843200.0,20048436200.0,54.28545842429053,56.22719497429013,143.16193217594676,551.2924549691397,4.152054546631759,4.152054546631759,64.39009696202776,108.07840581350844,163.94576856084458,631.3275034639123,0.0046052848636926,0.0018139192564425,0.8707152426852202,0.4338219081121768,13.701383834953289,3.731640684639148,2.9484557085812075,1.46274566093707,0.005071502553927,1.1012353641595554,0.0475014372476787,0.0,0.0,0.7403158144365305,0.290760825927627,0.800182078523573,0.0101972321339675,26.255421988501137,0.0060746019648913,0.0095269718565329,-28.63921166552745,840911000.0,4286539000.0,-3027419000.0,7694725000.0,15961000.0,180812000.0,13455500.0,3.8322964809111024,128.87699138156177,9.994102730435808,23.484613063810528,0.6983403246397958,9.005310674455655,0.0191213939568293,0.8594497607655502,2022-04-28,1.49,amc,308679900.0,2025-04-24,2022-03-31,0.0067114093959731,164.9325806451613,936529.129032258
2021-12-31,CPT,USD,906345,2022-02-17,2022-02-17 13:55:07,2021,Q4,305364000.0,111394000.0,193970000.0,0.6352091275,0,14940000.0,0.0,14940000.0,2815000.0,128628000.0,240022000.0,191000.0,24582000.0,116503000.0,185161000.0,0.6063615881,68658000.0,0.2248398632,33299000.0,218460000.0,0.7154084961,601000.0,212475000.0,0.6958089362,2.04,2.02,104611000,105448000,https://www.sec.gov/Archives/edgar/data/906345/000090634522000009/0000906345-22-000009-index.htm,https://www.sec.gov/Archives/edgar/data/906345/000090634522000009/cpt-20211231.htm,2.919042930475763,2.03109615623596,1.3521044632017665,-0.0723728862165546,5.994790222825515,40.78208792574394,40.78208792574394,40.124747875462425,30.54123371347181,18691893480.0,21248869480.0,21.993050335333567,61.21184383227885,132.1495526883241,-2468.880396248844,4.453112093179496,4.453112093179496,69.5853783681115,114.7588827020809,150.22708105624093,-2806.613324527804,0.0113672272007832,-0.0004050418973391,0.7553006677800305,0.3974492727896355,13.809473917293598,1.8370084411281729,2.793019282401757,0.6492502031130226,0.0047035898259356,0.4137851511942581,0.0489252171179313,0.0,0.0,1.053526105553395,0.487994655558612,1.2790743586002078,0.010639761072032,42.821577230938686,0.0089740553323483,0.0266366746297756,-29.27555419602145,290534000.0,4266255000.0,-3072885000.0,297434000.0,18675000.0,191649500.0,6865000.5,5.500844893307659,154.84307951954327,11.093057076682769,16.361123017573938,0.581233596485278,8.11318281136198,0.050619536913727,1.4244773494183212,2022-02-03,1.49,amc,303834583.0,2025-04-24,2021-12-31,0.0134228187919463,164.93734375,575610.046875
2021-09-30,CPT,USD,906345,2021-10-29,2021-10-29 12:36:23,2021,Q3,294130000.0,117867000.0,176263000.0,0.5992690307,0,14960000.0,0.0,14960000.0,3248000.0,123174000.0,241041000.0,443000.0,24987000.0,111462000.0,167534000.0,0.5695916771,53089000.0,0.1804950192,-22447000.0,31085000.0,0.1056845612,480000.0,29453000.0,0.1001359943,0.29,0.29,103071000,103171000,https://www.sec.gov/Archives/edgar/data/906345/000090634521000041/0000906345-21-000041-index.htm,https://www.sec.gov/Archives/edgar/data/906345/000090634521000041/cpt-20210930.htm,2.8536639791988048,0.2857544799216074,1.866218431954672,0.9782091956030308,4.154670081788282,38.3601789058028,38.3601789058028,37.728216472140566,30.992374188666066,15199880370.0,17941082370.0,129.0180997691237,51.67742280624213,79.02076063279492,150.75507433672203,3.908745596519131,3.908745596519131,60.99711817903648,107.08920201272578,93.27165352243011,177.94279563600298,0.0019377126189842,0.0066332758907101,0.815038502732929,0.4123870106135305,16.36206381988134,1.2299535197439098,2.124664825709369,6.285018787779775,0.0057034001511684,2.943367398906733,0.0508618638017203,0.0,0.0,0.475833493628901,0.3111821303505253,0.8211587805709569,0.0126474688063101,15.574744130105088,0.0049836638420337,0.0038322481607407,-31.914937271395445,84550000.0,3953822000.0,-3279512000.0,6936017000.0,18934500.0,173352500.0,0.5,5.717675857613981,146.3371427117005,7.635725012089899e-07,15.740661457775875,0.6150181582901987,117867000.0,0.0075740256667742,0.8880092363516411,2021-10-28,1.35,amc,286370000.0,2025-04-24,2021-09-30,0.0074074074074074,146.60046875,637719.0625
2021-06-30,CPT,USD,906345,2021-07-30,2021-07-30 12:22:34,2021,Q2,276523000.0,110426000.0,166097000.0,0.6006625127,0,15246000.0,0.0,15246000.0,2263000.0,112569000.0,222995000.0,257000.0,24084000.0,99586000.0,155569000.0,0.5625897303,53528000.0,0.193575218,-21886000.0,31899000.0,0.1153574929,460000.0,30129000.0,0.1089565787,0.3,0.3,100701000,100767000,https://www.sec.gov/Archives/edgar/data/906345/000090634521000034/0000906345-21-000034-index.htm,https://www.sec.gov/Archives/edgar/data/906345/000090634521000034/cpt-20210630.htm,2.7459806754649905,0.2991926594572049,1.5413253095798454,0.5696864976514633,3.719486400333661,37.59851441395816,37.59851441395816,36.923575734103935,31.703518336461407,13360001669.999998,16153937669.999998,110.8566635965349,48.3142511472825,86.07527507360851,232.88247228420025,3.5930972925100866,3.5930972925100866,58.41806168022189,103.83776761437046,104.07593223505762,281.5844664272765,0.0022551643887631,0.0042940114392964,0.8521480990608193,0.4248950365134408,17.959464931959452,1.2919803399018293,2.2225543929579805,4.9369572823563095,0.0063085321455652,2.7973713033954,0.0551346542602242,0.0,0.0,0.6303917841933343,0.3538403677090151,0.9825176229590504,0.0171812109661764,15.76589399502964,0.0051125863611265,0.0040403013657959,-32.59119323541971,90059000.0,3786208000.0,-3272408000.0,6779773000.0,19342500.0,157084000.0,0.0,6.243495116138621,126.37540072084474,0.0,14.415002867121933,0.7121639139155278,0.0,0.0081030250594299,0.971638811928382,2021-07-29,1.27,amc,276523000.0,2025-04-24,2021-06-30,0.0078740157480315,124.0252380952381,733679.746031746
2021-03-31,CPT,USD,906345,2021-04-30,2021-04-30 13:47:10,2021,Q1,267568000.0,108188000.0,159380000.0,0.5956616636,0,14222000.0,0.0,14222000.0,2206000.0,105157000.0,213345000.0,332000.0,23644000.0,93141000.0,149610000.0,0.5591475812,54223000.0,0.2026512886,-21730000.0,32825000.0,0.1226790947,352000.0,31304000.0,0.1169945584,0.31,0.31,99547000,99621000,https://www.sec.gov/Archives/edgar/data/906345/000090634521000026/0000906345-21-000026-index.htm,https://www.sec.gov/Archives/edgar/data/906345/000090634521000026/cpt-20210331.htm,2.6878559876239363,0.3144645242950566,0.8885852913699057,-0.0187750509809436,3.349191839030809,34.898851798647875,34.898851798647875,34.214762875827496,32.05722924849569,10941210770.0,13775365770.0,87.37869577370304,40.89132769987442,123.69099631455184,-5854.045355805243,3.212356034700176,3.212356034700176,51.48360704568558,92.07516723481052,155.73127622772904,-7370.447174959872,0.0028611093102998,-0.0001708220451364,0.9299995273015644,0.4458815154715638,18.94362007887173,1.2909476835847664,2.293309084757232,2.7239860807440026,0.0076908307287823,2.6880590339892665,0.053152843389344,0.0,0.0,1.0211291489554128,0.3375777372481014,0.9697662683458412,0.0137423010225438,15.559077911667622,0.0053654189479661,0.0044065110620966,-32.96863290706902,80461000.0,3474076000.0,-3272948000.0,6501559000.0,19830000.0,167359500.0,0.0,6.559753034742569,132.36209191407548,0.0,13.72002871500359,0.6799529887939866,0.0,0.0091909017588785,0.9073603423508494,2021-04-29,1.23,amc,263360000.0,2025-04-24,2021-03-31,0.008130081300813,103.99196721311476,716541.2295081967
2020-12-31,CPT,USD,906345,2021-02-18,2021-02-18 13:08:12,2020,Q4,261554000.0,107071000.0,154483000.0,0.5906352034,0,13274000.0,0.0,13274000.0,3351000.0,101848000.0,208919000.0,347000.0,24072000.0,91925000.0,144607000.0,0.5528762703,52635000.0,0.2012395146,-21758000.0,30877000.0,0.118052104,496000.0,29136000.0,0.1113957347,0.29,0.29,99422000,99507000,https://www.sec.gov/Archives/edgar/data/906345/000090634521000010/0000906345-21-000010-index.htm,https://www.sec.gov/Archives/edgar/data/906345/000090634521000010/cpt-20201231.htm,2.6307457102049847,0.2930538512602844,1.0665144535414697,-0.269588219911086,4.228852769004848,35.37031039407777,35.37031039407777,34.64932308744543,32.092464444489146,9934246240.0,12680430240.0,85.24030615046678,37.98162612691834,93.68836931201962,-370.6393403723464,2.8837504198228983,2.8837504198228983,48.48111762771741,87.68891021873077,119.58721403310228,-473.0974234227512,0.0029328848204592,-0.0026980406316161,0.9192198333480894,0.4398730537444895,18.990671267642647,1.364455326760987,2.1865653040877366,3.490174780290313,0.0084693894199264,2.8877333882482152,0.0507505142341543,0.0,0.0,1.2527750271136888,0.507879825963281,1.445069350013598,0.0141653348830451,15.115146225643995,0.0075351631418367,0.0040472557672283,-32.65681136971696,118780000.0,3516587000.0,-3237674000.0,6646971000.0,20155000.0,179631000.0,0.5,6.936311430909105,147.6097169168122,0.0,12.975195951979362,0.6097159582706938,0.0,0.0084577078322914,1.3361026734525558,2021-02-04,1.24,amc,300017823.0,2025-04-24,2020-12-31,-0.0241935483870967,96.81546875,737833.609375
2020-09-30,CPT,USD,906345,2020-10-30,2020-10-30 12:15:15,2020,Q3,265721000.0,107964000.0,157757000.0,0.5936941378,0,12726000.0,0.0,12726000.0,2542000.0,100759000.0,208723000.0,1948000.0,24265000.0,90575000.0,152119000.0,0.5724763944,56998000.0,0.2145031819,-21811000.0,36835000.0,0.1386228413,615000.0,34883000.0,0.1312767903,0.35,0.35,99419000,99455000,https://www.sec.gov/Archives/edgar/data/906345/000090634520000060/0000906345-20-000060-index.htm,https://www.sec.gov/Archives/edgar/data/906345/000090634520000060/cpt-20200930.htm,2.672738611331838,0.3508685462537342,1.6406320723402972,0.6869813617115441,5.9305967672175335,35.868465786217925,35.868465786217925,35.14482141240608,32.69057222462507,8846302620.0,11482487620.0,63.39981237278904,33.29169550016747,54.23519477653117,129.52316461441603,2.5318097069228576,2.5318097069228576,43.21257115546005,75.48358600832243,70.39720201091288,168.1208746833775,0.0039432293352858,0.007720626676911,0.9232229069710536,0.4403987700285731,17.32975499444514,1.7289308353289197,2.3489800123634863,4.503313086692435,0.0095110922171911,2.4120058481208613,0.0478923382043572,0.0,0.0,0.5812703083808473,0.3568065753177205,1.0467678719293405,0.012008836335856,16.656898839209408,0.007928837137808,0.0047623643924828,-31.72419758295698,258734000.0,3566007000.0,-3145032000.0,6642047000.0,20792000.0,175553500.0,0.5,6.8255049469180085,153.09603201067023,8.336112037345782e-07,13.18583763398174,0.5878663138292659,107964000.0,0.0099835063076996,0.9536507106287532,2020-10-29,1.18,amc,197392742.0,2025-04-24,2020-09-30,0.0593220338983051,89.955,701941.1875
2020-06-30,CPT,USD,906345,2020-07-31,2020-07-31 12:27:47,2020,Q2,250683000.0,106440000.0,144243000.0,0.5754000072,0,14391000.0,0.0,14391000.0,2380000.0,104814000.0,211254000.0,325000.0,23482000.0,92803000.0,134190000.0,0.535297567,39429000.0,0.1572862938,-21549000.0,17905000.0,0.0714248673,394000.0,16442000.0,0.0655888114,0.17,0.17,99399000,99408000,https://www.sec.gov/Archives/edgar/data/906345/000090634520000052/0000906345-20-000052-index.htm,https://www.sec.gov/Archives/edgar/data/906345/000090634520000052/cpt630202010q2q20.htm,2.5219871427277942,0.1654141389752412,1.4043400839042646,0.4984557188704112,6.052213804967857,36.323977102385335,36.323977102385335,35.59605227416775,32.67993641787141,9067176780.0,11690463780.0,137.86608654664883,36.16989097784852,64.9557760584569,183.0052230250676,2.5626437251357466,2.5626437251357466,46.63444980313783,87.11874044265593,83.74857640232108,235.9517171921043,0.0018133538585314,0.0054643249163605,0.9114408633513198,0.4404538563448379,19.54904985468366,1.9965901493202585,1.6791159185759306,7.971560733253384,0.0092765369023719,5.115679357742367,0.0574071636289656,0.0,0.0,0.6450605344222365,0.3591946801338742,0.9702703576393004,0.0144126247092942,11.510083952847848,0.0055027839461659,0.0022456533318764,-31.121791969738126,313019000.0,3610567000.0,-3084024000.0,6620652000.0,20888000.0,162147000.0,0.5,7.694498629743541,141.58934611048477,0.0,11.696668533034714,0.6356410455471088,0.0,0.0046469798870163,0.9058843650338536,2020-07-30,1.15,amc,383397529.0,2025-04-24,2020-06-30,-0.0521739130434781,88.42079365079366,886828.2063492064
2020-03-31,CPT,USD,906345,2020-05-08,2020-05-08 12:32:47,2020,Q1,265879000.0,101506000.0,164373000.0,0.6182248316,0,13233000.0,0.0,13233000.0,2527000.0,102565000.0,204071000.0,329000.0,19707000.0,91859000.0,156118000.0,0.5871768737,61808000.0,0.2324666484,-16903000.0,44934000.0,0.1690016887,467000.0,43185000.0,0.1624235084,0.44,0.44,99298000,99380000,https://www.sec.gov/Archives/edgar/data/906345/000090634520000038/0000906345-20-000038-index.htm,https://www.sec.gov/Archives/edgar/data/906345/000090634520000038/cpt331202010q1q20.htm,2.677586658341558,0.4349030191947471,1.113657878305706,0.0103728171765795,0.2243449012064694,36.97278897862999,36.97278897862999,36.239934339060206,26.45151966806985,7868373519.999999,10452972520.0,45.55038508741461,29.59381342640825,71.15291109021196,7639.197592233008,2.186538177984317,2.186538177984317,39.31477296063247,66.9555882089189,94.52518013455834,10148.517009708738,0.005488427804073,0.0001309038008149,0.7244234001833515,0.3881838771690266,16.555419618493705,0.1719169611953841,3.136347490739331,2.486877909460949,0.0102909451100892,1.8750260507120529,0.0497707603834827,0.0,0.0,0.9906858134992405,0.4120445766683341,1.1926321862855027,0.0129118884906291,18.831337693807768,0.0094944482404218,0.0064305784914757,-30.27967330157707,-226330000.0,3671324000.0,-2997258000.0,6078390000.0,21088500.0,164280000.0,0.5,6.88644082458562,139.06261698815834,8.866470947530194e-07,13.069160440424696,0.6471904667784572,101506000.0,0.0120006569307163,1.1032850611291265,2020-05-07,1.31,amc,284428697.0,2025-04-24,2020-03-31,0.0305343511450381,103.99951612903226,904711.3064516129
2019-12-31,CPT,USD,906345,2020-02-20,2020-02-20 13:04:30,2019,Q4,263461000.0,98532000.0,164929000.0,0.6260091626,0,13174000.0,0.0,13174000.0,2847000.0,95867000.0,194399000.0,976000.0,20168000.0,85540000.0,155178000.0,0.5889979921,69062000.0,0.2621336744,27543000.0,96605000.0,0.3666766618,380000.0,94759000.0,0.3596699322,0.96,0.94,99055000,100932000,https://www.sec.gov/Archives/edgar/data/906345/000090634520000008/0000906345-20-000008-index.htm,https://www.sec.gov/Archives/edgar/data/906345/000090634520000008/cpt1231201910k.htm,2.659744586340922,0.9566301549644136,1.4856594821059008,0.4064913431931755,0.2340517894099237,37.3703901872697,37.3703901872697,36.63303215385392,25.68539700166574,10509735500.0,13010650500.0,27.727539072805747,39.891048390463865,71.4160958671396,261.01416863280764,2.896293147517627,2.896293147517627,49.38359187887392,83.84339597107838,88.41039466710156,323.1255556935304,0.0090163068328408,0.003831209643668,0.6955960630366097,0.3740234872795511,16.116427586384667,0.1606382285900358,3.424335581118604,1.529353078721746,0.0076846843576605,0.8523095431568506,0.0500036058467856,0.0,0.0,0.7263899648006958,0.4057412672084293,1.249672667757774,0.0115842572524965,28.08016956124992,0.010679401819421,0.0140414823789094,-30.359106052193223,-257768000.0,3701724000.0,-2997448000.0,6182600000.0,22501500.0,171204000.0,0.0,7.458295535202554,156.84965290464012,0.0,12.067100261072689,0.5737978907401045,0.0,0.0261138676958733,1.0791681389127252,2020-01-30,1.33,amc,175640666.0,2025-04-24,2019-12-31,-0.0676691729323308,110.71796875,452438.0625
2019-09-30,CPT,USD,906345,2019-11-01,2019-11-01 12:22:59,2019,Q3,260672000.0,101343000.0,159329000.0,0.611224067,0,13458000.0,0.0,13458000.0,2139000.0,97133000.0,198476000.0,1485000.0,20719000.0,85814000.0,151628000.0,0.5816811932,42962000.0,0.1648124847,1498000.0,45095000.0,0.1729951817,313000.0,43508000.0,0.166907071,0.44,0.44,98959000,99066000,https://www.sec.gov/Archives/edgar/data/906345/000090634519000040/0000906345-19-000040-index.htm,https://www.sec.gov/Archives/edgar/data/906345/000090634519000040/cpt930201910q3q19.htm,2.6341414120999604,0.4396568275750563,1.91760223931123,0.9683505290069624,1.5889307693085015,36.96259056781091,36.96259056781091,36.225891530836,25.24384846249457,10985438590.0,13305586590.0,63.12309569504459,42.14276404830592,57.89000331991315,114.63823964018492,3.0643828297643605,3.0643828297643605,51.04340546740732,87.75151416624898,70.11649517295167,138.85007972700805,0.0039605155172962,0.0087230927754883,0.6910659163296492,0.3726152663264069,15.301580183079642,0.5706492574614165,2.0735556735363674,4.237506140860167,0.0073520960804897,1.8563482577916703,0.0516280996808249,0.0,0.0,0.4950201302670686,0.3603647495703412,1.0946582142773906,0.0139945985759882,18.930309355549973,0.0064481559850759,0.0065438887857768,-28.45874048848513,-140016000.0,3657781000.0,-2804770000.0,5967906000.0,22733500.0,149530000.0,0.0,7.999708445863001,151.584322548178,0.0,11.250410012947777,0.5937289456262559,0.0,0.0121365357482179,0.9492517103042676,2019-10-31,1.28,amc,260672000.0,2025-04-24,2019-09-30,0.0078125,107.67734375,467664.0
2019-06-30,CPT,USD,906345,2019-07-26,2019-07-26 12:15:07,2019,Q2,255761000.0,98842000.0,156919000.0,0.6135376387,0,13261000.0,0.0,13261000.0,1867000.0,96040000.0,194882000.0,331000.0,19349000.0,84646000.0,147765000.0,0.5777464117,41861000.0,0.1636723347,-17840000.0,43770000.0,0.1711363343,228000.0,42282000.0,0.1653184027,0.43,0.43,98903000,98997000,https://www.sec.gov/Archives/edgar/data/906345/000090634519000033/0000906345-19-000033-index.htm,https://www.sec.gov/Archives/edgar/data/906345/000090634519000033/cpt630201910q2q19.htm,2.585978180641639,0.4275097823119622,1.2741777296947514,-0.0121937656087277,1.512097711899538,37.29682618323003,37.29682618323003,36.55726317705226,25.2383850843756,10363056340.0,12690308340.0,61.27345170521735,40.51851666203995,82.23342596413268,-8592.915704809287,2.866188300052301,2.866188300052301,49.61783985830522,85.88169282306364,100.70074861133152,-10522.643731343283,0.0040800704553537,-0.000116374934231,0.6850280020898196,0.374048908406153,15.749683619260312,0.6597112367538515,2.1634709804124244,2.894217077763998,0.0077912342991276,1.9095832742065184,0.0518491873272312,0.0,0.0,1.0095699095381685,0.4974409702808481,1.5030361741842495,0.017614100664292,18.752152450097864,0.0065549101087357,0.0063854638197825,-27.972460390483604,-91423000.0,3688768000.0,-2755594000.0,5978591000.0,21817000.0,127667500.0,0.0,7.846114145628145,116.8874567491552,0.0,11.47064627528367,0.7699714109884631,0.0,0.0116942502025238,1.2863714953034793,2019-07-25,1.27,amc,527785116.0,2025-04-24,2019-06-30,0.0078740157480315,102.61460317460318,438150.126984127
2019-03-31,CPT,USD,906345,2019-05-03,2019-05-03 12:19:49,2019,Q1,248567000.0,98679000.0,149888000.0,0.6030084444,0,13308000.0,0.0,13308000.0,1843000.0,91739000.0,190418000.0,298000.0,20470000.0,80274000.0,140633000.0,0.5657750224,58149000.0,0.2339369265,-18958000.0,39889000.0,0.1604758476,168000.0,38529000.0,0.1550044857,0.4,0.4,96892000,97041000,https://www.sec.gov/Archives/edgar/data/906345/000090634519000023/0000906345-19-000023-index.htm,https://www.sec.gov/Archives/edgar/data/906345/000090634519000023/cpt331201910q1q19.htm,2.565402716426537,0.3976489287041241,0.9562296164802048,0.135749081451513,0.0628741278949758,38.45848986500433,38.45848986500433,37.6999958716922,22.141033315444,9800625800.0,11919352800.0,63.592526408679184,39.42850740444226,105.7800325954388,745.1247472059606,2.683024166481422,2.683024166481422,47.95227363246127,84.75502051438852,128.64785917043528,906.2079221470387,0.0039312795719636,0.0013420571572072,0.5816915003936676,0.3380566118846329,15.065646043247318,0.1386437353850795,2.840693698094773,2.3325444978726617,0.0076507359356583,1.9461185081367285,0.053538884888179,0.0,0.0,0.8580371501656755,0.3198252382657392,0.990333109101328,0.0162129325292577,18.365883230514317,0.0095760403884323,0.0061299259839558,-26.183578107583703,-205542000.0,3726320000.0,-2525990000.0,5724250000.0,22128500.0,136915000.0,0.5,7.7256031572976305,115.7972820964947,0.0,11.649575854150068,0.7772203144198355,0.0,0.0105477180967732,0.8204805350286918,2019-05-02,1.22,amc,260995349.0,2025-04-24,2019-03-31,0.0,96.09934426229508,613677.4590163934
2018-12-31,CPT,USD,906345,2019-02-15,2019-02-15 13:14:43,2018,Q4,244919000.0,94144000.0,150775000.0,0.615611692,0,13622000.0,0.0,13622000.0,1580000.0,90719000.0,184863000.0,432000.0,22047000.0,78677000.0,126495000.0,0.516476876,60056000.0,0.2452075992,-19423000.0,40633000.0,0.1659038294,326000.0,39196000.0,0.1600365835,0.41,0.41,95262000,95465000,https://www.sec.gov/Archives/edgar/data/906345/000090634519000006/0000906345-19-000006-index.htm,https://www.sec.gov/Archives/edgar/data/906345/000090634519000006/cpt1231201810k.htm,2.5710041779513344,0.4114547248640591,1.3415317755243434,0.4294157166551196,0.3608784195167013,36.08761100963658,36.08761100963658,35.31415464718356,24.602149860385044,8387819100.0,10675044100.0,53.49920336258802,34.24731890951703,65.6339280264795,205.0460581318601,2.4933344965974524,2.4933344965974524,43.58601864289827,84.39103600932843,83.53125738475865,260.9588603417508,0.0046729667786945,0.004876953056844,0.6901117892855051,0.3732729155927742,18.081544725087948,0.2408456007472683,2.723998729985939,3.17059071625276,0.0089386763240995,1.9128482498214103,0.055618388120154,0.0,0.0,0.6799064140785778,0.3547703526472017,1.1043888302807685,0.0180141189536132,18.0811768185504,0.010023617635451,0.0063020271767284,-28.66032625286053,-209683000.0,3437778000.0,-2715285000.0,5715643000.0,22762500.0,143456000.0,-7849999.5,8.422376377496233,140.40130013596192,9.559823249490143e-07,10.685820244328095,0.6410197050372448,94144000.0,0.0116512692707731,0.912116058869224,2019-01-31,1.22,amc,262839902.0,2025-04-24,2018-12-31,0.0081967213114754,91.67619047619048,646185.6507936508
2018-09-30,CPT,USD,906345,2018-10-26,2018-10-26 12:26:30,2018,Q3,241770000.0,95276000.0,146494000.0,0.6059229847,0,12618000.0,0.0,12618000.0,1827000.0,87267000.0,182543000.0,385000.0,21235000.0,76476000.0,138031000.0,0.5709186417,59227000.0,0.2449724945,-19292000.0,40320000.0,0.1667700707,330000.0,38582000.0,0.1595814204,0.41,0.41,95257000,95417000,https://www.sec.gov/Archives/edgar/data/906345/000090634518000045/0000906345-18-000045-index.htm,https://www.sec.gov/Archives/edgar/data/906345/000090634518000045/cpt930201810q3q18.htm,2.5380811908836094,0.405030601425617,1.5187020376455274,0.5235625728292934,0.2543540107288703,36.47812759167305,36.47812759167305,35.70211113094051,23.94410909434477,8805557080.0,11056637080.0,57.05741718936291,36.42121470819374,60.86776583464093,176.55960299159867,2.5892026289697125,2.5892026289697125,45.73204731769864,80.10256449638125,76.42819081062025,221.69584905660372,0.0043815512919257,0.0056638097450161,0.6644196965722949,0.3645412599822538,16.308510407082466,0.1444445223635675,2.789121732987992,3.617579394848712,0.0085252982086171,1.9457259862111864,0.0521900980270505,0.0,0.0,0.6552565547083993,0.3920833850353641,1.2395261258434018,0.0170864871572155,18.03774015029055,0.0093345332703321,0.0062244091312414,-28.24328133365527,-244001000.0,3474797000.0,-2682508000.0,5555372000.0,23039000.0,133911500.0,-13100000.0,8.41481573396203,132.29081825433477,-14.830597422225951,10.695421366954214,0.6803193236508005,-6.068535031847134,0.0113447241240198,0.995139464816234,2018-10-25,1.19,amc,253889999.0,2025-04-24,2018-09-30,0.0084033613445378,92.91174603174602,429561.7460317461
2018-06-30,CPT,USD,906345,2018-08-03,2018-08-03 12:10:26,2018,Q2,237133000.0,92622000.0,144511000.0,0.6094090658,0,12272000.0,0.0,12272000.0,1826000.0,86015000.0,178637000.0,491000.0,20607000.0,75569000.0,136428000.0,0.5753227092,58496000.0,0.2466801331,-18735000.0,40252000.0,0.169744405,380000.0,38389000.0,0.1618880544,0.41,0.41,95243000,95337000,https://www.sec.gov/Archives/edgar/data/906345/000090634518000034/0000906345-18-000034-index.htm,https://www.sec.gov/Archives/edgar/data/906345/000090634518000034/cpt630201810q2q18.htm,2.489768276933738,0.4030637422172758,1.5132765662568377,0.4032947303213884,0.7829551778083429,36.900790609283625,36.900790609283625,36.07442016736138,23.37069390926367,8679494590.0,10820711590.0,56.523317812394176,36.60179979167809,60.22032061555967,225.9637757413241,2.5261667291453955,2.5261667291453955,45.6314034318294,79.3144485736066,75.07657438822166,281.7086665278176,0.004422953387658,0.0044254880974584,0.6418490288826358,0.3596415209235106,15.694850030785467,0.380421371749527,2.8386470616780706,3.614792335473515,0.0086428995631184,1.954101435306989,0.0517515487089523,0.0,0.0,0.7334956878907091,0.4458173261418697,1.3989598909605792,0.0169651630097877,18.08746922034529,0.0095759041142269,0.0062605330218695,-26.56823336098191,-158184000.0,3514542000.0,-2520239000.0,5526275000.0,23435000.0,125741500.0,-9100000.0,8.908798016303088,124.15981084407592,-10.202759603549913,10.102372939121544,0.7248722383527552,-8.821142857142856,0.0111731176924626,1.1099818359354494,2018-08-02,1.18,amc,272665000.0,2025-04-24,2018-06-30,0.0084745762711864,87.10078125,552631.9375
2018-03-31,CPT,USD,906345,2018-05-04,2018-05-04 12:14:19,2018,Q1,230683000.0,91569000.0,139114000.0,0.603052674,0,12223000.0,0.0,12223000.0,1998000.0,80449000.0,172018000.0,793000.0,20374000.0,70224000.0,131511000.0,0.5700940251,58665000.0,0.2543100272,-18545000.0,40913000.0,0.1773559387,388000.0,39130000.0,0.1696267172,0.41,0.41,95067000,96046000,https://www.sec.gov/Archives/edgar/data/906345/000090634518000017/0000906345-18-000017-index.htm,https://www.sec.gov/Archives/edgar/data/906345/000090634518000017/cpt331201810q1q18.htm,2.426530762514858,0.4116044473897357,0.9167639664657558,0.1612126184690797,1.1476222032882073,37.221990806483845,37.221990806483845,36.390671841964085,23.40784920108976,8002740060.000001,10106279060.0,51.12918515205725,34.691503318406646,91.82298070082842,522.1675623124104,2.3132301696867112,2.3132301696867112,43.81024635538813,76.84740485586757,115.95886660394244,659.4205311235809,0.0048895752837934,0.0019150940659192,0.6373484196797735,0.3597919513737328,15.995156298712656,0.6137107746324336,2.879405124177874,2.150623072177668,0.0091147531286927,1.864119601328904,0.0529861324848385,0.0,0.0,0.8241503545448287,0.311371015636176,1.0228411938938256,0.0181331090717564,18.35804056557205,0.009565800066534,0.0063850531339873,-25.950048386927115,-88016000.0,3538583000.0,-2449958000.0,5558142000.0,23717500.0,126009500.0,-4950000.0,9.128240919356866,121.586344723651,-7.568063427579203,9.859511903235456,0.7402147026013289,-11.892077922077922,0.0113107130634255,0.755551347996676,2018-05-03,1.13,amc,253207317.0,2025-04-24,2018-03-31,0.0176991150442478,83.52803278688525,644074.5409836066
2017-12-31,CPT,USD,906345,2018-02-16,2018-02-16 12:49:21,2017,Q4,229827000.0,87714000.0,142113000.0,0.6183477137,0,13002000.0,0.0,13002000.0,2370000.0,78825000.0,166539000.0,1432000.0,20618000.0,68193000.0,132913000.0,0.5783176041,63288000.0,0.2753723453,26010000.0,89298000.0,0.3885444269,216000.0,87989000.0,0.3828488385,0.93,0.91,94905000,97068000,https://www.sec.gov/Archives/edgar/data/906345/000090634518000007/0000906345-18-000007-index.htm,https://www.sec.gov/Archives/edgar/data/906345/000090634518000007/cpt1231201710k.htm,2.421653232179548,0.9271271271271272,1.0619566935356408,0.2267109214477635,3.90592697961119,37.53167904746852,37.53167904746852,36.695569253464,23.446773088878352,8736954300.0,10573060300.0,24.823995897214427,38.01535198214309,86.68903408245275,406.06777746793085,2.5087497448022207,2.5087497448022207,46.00443072397934,79.54872962012745,104.9070824031354,491.4045501022495,0.010070900794342,0.0024626430746009,0.6330334897014954,0.3570923205806262,13.81434472173527,1.5905818183257534,3.0695508778737026,1.1313733414157745,0.0083473024461167,0.8288536067008376,0.0565729875079951,0.0,0.0,0.7865158505730019,0.3449072563275855,1.162421362896485,0.0187053740422143,27.66735979915356,0.0106626840909249,0.0142521204299236,-23.43589378852537,149204000.0,3561944000.0,-2209961000.0,5698108000.0,23829000.0,127935000.0,-1100000.0,9.413254317377854,131.65709008824132,-2.2573363431151243,9.560986770946002,0.6835940239882163,-39.87,0.025265369797734,0.8352457720878773,2018-02-01,0.5,amc,153581889.0,2025-04-24,2017-12-31,0.8200000000000001,92.44873015873016,624236.8253968254
2017-09-30,CPT,USD,906345,2017-10-27,2017-10-27 13:22:54,2017,Q3,228178000.0,95457000.0,132721000.0,0.5816555496,0,12266000.0,0.0,12266000.0,2116000.0,77164000.0,172621000.0,385000.0,21210000.0,67014000.0,122956000.0,0.5388600128,55557000.0,0.2434809666,-92868000.0,35987000.0,0.1577145912,512000.0,34384000.0,0.1506893741,0.38,0.37,91011000,92033000,https://www.sec.gov/Archives/edgar/data/906345/000090634517000044/0000906345-17-000044-index.htm,https://www.sec.gov/Archives/edgar/data/906345/000090634517000044/cpt930201710q3q17.htm,2.5071474876663262,0.3778004856555801,1.4330575424948633,0.6442627814220259,3.848699607739724,38.89191416422191,38.89191416422191,38.01652547494259,24.452659568623577,8322955950.0,10176932950.0,60.51474486679851,36.475716107600206,63.81460429062136,141.94518546942953,2.4055328270406098,2.4055328270406098,44.600850870811385,82.76890066365203,78.02960306385327,173.56413319689605,0.0041312245561025,0.007044973006255,0.6370811249502156,0.3573169911305023,15.07837763102248,1.415921876501593,2.6193776520509195,3.676504580690627,0.008331655293694,2.01675197766403,0.0537562779934963,0.0,0.0,0.5504278353677238,0.3146184119415544,1.0712537678694003,0.0190772116505535,17.976648470052712,0.0092850678329053,0.0055737696945725,-24.84660096032348,112526000.0,3539592000.0,-2246231000.0,5557076000.0,23606000.0,122155500.0,0.0,9.3164108722138,120.26493604450172,0.0,9.660372565622351,0.7483477974552553,0.0,0.009937796285581,0.7887947610728373,2017-10-26,1.14,amc,252221052.0,2025-04-24,2017-09-30,-0.026315789473684,89.91571428571429,703184.5396825396
2017-06-30,CPT,USD,906345,2017-07-28,2017-07-28 13:15:25,2017,Q2,223370000.0,87868000.0,135502000.0,0.6066257779,0,12451000.0,0.0,12451000.0,1942000.0,75542000.0,163410000.0,560000.0,21966000.0,65033000.0,127338000.0,0.5700765546,59960000.0,0.2684335408,-20181000.0,40339000.0,0.1805927385,25000.0,39188000.0,0.1754398532,0.43,0.43,90105000,91041000,https://www.sec.gov/Archives/edgar/data/906345/000090634517000038/0000906345-17-000038-index.htm,https://www.sec.gov/Archives/edgar/data/906345/000090634517000038/cpt630201710q2q17.htm,2.47899672604184,0.4349148215970257,1.44788857444093,0.5018256478552799,0.1810998279784695,34.683857721547085,34.683857721547085,33.796104544697855,25.812840574884856,7704878550.0,9992460550.0,49.15330298815964,34.49379303397949,59.05841202802349,170.39782714465798,2.5301732596698145,2.5301732596698145,44.73501611675695,78.47194513813629,76.5928818353237,220.98902072229475,0.00508612819082,0.0058686194346308,0.7565682100145869,0.3973200427689442,17.964645274780505,0.2054973152646382,2.729673131202768,3.236146251922409,0.0089976758945798,1.769061957742166,0.0557415946635626,0.0,0.0,0.6534086553939078,0.38163137395353,1.31079605738625,0.019904194833684,18.18556027515961,0.0107698573190185,0.0067581830096919,-29.292480994395422,-186438000.0,3125189000.0,-2625189000.0,5239991000.0,23613000.0,118420000.0,0.0,9.505663249317276,119.58688032048072,0.0,9.46804001356392,0.7525909176559261,0.0,0.0128687855436657,0.94606292658565,2017-07-27,1.13,amc,238986046.0,2025-04-24,2017-06-30,0.0176991150442478,83.76253968253968,500258.98412698414
2017-03-31,CPT,USD,906345,2017-05-05,2017-05-05 13:24:23,2017,Q1,219521000.0,87379000.0,132142000.0,0.6019560771,0,12868000.0,0.0,12868000.0,1748000.0,74854000.0,162233000.0,634000.0,22956000.0,63734000.0,123473000.0,0.56246555,57288000.0,0.2609681989,-21462000.0,36460000.0,0.1660888935,471000.0,34861000.0,0.1588048524,0.39,0.38,89925000,90949000,https://www.sec.gov/Archives/edgar/data/906345/000090634517000019/0000906345-17-000019-index.htm,https://www.sec.gov/Archives/edgar/data/906345/000090634517000019/cpt331201710q1q17.htm,2.441156519321657,0.3876675006950236,0.8116207951070337,0.1134500973033083,2.730375312760634,34.99919933277732,34.99919933277732,34.10647762023909,27.50348623853211,7235365499.999999,9440131500.0,51.88724864461719,32.95978744630354,99.13496608892235,709.21049794158,2.359082661536831,2.359082661536831,43.00331858910992,76.45502660500676,129.34344728368842,925.321652617134,0.0048181394568111,0.0014100186092879,0.7989158875457487,0.412831029564241,17.856260073052407,1.2954029538427043,2.4955567171981183,2.027980771902526,0.0095587430932134,1.9839075184303376,0.0586185376342126,0.0,0.0,0.8602178529834897,0.285999972667763,0.985078607964352,0.0202668537406444,17.248025715204307,0.0094766960876811,0.0058734570823672,-28.07660272449263,63244000.0,3147303000.0,-2510705000.0,5423368000.0,23831000.0,128949500.0,0.5,9.689551341329532,123.68807150459492,0.0,9.288355758652788,0.7276368602501541,0.0,0.0113663892534296,0.6981706978037253,2017-05-04,1.1,amc,230756410.0,2025-04-24,2017-03-31,-0.009090909090909,82.29338709677418,600252.4193548387
2016-12-31,CPT,USD,906345,2017-02-13,2017-02-13 14:41:20,2016,Q4,217139000.0,80641000.0,136498000.0,0.6286203768,0,12579000.0,0.0,12579000.0,1641000.0,73705000.0,154346000.0,836000.0,23209000.0,62767000.0,128469000.0,0.5916440621,62793000.0,0.2891834263,-20300000.0,42493000.0,0.1956949235,413000.0,40893000.0,0.1883263716,0.46,0.45,89745000,90844000,https://www.sec.gov/Archives/edgar/data/906345/000090634517000009/0000906345-17-000009-index.htm,https://www.sec.gov/Archives/edgar/data/906345/000090634517000009/cpt12312016-10k.htm,2.419510836258288,0.4556576968076216,0.9532787341913198,0.0587107916875591,3.7591397849462367,35.351161624603044,35.351161624603044,34.45217003732798,27.899013872639145,7544862149.999999,9788086150.0,46.12563366590859,34.746692901781806,88.19036550869646,1431.9343613588917,2.440194620800735,2.440194620800735,45.07751325188013,76.19025718266664,114.41095649429586,1857.674349971532,0.0054199797407829,0.0006983560329197,0.8022833782354596,0.411500572646476,17.461208540581776,1.4446575395972892,2.705545262613642,2.0330798479087453,0.0109771389262559,2.0253099552490648,0.0579306342941618,0.0,0.0,0.9384117262016084,0.3697309096937906,1.2790638392786018,0.0212398509710369,18.793986275076183,0.0107729077234505,0.0067836710155948,-27.85867735807009,113839000.0,3172590000.0,-2485708000.0,5599873000.0,24013000.0,140503000.0,0.5,9.959150590174955,153.8072444538138,1.1160575885715703e-06,9.036915265523556,0.5851479903927786,80641000.0,0.0132258054083074,0.8945679425037607,2017-02-07,1.14,amc,188153333.0,2025-04-24,2016-12-31,0.0087719298245614,79.48523809523809,690008.8571428572
2016-09-30,CPT,USD,906345,2016-10-28,2016-10-28 13:16:50,2016,Q3,220235000.0,86875000.0,133360000.0,0.6055349967,0,10810000.0,0.0,10810000.0,1667000.0,71975000.0,158850000.0,927000.0,23076000.0,62832000.0,127010000.0,0.5767021591,61385000.0,0.2787249983,176811000.0,303821000.0,1.3795309556,400000.0,290898000.0,1.3208527255,3.24,3.23,89669000,90012000,https://www.sec.gov/Archives/edgar/data/906345/000090634516000082/0000906345-16-000082-index.htm,https://www.sec.gov/Archives/edgar/data/906345/000090634516000082/cpt930201610qq316.htm,2.456088503273149,3.2441311936120623,1.5104997267729092,0.3485485507812064,4.614102978732896,35.61152683759159,35.61152683759159,34.70841650960756,27.921600553145456,7508882060.0,9675766060.0,6.453191548240276,34.09486257860921,55.43860651925135,240.2534734753951,2.412671289017755,2.412671289017755,43.933825504574656,76.18113581607747,71.43686411458526,309.58488705445706,0.0387405205829001,0.0041622707282207,0.7970474274556602,0.4074428914969238,17.060735375167308,1.5281772343418922,2.6601230715895303,0.446392965549517,0.0595658576637705,1.537559556958109,0.0490839330714918,0.0,0.0,0.7692495108715715,0.4730901082934138,1.658247389865037,0.0233568687992371,50.33358496365226,0.0105767147129561,0.0477800048256658,-27.470904102867213,154298000.0,3193250000.0,-2448598000.0,5481041000.0,24003000.0,142028500.0,0.0,9.806888096805684,148.3438273381295,0.0,9.17722310192516,0.6066986514703931,0.0,0.0934681417319646,1.1619511759917027,2016-10-27,1.1,amc,38414953.0,2025-04-24,2016-09-30,0.027272727272727,87.4659375,619716.296875
2016-06-30,CPT,USD,906345,2016-07-29,2016-07-29 13:02:53,2016,Q2,221478000.0,87571000.0,133907000.0,0.6046063266,0,11803000.0,0.0,11803000.0,1791000.0,72468000.0,160039000.0,215000.0,23070000.0,62456000.0,125799000.0,0.5679977244,61439000.0,0.2774045278,11069000.0,72508000.0,0.3273824037,489000.0,446302000.0,2.0151075953,4.98,4.97,89559000,89862000,https://www.sec.gov/Archives/edgar/data/906345/000090634516000060/0000906345-16-000060-index.htm,https://www.sec.gov/Archives/edgar/data/906345/000090634516000060/cpt630201610qq216.htm,2.4729842896861287,4.983329425295057,1.4019361538203865,0.4482296586607711,3.815652251588338,37.34822854207841,37.34822854207841,36.47795308120904,27.95777085496712,7918806780.0,10057880780.0,4.4357894318197095,35.75437190149812,63.069919239223935,197.26494731335475,2.423929868081002,2.423929868081002,45.412550140420265,79.95199310010413,80.10673149829559,250.55129860747823,0.0563597537355242,0.005069324345858,0.7593675895619403,0.4001629815690815,17.003903051693573,1.9181676214361656,2.663155613350672,1.74337327649648,0.0087159596031966,0.1546486459841094,0.0532919748236845,0.0,0.0,0.6802781229092995,0.3856500419906266,1.3675707698219546,0.0253207993570467,63.953790205841074,0.010268854584829,0.0719903011126427,-27.85730077379158,235768000.0,3344870000.0,-2362055000.0,5628188000.0,24009500.0,140927500.0,0.5,9.755912551133749,144.77121421475147,0.0,9.225174941686104,0.6216705474784189,0.0,0.1366120904372271,0.9537064951596156,2016-07-28,1.15,amc,32731781.0,2025-04-24,2016-06-30,0.0,83.481875,632481.484375
2016-03-31,CPT,USD,906345,2016-04-29,2016-04-29 13:18:03,2016,Q1,217595000.0,85241000.0,132354000.0,0.6082584618,0,12223000.0,0.0,12223000.0,1765000.0,72549000.0,157790000.0,224000.0,23790000.0,62091000.0,123617000.0,0.5681058848,36239000.0,0.1665433489,-85438000.0,38179000.0,0.1754589949,315000.0,41730000.0,0.1917783037,0.47,0.46,89344000,90509000,https://www.sec.gov/Archives/edgar/data/906345/000090634516000050/0000906345-16-000050-index.htm,https://www.sec.gov/Archives/edgar/data/906345/000090634516000050/cpt331201610qq116.htm,2.4354741224928365,0.4670710959885387,1.080206840974212,0.262412696991404,0.0776213287965616,33.04872179441261,33.04872179441261,32.198121866045845,31.223215884670488,7512936960.0,10271818960.0,45.00920776419842,34.52715806888945,77.84620205160087,320.4494331413948,2.611643012901201,2.611643012901201,47.20613506744181,83.09390261857187,106.43269049839397,438.1240759223715,0.0055544190270964,0.0031206171600832,0.9614517839656356,0.4578822290704922,22.31798215455803,1.166578913846546,1.523287095418243,2.548859074582717,0.0085517821248962,1.5396357536544452,0.0561731657436981,0.0,0.0,0.7570718060304632,0.3357843700452675,1.176740590423733,0.0218709069601783,18.39492515741224,0.0061912741949163,0.0069084199782963,-34.28105692044234,39231000.0,2952705000.0,-2813009000.0,5529716000.0,24555500.0,137172000.0,0.5,9.931248420230244,148.8625192102392,1.0558299409908376e-06,9.06230477697722,0.6045846898028953,85241000.0,0.0145061596428418,0.817794143982808,2016-04-28,1.19,amc,231791304.0,2025-04-24,2016-03-31,0.0084033613445378,76.38000000000001,599380.6393442623
2015-12-31,CPT,USD,906345,2016-02-19,2016-02-19 12:36:17,2015,Q4,229658000.0,87561000.0,142097000.0,0.6187330727,0,13113000.0,0.0,13113000.0,1916000.0,77083000.0,164644000.0,289000.0,23740000.0,65886000.0,154109000.0,0.6710369332,64155000.0,0.2793501642,-13684000.0,62340000.0,0.2714471083,538000.0,60593000.0,0.2638401449,0.68,0.67,89175000,90418000,https://www.sec.gov/Archives/edgar/data/906345/000090634516000044/0000906345-16-000044-index.htm,https://www.sec.gov/Archives/edgar/data/906345/000090634516000044/cpt12312015-10k.htm,2.5753630501822258,0.679484160358845,1.1840201850294363,0.184008971124194,0.1190580319596299,33.33064199607513,33.33064199607513,32.474583683767875,30.820599943930475,6845073000.0,9559143000.0,28.24201227864605,29.8055064487194,64.82997584884217,417.1535742580291,2.3636946587976677,2.3636946587976677,41.62338346584922,62.028453886534855,90.53504759198748,582.554878420379,0.0088520604528249,0.0023971986858284,0.940870624578502,0.4512855413696673,17.611365981221084,0.1716608125970245,2.70240101095198,1.7084398563153296,0.0093867516095153,1.0604030168501313,0.0570979456409095,0.0,0.0,0.8445896670928635,0.3882991230438304,1.3360701176118062,0.0202997500631373,22.281925805813582,0.0109756617022057,0.0100359214868394,-34.0444070647603,-201163000.0,2972260000.0,-3023664000.0,5405740000.0,25076500.0,132442500.0,0.0,9.836365378083933,137.06753006475486,0.0,9.149721115537847,0.6566106499291354,0.0,0.0209235680116964,1.0000112139052424,2016-01-28,1.19,amc,166865671.0,2025-04-24,2015-12-31,0.0084033613445378,76.19703125,657415.96875
2015-09-30,CPT,USD,906345,2015-10-30,2015-10-30 13:18:33,2015,Q3,227185000.0,91217000.0,135968000.0,0.5984902172,0,11790000.0,0.0,11790000.0,1902000.0,74967000.0,166184000.0,107000.0,23265000.0,65079000.0,118795000.0,0.5228998393,61001000.0,0.2685080441,-21993000.0,38692000.0,0.1703105399,498000.0,37044000.0,0.1630565398,0.42,0.41,89164000,89530000,https://www.sec.gov/Archives/edgar/data/906345/000090634515000037/0000906345-15-000037-index.htm,https://www.sec.gov/Archives/edgar/data/906345/000090634515000037/cpt930201510q.htm,2.547945359113544,0.4154591539186218,1.379828181777399,0.2753801982863039,0.1163586200708806,33.29316764613521,33.29316764613521,32.435691534700105,30.71275402628864,6589219600.000001,9294051600.0,44.46887215203542,29.00376169201312,53.55739285220798,268.3562596725585,2.27835438381022,2.27835438381022,40.9096181526069,78.23605033881897,75.54235599157936,378.51476745133175,0.0056219100665578,0.0037263896926428,0.938837092544646,0.4499929398755827,22.76890441516899,0.2159084632077332,2.62200730711369,3.221212755930251,0.0097512306313178,1.7345049130763417,0.0518960318683011,0.0,0.0,0.8004242833107104,0.4334661179215177,1.5131916593678452,0.0201597816757268,17.4127356162054,0.0104171800803628,0.006139325091881,-34.0515370553138,-198728000.0,2968552000.0,-3010614000.0,5498904000.0,25454000.0,130032000.0,0.0,9.924818980126329,129.77712487803808,0.0,9.068175468007825,0.6934966396010096,0.0,0.0128087034455287,1.104447983491095,2015-10-29,1.15,amc,233341463.0,2025-04-24,2015-09-30,-0.008695652173913,75.814375,716835.265625
2015-06-30,CPT,USD,906345,2015-07-31,2015-07-31 13:22:31,2015,Q2,220651000.0,85992000.0,134659000.0,0.6102804882,0,11582000.0,0.0,11582000.0,1618000.0,73692000.0,159684000.0,141000.0,24411000.0,63728000.0,117338000.0,0.5317809573,60967000.0,0.2763051153,-23174000.0,37608000.0,0.1704411038,407000.0,36079000.0,0.1635116088,0.4,0.4,89153000,90252000,https://www.sec.gov/Archives/edgar/data/906345/000090634515000028/0000906345-15-000028-index.htm,https://www.sec.gov/Archives/edgar/data/906345/000090634515000028/cpt630201510q.htm,2.4749699954011644,0.4046863257546016,1.3245319843415253,-0.2476753446322614,0.1851648290018283,33.52524312137561,33.52524312137561,32.66489069352686,30.274898208697408,6622284840.0,9280463840.0,45.887391834585216,30.01248505558552,56.08018596616026,-299.9087378289027,2.274001180561732,2.274001180561732,42.05946875382392,79.09171657945423,78.59072066121301,-420.2918273628912,0.0054481196251292,-0.0033343476660239,0.9184505865551256,0.4457241139800772,22.654033646389063,0.2034475474249017,2.4975216091106467,3.1742695088841697,0.0097001263992746,1.780454003714072,0.0524901314745911,0.0,0.0,1.1869908371864573,0.6352429855291841,2.199457067537032,0.0204531137407036,17.24610908027167,0.0104625935034471,0.0060123970798404,-33.38073592588023,-188536000.0,2988876000.0,-2963738000.0,5495700000.0,25753500.0,131485000.0,0.5,10.545839357174904,134.52274630198158,0.0,8.534171340166312,0.6690318364298384,0.0,0.0123890304593854,1.5722073289737866,2015-07-30,1.1,amc,216719999.0,2025-04-24,2015-06-30,0.0181818181818181,75.70396825396826,516707.4285714286
2015-03-31,CPT,USD,906345,2015-05-01,2015-05-01 13:32:10,2015,Q1,215434000.0,85449000.0,129985000.0,0.6033634431,0,9748000.0,0.0,9748000.0,1563000.0,69715000.0,155164000.0,60000.0,24612000.0,61530000.0,114469000.0,0.5313413853,60270000.0,0.2797608548,56355000.0,121494000.0,0.56394998,429000.0,115599000.0,0.5365866112,1.3,1.28,88987000,90464000,https://www.sec.gov/Archives/edgar/data/906345/000090634515000017/0000906345-15-000017-index.htm,https://www.sec.gov/Archives/edgar/data/906345/000090634515000017/cpt331201510q.htm,2.4209603649971343,1.2990549181341096,0.8600806859428906,-0.2384393225976828,1.959308663063144,33.82304156786947,33.82079404856889,32.958769258431005,31.10262173126412,6952554310.0,9521318310.0,15.035930912032107,32.272316858063256,90.8403144925264,-327.6724625318126,2.370537546089164,2.370537546089164,44.1959872165025,83.17813827324429,124.40313460332392,-448.7377844283156,0.0166268388344312,-0.0030518280122575,0.9352910530252972,0.4513889037443934,22.44069573421625,0.9237322496936496,2.448805460750853,0.6321893197868913,0.0086854409627761,0.5223747610273445,0.0452481966634793,0.0,3.291065628949793e-05,1.277229016410578,0.4537538178746159,1.5887209491305054,0.0181911861637438,31.03776980177977,0.0102572589060354,0.0190228208355665,-32.292986610403766,-16929000.0,3009611000.0,-2862209000.0,5599839000.0,25814500.0,145835000.0,0.5,10.71641430786227,141.598146262683,1.0532598392023312e-06,8.39833151411196,0.635601541230902,85449000.0,0.0394145457297925,1.0985200085405733,2015-04-30,1.08,amc,74607874.0,2025-04-24,2015-03-31,0.0,76.6593442622951,766248.2786885246
2014-12-31,CPT,USD,906345,2015-02-20,2015-02-20 14:01:38,2014,Q4,216459000.0,83605000.0,132854000.0,0.6137605736,0,20595000.0,0.0,20595000.0,2531000.0,79170000.0,162775000.0,80000.0,24417000.0,61106000.0,115142000.0,0.5319344541,53684000.0,0.2480100158,59295000.0,185299000.0,0.8560466416,675000.0,178498000.0,0.8246272966,2.01,1.98,88683000,90233000,https://www.sec.gov/Archives/edgar/data/906345/000090634515000007/0000906345-15-000007-index.htm,https://www.sec.gov/Archives/edgar/data/906345/000090634515000007/cpt12312014-10k.htm,2.440817293055039,2.012764565925825,1.0320128998793456,-0.2373622904051509,1.7355975778897872,33.338328653744234,33.33269059458972,32.51734830801845,31.211799330198573,6548352720.0,9137973720.0,9.171465114455064,30.25216193366873,71.54949323659885,-311.0856399049881,2.2707878668505024,2.2707878668505024,42.21572547226034,79.3626454291223,99.84455890387012,-434.1080152019002,0.0272584583684429,-0.0032145488949776,0.951383552447242,0.4529603971135763,22.49067238713936,0.8292965996409196,2.198632100585657,0.4957210330184591,0.0091977330139907,0.3374267498795504,0.0951450390143168,0.0,8.255038421425325e-05,1.2299993444199209,0.5200615359028731,1.8422413510948188,0.0168623157272277,38.37472794920599,0.0092219225759965,0.0294725899365746,-33.00478389319261,-43831000.0,2956043000.0,-2887428000.0,5639323000.0,25965500.0,152243500.0,1.0,10.80079830360484,169.25877638897194,0.0,8.332717403857258,0.531730182151216,0.0,0.0618981765321097,1.2693751902844963,2015-01-28,1.02,amc,47017676.0,2025-04-24,2014-12-31,-0.0294117647058823,74.07609375,705460.859375
2014-09-30,CPT,USD,906345,2014-10-31,2014-10-31 12:49:23,2014,Q3,213098000.0,85331000.0,127767000.0,0.5995692123,0,10331000.0,0.0,10331000.0,2131000.0,67379000.0,152710000.0,430000.0,22967000.0,59179000.0,120860000.0,0.5671568949,60388000.0,0.2833813551,-20702000.0,39686000.0,0.1862335639,353000.0,38283000.0,0.1796497386,0.43,0.43,88146000,89353000,https://www.sec.gov/Archives/edgar/data/906345/000090634514000024/0000906345-14-000024-index.htm,https://www.sec.gov/Archives/edgar/data/906345/000090634514000024/cpt930201410q.htm,2.41755723458807,0.434313525287591,1.5089510584711727,0.1161368638395389,0.7501985342499943,31.90057404760284,31.90057404760284,31.129875433939148,31.390148163274567,6040645380.0,8718467380.0,39.44730938014262,28.346795277290266,45.41565454709492,590.0796502881703,2.201422236508072,2.201422236508072,40.9129479394457,72.13691361906338,65.54844355226753,851.662340529452,0.0063375678576913,0.001694686470736,0.9999908891265004,0.4641339883653113,22.156395829885817,0.373631576736709,2.629337745460879,3.381587979559149,0.0098944725671017,1.5612412820311887,0.0484800420463824,0.0,0.0,0.9230347046794176,0.5761245999493191,2.074570371246557,0.0189349501168476,17.441411459031865,0.0105929093385402,0.0064754999005408,-34.198664704013794,-164039000.0,2811908000.0,-3002218000.0,5356108000.0,26227500.0,134781000.0,2.0,10.961435583628193,155.3122546319626,2.109432679799838e-06,8.21060337520228,0.5794777766459543,42665500.0,0.0139516628073006,1.392814194631634,2014-10-30,1.07,amc,218055813.0,2025-04-24,2014-09-30,0.0,72.4534375,479704.640625
2014-06-30,CPT,USD,906345,2014-08-01,2014-08-01 13:04:15,2014,Q2,208492000.0,82980000.0,125512000.0,0.6019991175,0,10534000.0,0.0,10534000.0,2147000.0,66340000.0,149320000.0,44000.0,22746000.0,57953000.0,114305000.0,0.5482464555,59172000.0,0.2838094507,-22487000.0,36685000.0,0.1759539934,401000.0,35272000.0,0.169176755,0.4,0.4,87845000,88972000,https://www.sec.gov/Archives/edgar/data/906345/000090634514000015/0000906345-14-000015-index.htm,https://www.sec.gov/Archives/edgar/data/906345/000090634514000015/cpt630201410q.htm,2.3734077067562183,0.401525414081621,1.1381296601969375,-0.6593545449371051,0.1829244692355854,31.60790027890033,31.60790027890033,30.8316694177244,30.997609425692985,6250171750.000001,8934341750.0,44.29981111079611,29.97799316040904,62.5148456175797,-107.90856079832878,2.307692101780825,2.307692101780825,42.852204161310745,78.1623004243034,89.3621835585473,-154.25047478462042,0.0056433649203319,-0.0092671053399452,0.9969838369994476,0.4663554336307151,23.48252482393596,0.2158886954644211,2.601424426272751,2.755456950722081,0.0095562173951459,1.6933545021546836,0.0505247203729639,0.0,0.0,1.5793316596485265,0.7573432074132341,2.724621676185875,0.0203413080597816,16.68961424569296,0.0105114080304665,0.0060917899693407,-33.89546643519836,-174315000.0,2776596000.0,-2965498000.0,5281010000.0,26323000.0,123644000.0,1.0,11.43971950962147,132.65401301518438,2.169197396963124e-06,7.867325761292027,0.6784566705094557,41490000.0,0.0130231486541171,1.797484205134043,2014-07-31,1.04,amc,233926829.0,2025-04-24,2014-06-30,0.0096153846153846,69.51285714285714,461301.8095238095
2014-03-31,CPT,USD,906345,2014-05-07,2014-05-07 12:46:15,2014,Q1,205929000.0,81422000.0,124507000.0,0.6046112981,0,9545000.0,0.0,9545000.0,3023000.0,63918000.0,145340000.0,288000.0,23133000.0,57396000.0,122076000.0,0.5928062585,60589000.0,0.2942227661,-19042000.0,41547000.0,0.2017540026,474000.0,40036000.0,0.1944165222,0.46,0.45,87651000,88824000,https://www.sec.gov/Archives/edgar/data/906345/000090634514000008/0000906345-14-000008-index.htm,https://www.sec.gov/Archives/edgar/data/906345/000090634514000008/cpt331201410q.htm,2.349419858301674,0.4567660380372157,1.0726517666655258,-0.1832951135754298,0.1913041494107312,31.88329853624032,31.881016759649064,31.10261149330869,29.812038653295456,5902418340.0,8475572340.0,36.85694337596164,28.66239500021852,62.77899509673577,-367.38568031868544,2.165091507331701,2.165091507331701,41.15774048337048,69.42865378944265,90.14744190004149,-527.5471393003859,0.0067829824478351,-0.0027219351585302,0.9500204498977504,0.4559843052165647,21.07829548805662,0.2345340244203435,2.6191587775039986,2.289070679034889,0.0096209717320714,1.4183984414027375,0.0463509267757333,0.0,3.521220370471116e-05,1.1708803539710058,0.534577451451714,1.9179908007526656,0.0176080105279003,17.8787268576152,0.0109437910710458,0.0070490271493889,-32.50241583096599,-158169000.0,2794403000.0,-2836784000.0,5215737000.0,26934500.0,119144000.0,0.5,11.42651107906123,138.14804352631967,0.0,7.876419965576592,0.651475024203679,0.0,0.0146857776921877,1.2559468802409557,2014-05-06,1.04,amc,210475555.0,2025-04-24,2014-03-31,0.0096153846153846,63.84147540983607,665844.5737704918
2013-12-31,CPT,USD,906345,2014-02-21,2014-02-21 13:47:34,2013,Q4,204317000.0,78363000.0,125954000.0,0.6164636325,0,9209000.0,0.0,9209000.0,2873000.0,62214000.0,140577000.0,41000.0,24162000.0,55878000.0,121277000.0,0.5935727326,61811000.0,0.3025249979,-20773000.0,42967000.0,0.2102957659,239000.0,126819000.0,0.6206972499,1.49,1.47,87459000,88686000,https://www.sec.gov/Archives/edgar/data/906345/000090634514000005/0000906345-14-000005-index.htm,https://www.sec.gov/Archives/edgar/data/906345/000090634514000005/cpt-12312013x10k.htm,2.336146079877428,1.4500394470551916,1.082644439108611,-0.1919985364570827,0.2034553333562012,32.09916646657291,32.08544575172367,31.314284407550968,29.212865456956973,4974667920.0,7487639920.0,9.806629763678943,24.347792498911005,52.53802443841288,-296.2522582181992,1.8164234334629803,1.8164234334629803,36.647170426347294,61.739983014091706,79.07780286628577,-445.9051881848499,0.0254929579299435,-0.0033755016957996,0.9240702577412188,0.4493435089782021,20.720928123222045,0.2533124009682029,2.5581905471401374,0.7007674716361133,0.0114164404364904,0.4478272183190216,0.0450721183259347,0.0,0.0002130628476808,1.1773421905858248,0.5456178389463432,1.987962979474651,0.0165478154044939,31.96335905475549,0.0113274350037411,0.0225218129616346,-31.857133050915287,-153625000.0,2806161000.0,-2772663000.0,5276043000.0,27599000.0,118821500.0,1.0,12.21219967012045,130.13322613988746,1.1485012059262662e-06,7.369679699899004,0.6915989303396965,78363000.0,0.0463060061722354,1.2746429755656936,2014-01-30,1.05,amc,66384931.0,2025-04-24,2013-12-31,0.0285714285714285,60.8778125,574584.703125
2013-09-30,CPT,USD,906345,2013-11-01,2013-11-01 13:20:36,2013,Q3,201956000.0,80585000.0,121371000.0,0.6009774406,0,9993000.0,0.0,9993000.0,3096000.0,61777000.0,142362000.0,86000.0,24275000.0,55788000.0,115856000.0,0.5736695122,59594000.0,0.2950840777,-23138000.0,36456000.0,0.1805145675,720000.0,70720000.0,0.3501752857,0.81,0.8,87449000,88716000,https://www.sec.gov/Archives/edgar/data/906345/000090634513000024/0000906345-13-000024-index.htm,https://www.sec.gov/Archives/edgar/data/906345/000090634513000024/cpt930201310q.htm,2.3094146302416267,0.8086999279580098,1.4702855378563506,0.4653683861450674,0.0538256583837436,31.16195725508582,31.13565621104873,30.421502818785807,30.75291884412629,5372866560.0,8033196560.0,18.993447963800904,26.604144269048703,41.7878013610733,132.02443876548062,2.019624091748016,2.019624091748016,39.77696409118818,69.33776895456428,62.47868216993973,197.3952368783173,0.0131624337232749,0.0075743552432465,1.001769329368913,0.4682723940475937,22.96238433917967,0.6562262291681074,2.454953656024717,1.7906882816634635,0.0105755464732777,0.8034643665158371,0.0494810750856622,0.0,0.0004041319149825,0.6834843476570095,0.435139337281388,1.5752312325231232,0.0183851928142763,23.527473527842844,0.0106994127676197,0.0124312016834153,-33.628932286246844,-79541000.0,2722782000.0,-2814294000.0,5161077000.0,27374000.0,112307500.0,0.5,12.24355800273327,138.8625674753366,1.1168331575355217e-06,7.350804396884327,0.6481228284648051,80585000.0,0.0265831682535625,1.0049171517112832,2013-10-31,0.45,amc,166613699.0,2025-04-24,2013-09-30,0.7777777777777778,67.238125,594243.15625
2013-06-30,CPT,USD,906345,2013-07-26,2013-07-26 13:08:55,2013,Q2,201527000.0,81113000.0,120414000.0,0.5975080262,0,11590000.0,0.0,11590000.0,2827000.0,63078000.0,144191000.0,1038000.0,24797000.0,54315000.0,127519000.0,0.632763848,57336000.0,0.2845077831,-26695000.0,50477000.0,0.2504726414,468000.0,72172000.0,0.3581257102,0.83,0.82,87191000,88472000,https://www.sec.gov/Archives/edgar/data/906345/000090634513000015/0000906345-13-000015-index.htm,https://www.sec.gov/Archives/edgar/data/906345/000090634513000015/cpt630201310q.htm,2.311328004037114,0.8277459829569566,1.1028546524297234,-0.0333520661536167,0.0746177931208496,31.025335183677218,31.018453739491463,30.28138225275545,29.23031046782351,6036232930.0,8553549930.0,20.909192380701658,29.95247748440656,62.77345781466113,-2075.733469738652,2.2862232450997326,2.2862232450997326,42.44369206111339,67.07667037853183,88.952151436683,-2941.385808115543,0.0119564637145306,-0.0004817574195235,0.9558979708089798,0.4600242933192278,19.74072099059748,0.2070549537798446,2.312215187321047,1.2831978862244284,0.0093647810903811,0.783240037687746,0.0575109042460811,0.0,0.0001093636819981,1.0302415790513628,0.4915817731619088,1.8239344564116728,0.0183350121819905,23.748033216611937,0.0107333678190105,0.0131564315977484,-31.588013671135784,-153802000.0,2704530000.0,-2740991000.0,4986742000.0,27111000.0,101293000.0,0.5,12.180303383665713,111.26588832862797,0.0,7.388978514335998,0.8088732436502158,0.0,0.0273351452733514,1.13620671858334,2013-07-25,0.44,amc,178540321.0,2025-04-24,2013-06-30,0.840909090909091,70.44875,628677.59375
2013-03-31,CPT,USD,906345,2013-05-03,2013-05-03 13:00:08,2013,Q1,196190000.0,79607000.0,116583000.0,0.5942351802,0,9794000.0,0.0,9794000.0,2894000.0,60155000.0,139762000.0,52000.0,24895000.0,53470000.0,108640000.0,0.5537489169,56428000.0,0.2876191447,-24127000.0,32301000.0,0.164641419,399000.0,63476000.0,0.3235435037,0.73,0.73,86703000,87276000,https://www.sec.gov/Archives/edgar/data/906345/000090634513000009/0000906345-13-000009-index.htm,https://www.sec.gov/Archives/edgar/data/906345/000090634513000009/cpt331201310q.htm,2.2627821413330564,0.7321084622216071,0.9788588630151206,0.3054104240914386,0.6878885390355581,30.56437493512335,30.556301396722144,29.83404265135001,28.932101542045835,6027592560.0,8451555560.0,23.73965183691474,30.72324053213721,71.02147472605161,227.62811782477343,2.330223926151496,2.330223926151496,43.07842173403333,77.79414175257732,99.58236785672204,319.16750604229605,0.0105309042321865,0.0043931303810621,0.96014382798785,0.4613916850088503,22.31188328424153,0.5967953037889379,2.266639887527616,1.3171821892508495,0.0082853974456428,0.7867698027600983,0.0499209949538712,0.0,0.0001300424904548,0.6879934016731472,0.2976196544166369,1.0920142135777071,0.0166879045822926,22.168434528965008,0.0107106826130335,0.0117937867278466,-30.598479862288503,-72395000.0,2649323000.0,-2625679000.0,4931214000.0,30286500.0,102101500.0,0.5,12.3620979662572,115.66357229891844,1.130553845767332e-06,7.280317648805106,0.7781187993001456,79607000.0,0.024539365005851,0.673448438923682,2013-05-02,0.4,amc,145671075.0,2025-04-24,2013-03-31,0.7999999999999998,69.54216666666666,531035.0333333333
2012-12-31,CPT,USD,906345,2013-02-15,2013-02-15 13:19:09,2012,Q4,191432000.0,76579000.0,114853000.0,0.5999676125,0,9816000.0,0.0,9816000.0,2773000.0,59544000.0,136123000.0,40000.0,25487000.0,52501000.0,134498000.0,0.7025889089,55309000.0,0.2889224372,-11088000.0,61691000.0,0.3222606461,216000.0,142166000.0,0.7426449079,1.65,1.62,86298000,88020000,https://www.sec.gov/Archives/edgar/data/906345/000090634513000003/0000906345-13-000003-index.htm,https://www.sec.gov/Archives/edgar/data/906345/000090634513000003/cpt-12312012x10k.htm,2.218266935502561,1.6473846439083175,0.8606456696563072,6.747085679853531,0.3090338130663514,30.437646295395027,30.407518134835108,29.700560847296572,29.38602285105101,5886386579.999999,8370185579.999999,10.35125589100066,30.74922990931505,79.25445093709608,10.10954999484766,2.296589628414665,2.296589628414665,43.72406692715951,62.23278844295082,112.69638060103402,14.375340191666952,0.0241516587583685,0.0989163712044206,0.9794658731480914,0.4661815815725106,18.46718166812889,0.536843447927816,2.170086710872209,0.5082041246424808,0.0085582214683562,0.354353361563243,0.0512766935517572,0.0,0.0004828072343836,6.839562688496338,2.6536211291738057,9.504162846825944,0.0163817961469346,33.17959578934428,0.0105892182263026,0.0264122802258845,-31.363139933718045,-83515000.0,2624108000.0,-2661662000.0,5074103000.0,31249500.0,50948000.0,0.0,15.808485519662336,119.75397955052952,0.0,5.693144981412639,0.7515407866844626,0.0,0.0554664490134793,5.886440010197224,2013-01-31,0.96,amc,45509999.0,2025-04-24,2012-12-31,0.0104166666666666,65.4916129032258,527514.4032258064
2012-09-30,CPT,USD,906345,2012-11-02,2012-11-02 12:53:46,2012,Q3,171383000.0,74836000.0,96547000.0,0.563340588,0,70684000.0,0.0,70684000.0,62316000.0,133000000.0,133000000.0,3000.0,25865000.0,52809000.0,106847000.0,0.6234398978,30360000.0,0.1771470916,-23083000.0,31794000.0,0.1855143159,334000.0,30703000.0,0.179148457,0.36,0.36,85631000,86293000,https://www.sec.gov/Archives/edgar/data/906345/000090634512000024/0000906345-12-000024-index.htm,https://www.sec.gov/Archives/edgar/data/906345/000090634512000024/cpt930201210q.htm,2.001413039670213,0.3585500578061683,1.2744099683525827,-3.011713047844822,0.0652800971610748,29.581670189534165,29.543132743982905,28.761032803540772,28.25600541859841,5488947099.999999,7877082099.999999,44.69389880467706,32.02737202639701,50.29778610635119,-21.283568182523183,2.2287099506422674,2.2287099506422674,45.96186377878786,73.72300672924835,72.18138258391444,-30.54363813320097,0.005593604645962,-0.0469846029304964,0.9719384481954948,0.4587472882122515,22.350978501970108,0.0154676258992805,1.1737869708099749,1.6960244933482531,0.0090696811415799,1.6214376445298504,0.4124329717649942,0.0,0.0006324310650139,3.363221508489952,2.141548461632717,6.95004639360715,0.0202587187760746,15.232402122488088,0.0061856672936738,0.0058878239425005,-31.035565391038293,-355810000.0,2529808000.0,-2679262000.0,4674904000.0,29407000.0,0.0,0.0,15.162880799145771,0.0,0.0,5.935547551430353,0.0,0.0,0.0124665223344144,4.286123016197405,2012-11-01,0.9,amc,170437500.0,2025-04-24,2012-09-30,0.0333333333333333,68.8136507936508,728414.4920634921
2012-06-30,CPT,USD,906345,2012-08-03,2012-08-03 13:03:59,2012,Q2,161156000.0,72593000.0,88563000.0,0.5495482638,0,64959000.0,0.0,64959000.0,67041000.0,132000000.0,132000000.0,-900000.0,26247000.0,53310000.0,100158000.0,0.6214971829,-17481000.0,-0.1084725359,-26580000.0,23281000.0,0.1444625084,434000.0,21763000.0,0.1350430639,0.26,0.26,83223000,83846000,https://www.sec.gov/Archives/edgar/data/906345/000090634512000020/0000906345-12-000020-index.htm,https://www.sec.gov/Archives/edgar/data/906345/000090634512000020/cpt630201210q.htm,1.936435841053555,0.2615022289511313,0.7820794732225467,-0.1875322927556084,0.6263412758492244,29.61811037814066,29.61811037814066,28.795561323191905,29.11045023611261,5631700410.0,7975986410.0,64.6935212286909,34.94564527538534,86.5257334029837,-360.8445191260331,2.3500149637818897,2.3500149637818897,49.49233295688649,79.63404231314523,122.54346351806043,-511.0518619850067,0.0038643745965883,-0.0027712766773401,0.9999828913815544,0.4687290589828137,23.405878711635616,0.1630466061933062,-0.6660189735969825,2.8488204140587388,0.0084510887538493,2.1869227588108258,0.4030814862617587,0.0,0.0,1.2397867469694408,0.5007197994489812,1.5136747326955544,0.0215505472957879,13.016425318537252,-0.0035792976204525,0.0042567599021549,-30.91795537291373,-267574000.0,2464908000.0,-2595540000.0,4621861000.0,29841000.0,0.0,0.0,16.720444786418128,0.0,0.0,5.382631930527722,0.0,0.0,0.0090813381276411,0.9696117659781552,2012-08-02,0.3,amc,195230769.0,2025-04-24,2012-06-30,1.966666666666667,66.27079365079366,618022.5555555555
2012-03-31,CPT,USD,906345,2012-04-27,2012-04-27 13:22:09,2012,Q1,161989000.0,70514000.0,91475000.0,0.5646988376,0,72711000.0,0.0,72711000.0,47289000.0,120000000.0,120000000.0,-912000.0,26683000.0,50304000.0,135472000.0,0.8363036996,700.0,4.3213e-06,12274000.0,60434000.0,0.3730747149,224000.0,85907000.0,0.5303261333,1.15,1.11,79885000,82855000,https://www.sec.gov/Archives/edgar/data/906345/000090634512000006/0000906345-12-000006-index.htm,https://www.sec.gov/Archives/edgar/data/906345/000090634512000006/cpt331201210q.htm,2.027777430055705,1.0753833635851535,0.9486011141015208,0.1941540965137385,0.6221693684671715,28.935732615634976,28.935732615634976,28.07681041497152,30.76658947236653,5252438750.0,7633842750.0,15.285246691189307,32.42466309440764,69.3125898995764,338.64853320438425,2.3417902186261097,2.3417902186261097,47.12568600337059,56.34996715188378,100.73823552699297,492.1884429400386,0.0163556405108008,0.002952914015418,1.0839041676103789,0.4858310776446513,17.578569741348765,0.1506121212121212,2.623393171682345e-05,1.2512425078017932,0.0078561601503682,0.4803333837754781,0.4488638117403034,0.0,0.0,0.7953258818406155,0.3720561272679009,1.198095578880407,0.0185506423275654,26.0643441028713,1.4920907058004804e-07,0.0171676144056322,-32.80309820366777,-280298000.0,2311531000.0,-2642782000.0,4500057000.0,30388500.0,46873500.0,0.0,16.52445536425313,0.0,0.0,5.446473001143165,0.0,0.0,0.0383014789675583,0.7544470175877824,2012-04-26,0.25,amc,192840909.0,2025-04-24,2012-03-31,2.32,62.88709677419355,765061.8548387097
2011-12-31,CPT,USD,906345,2012-02-17,2012-02-17 15:42:02,2011,Q4,101595000.0,-140812000.0,242407000.0,2.3860130912,0,58513000.0,0.0,58513000.0,34487000.0,93000000.0,633322000.0,-100000.0,26942000.0,45058000.0,95562000.0,0.9406171564,22546000.0,0.2219203701,-34332000.0,23562000.0,0.2319208622,331000.0,46850000.0,0.4611447414,0.61,0.61,79885000,79885000,https://www.sec.gov/Archives/edgar/data/906345/000119312512067347/0001193125-12-067347-index.htm,https://www.sec.gov/Archives/edgar/data/906345/000119312512067347/d259732d10k.htm,1.2717656631407648,0.5864680478187394,0.5512549289603805,-0.3585278838330099,0.690480065093572,22.879989985604308,22.879989985604308,22.015609939287724,30.782424735557363,4972042400.0,7348995400.0,26.53170971184632,48.93983365323096,112.9060199377796,-173.59877099263295,2.8270849716014577,2.8270849716014577,72.33619174171957,76.90290492036584,166.88228989259034,-256.5900422471282,0.0094226871436172,-0.0057604094446177,1.382889913499443,0.5261948367345834,24.873412025700592,0.1278900996985856,0.8368346819092867,0.8796140939597316,0.0079062077185826,0.8390608324439701,0.5759436980166347,0.0,0.0,1.6503849036037876,0.7153698508784881,1.612987704736118,0.027412766376298,17.044285409169856,0.0053043345949508,0.0101361401535024,-33.997267947674786,-376141000.0,1827768000.0,-2739148000.0,4021731000.0,31215000.0,46873500.0,0.0,27.49298685958955,-59.91840184075221,0.0,3.273562107298212,-1.5020427320340917,0.0,0.0266387372158226,0.9097828127933903,2012-02-02,0.24,amc,119742857.0,2025-04-24,2011-12-31,2.5,58.174126984126985,693732.7619047619
2011-09-30,CPT,USD,906345,2011-11-04,2011-11-04 16:06:48,2011,Q3,137914000.0,0.0,137914000.0,1.0,0,59571000.0,0.0,59571000.0,59429000.0,119000000.0,119000000.0,0.0,27570000.0,44563000.0,85591000.0,0.6206113955,160.0,1.1601e-06,13565840.0,14664000.0,0.1063271314,313000.0,11840000.0,0.0858506025,0.19,0.18,73242000,74274000,https://www.sec.gov/Archives/edgar/data/906345/000119312511297364/0001193125-11-297364-index.htm,https://www.sec.gov/Archives/edgar/data/906345/000119312511297364/d226589d10q.htm,1.882990633789356,0.1616558805057207,1.1747767674285243,-0.0197700772780645,0.7659403074738538,24.273627153818847,24.273627153818847,23.33412522869392,33.596488353676854,4047352920.0,6424357920.0,85.45930996621621,29.346933016227503,47.03872389386702,-2795.133232044199,2.368205341250458,2.368205341250458,46.58234783995823,75.05880197684336,74.66450402705624,-4436.711270718232,0.0029253688111784,-0.0003577646992049,1.4236687540007888,0.5295603030879468,27.771669918566204,0.1240030946065428,5.803409503083061e-06,5.995610062016584,0.0096275271196266,3.2910472972972973,0.431943094972229,0.0,0.0,1.016828794904873,0.6343880969299709,1.963310369589121,0.0235726612236611,9.212611876807442,3.780257266018043e-08,0.0025769527272822,-37.370357854782775,-396301000.0,1777849000.0,-2760626000.0,3980732000.0,30898000.0,0.0,0.0,20.487767739315807,0.0,0.0,4.392865105908585,0.0,0.0,0.0069278740437602,1.194546844706589,2011-11-03,0.18,amc,184725000.0,2025-04-24,2011-09-30,3.277777777777778,64.14484374999999,839763.515625
2011-06-30,CPT,USD,906345,2011-07-29,2011-07-29 16:55:02,2011,Q2,115614000.0,0.0,115614000.0,1.0,0,63912000.0,0.0,63912000.0,63088000.0,127000000.0,127000000.0,86000.0,28381000.0,45577000.0,59264000.0,0.51260228,-230.0,-1.9894e-06,-14694000.0,-13799000.0,-0.1193540575,256000.0,-14847000.0,-0.1284187036,-0.21,-0.21,72343000,72343000,https://www.sec.gov/Archives/edgar/data/906345/000119312511202967/0001193125-11-202967-index.htm,https://www.sec.gov/Archives/edgar/data/906345/000119312511202967/d10q.htm,1.5981366545484703,-0.2052306373802579,0.8341788424588419,0.2198139419155965,0.872897170424229,24.306263218279582,24.306263218279582,23.34871376636302,34.038510982403274,4602461660.0,6973380660.0,-77.49817572573583,39.8088610375906,76.26661905314266,289.4265916236951,2.724775361786876,2.724775361786876,60.31605739789299,117.66638532667386,115.55471953866804,438.52223996981513,-0.0032258823857318,0.0034551075434705,1.441030100952214,0.5338967975628304,40.00605764038877,0.1449013308857274,-8.104013248299919e-06,-4.293632159373888,0.0084011563498825,-2.6042971644103186,0.5528050236130573,0.0,0.0,0.7364906291944918,0.3844257615859671,0.9751629111174496,0.0279031951147784,,-5.681597393416629e-08,-0.0032565930820373,-37.525707393942746,-372652000.0,1758388000.0,-2737523000.0,3958216000.0,30187000.0,0.0,0.0,23.6657325237428,0.0,0.0,3.8029670076642215,0.0,0.0,-0.0087898048446643,0.6143649005432453,2011-07-28,-0.24,amc,166539130.0,2025-04-24,2011-06-30,-2.666666666666667,61.67825396825397,633699.7619047619
2011-03-31,CPT,USD,906345,2011-04-29,2011-04-29 13:31:12,2011,Q1,143973000.0,0.0,143973000.0,1.0,0,68506000.0,0.0,68506000.0,63494000.0,132000000.0,132000000.0,4771000.0,29737000.0,46593000.0,86459000.0,0.6005223202,100.0,6.946e-07,10128900.0,10921000.0,0.0758545005,1320000.0,7286000.0,0.050606711,0.13,0.12,71906000,72783000,https://www.sec.gov/Archives/edgar/data/906345/000095012311041745/0000950123-11-041745-index.htm,https://www.sec.gov/Archives/edgar/data/906345/000095012311041745/c14942e10vq.htm,2.0022390342947736,0.1013267321224932,0.7566406141351208,0.434817678635997,1.373612772230412,24.18464384056963,24.18464384056963,23.20720106806108,34.82681556476511,4085698920.0,6461447920.0,140.19005352731264,28.37823008480757,75.09509658683625,130.6754596046824,2.448377976877123,2.448377976877123,44.87958103255472,74.73424305161984,118.7613343871193,206.6605232520949,0.0017832934199664,0.0076525462625131,1.4828699789121953,0.5399000238474826,27.47833076949768,0.2925335151102022,3.3628140027575075e-06,5.66680554108947,0.0086398926331066,4.84490804282185,0.4758253283601786,0.0,0.0,0.4253312992813425,0.1607315260500232,0.4966625888008928,0.0192883387857445,7.273855341809179,2.17295604125536e-08,0.0015896867165158,-37.86917990153812,-311356000.0,1739021000.0,-2715528000.0,4024592000.0,30934000.0,0.0,0.0,18.73663811964743,0.0,0.0,4.803423080772696,0.0,0.0,0.0043661763357557,0.3218229354991238,2011-04-28,0.06,amc,118777722.0,2025-04-24,2011-03-31,10.999999999999998,55.505967741935486,622222.3064516129
2010-12-31,CPT,USD,906345,2011-02-24,2011-02-24 14:30:21,2010,Q4,131918000.0,111556000.0,20362000.0,0.154353462,0,51623000.0,0.0,51623000.0,42377000.0,94000000.0,525998000.0,4596000.0,30815000.0,45046000.0,83057000.0,0.6296108188,18047000.0,0.1368046817,-10979000.0,7196000.0,0.054549038,295000.0,17147000.0,0.1299822617,0.26,0.26,70738000,71906000,https://www.sec.gov/Archives/edgar/data/906345/000095012311017763/0000950123-11-017763-index.htm,https://www.sec.gov/Archives/edgar/data/906345/000095012311017763/c12701e10vk.htm,1.8648816760439928,0.2424015380700613,0.6442788882920071,0.3642031157228081,2.411363058045181,24.84340806921315,24.84340806921315,23.84035454776782,36.67857445785857,3818437240.0,6211616240.0,55.6720889951595,28.94553616640641,83.78359275918815,148.21399836975507,2.2642280714342045,2.2642280714342045,47.08694977182795,74.78738986479165,136.29437718047174,241.10609168186937,0.0044905805496491,0.0067470010322861,1.5202354812178942,0.5455100998204793,28.81369421000036,0.4504338153503893,0.5856563361999026,4.714492603703321,0.0090544895272391,2.0163293870647925,0.3913264300550342,0.0,0.0,0.4347120131651124,0.1501842053396807,0.4398170758779914,0.0212556284964902,11.402899575834924,0.0044006278559272,0.0036485020331988,-38.84570881280217,-247030000.0,1757373000.0,-2739894000.0,4107723000.0,32082000.0,0.0,0.0,21.76010855228248,0.0,0.0,4.136008778805455,0.0,0.0,0.010167698537552,0.280075772569199,2011-02-03,0.08,amc,111345454.0,2025-04-24,2010-12-31,8.125,51.04796875,608748.125
2010-09-30,CPT,USD,906345,2010-11-05,2010-11-05 13:31:14,2010,Q3,134009000.0,0.0,134009000.0,1.0,0,67860000.0,0.0,67860000.0,60140000.0,128000000.0,128000000.0,451000.0,31781000.0,43432000.0,78676000.0,0.5870948966,20.0,1.492e-07,3462980.0,4218000.0,0.0314754979,712000.0,3400000.0,0.0253714303,0.0492,0.049,69100000,69441000,https://www.sec.gov/Archives/edgar/data/906345/000095012310101538/0000950123-10-101538-index.htm,https://www.sec.gov/Archives/edgar/data/906345/000095012310101538/c06949e10vq.htm,1.939348769898697,0.0492040520984081,1.1358321273516645,0.9037771345875544,1.317959479015919,24.095021707670043,24.095021707670043,23.03628075253256,37.25026049204052,3314727000.0,5765868000.0,243.72992647058825,24.73510734353663,42.23335371913462,53.07724455973483,2.082367397555106,2.082367397555106,43.025975867292495,73.28623722609181,73.46364956807584,92.32627179708892,0.0010257254971525,0.0188404655949041,1.5970604476547725,0.5518468069033708,31.154875692714423,0.2609265919187645,6.293068185393788e-07,20.481732776617957,0.0103770235075166,10.116764705882352,0.5063838995888336,0.0,0.0,0.2043039522972249,0.1196561424978919,0.3691978264873826,0.0204090770022908,5.050075550105788,4.150392997623234e-09,0.0007380498335589,-40.90443198263387,-349360000.0,1664966000.0,-2818429000.0,3972176000.0,32131000.0,0.0,0.0,21.671753389697702,0.0,0.0,4.152871176671108,0.0,0.0,0.0021359373341114,0.2320549927641099,2010-11-04,1.21,amc,295200000.0,2025-04-24,2010-09-30,-0.4628099173553718,45.63765625,758452.3125
2010-06-30,CPT,USD,906345,2010-07-30,2010-07-30 14:09:25,2010,Q2,120655000.0,0.0,120655000.0,1.0,0,57909000.0,0.0,57909000.0,57091000.0,115000000.0,115000000.0,492000.0,31742000.0,42480000.0,77810000.0,0.644896606,30.0,2.486e-07,3587970.0,4291000.0,0.035564212,304000.0,3884000.0,0.0321909577,0.057,0.0568,68090000,68386000,https://www.sec.gov/Archives/edgar/data/906345/000095012310070420/0000950123-10-070420-index.htm,https://www.sec.gov/Archives/edgar/data/906345/000095012310070420/c03726e10vq.htm,1.7719929505066825,0.0570421500954618,0.8550888529886914,0.6079306799823763,1.8821412835952416,24.40267293288295,24.40267293288295,23.304097517990893,38.24122484946395,2781476500.0,5225424500.0,179.03427523171987,23.05313911566035,47.77281314944266,67.19516113446393,1.7529106187640853,1.7529106187640853,43.30881024408437,67.15620742835111,89.74845851295879,126.23627820457072,0.0013963806632916,0.0148820239897766,1.6209616228125456,0.559763698645043,31.40917619843208,0.3672277000687916,9.45120030243841e-07,13.705979284369114,0.0120439629815315,8.625128733264676,0.4799552442915751,0.0,0.0,0.2890438486508768,0.1394803364966226,0.3961629001883239,0.0218557042808006,5.46896755707708,6.917993131895888e-09,0.0008452702732112,-40.84670656484065,-275952000.0,1661578000.0,-2773254000.0,3978901000.0,32325000.0,0.0,0.0,23.864489660602548,0.0,0.0,3.771293720501359,0.0,0.0,0.0024477304925206,0.2471581730063151,2010-07-29,,amc,,2025-04-24,2010-06-30,,45.91666666666666,1013897.0952380951
2010-03-31,CPT,USD,906345,2010-05-07,2010-05-07 13:19:29,2010,Q1,129016000.0,0.0,129016000.0,1.0,0,58394000.0,0.0,58394000.0,64606000.0,123000000.0,123000000.0,3045000.0,31555000.0,43507000.0,78415000.0,0.6077928319,2285000.0,0.0177109816,1766000.0,4051000.0,0.0313992063,270000.0,4035000.0,0.0312751907,0.0607,0.0605,66475000,66648000,https://www.sec.gov/Archives/edgar/data/906345/000095012310046189/0000950123-10-046189-index.htm,https://www.sec.gov/Archives/edgar/data/906345/000095012310046189/c00260e10vq.htm,1.9408198570891315,0.0606995110943963,0.6280857465212486,0.4616622790522753,0.4295298984580669,24.082602482136146,24.082602482136146,22.94081985708913,39.14578412937195,2767354250.0,5309462250.0,171.4593711276332,21.449698099460537,66.28075900555662,90.17414220078857,1.8146692341135129,1.8146692341135129,41.15351778074037,67.70977810367914,127.1666566871048,173.00864316204502,0.0014580713690702,0.0110896535924159,1.6856892925925464,0.5677406573806412,32.41864439201683,0.1416242480333179,0.07241324671209,11.042581327691089,0.011980757432844,8.216852540272615,0.4526105289266448,0.0,0.0,0.2649693427859743,0.085749054380852,0.254280920311674,0.0242605568301606,5.597425511980793,0.0005395292948491,0.0008911457218711,-43.233429860849945,-370990000.0,1600891000.0,-2865778000.0,3909904000.0,34384500.0,0.0,0.0,22.781127922118188,0.0,0.0,3.950638454236458,0.0,0.0,0.0026459172545936,0.1664234674689733,2010-05-06,0.05,amc,249166666.0,2025-04-24,2010-03-31,12.6,40.31049180327869,936714.5409836066
2009-12-31,CPT,USD,906345,2010-02-25,2010-02-25 15:46:55,2009,Q4,127365000.0,98276000.0,29089000.0,0.2283908452,0,190403000.0,0.0,190403000.0,85614000.0,108000000.0,524977000.0,412000.0,30932000.0,43618000.0,-4598000.0,-0.0361009697,-62431000.0,-0.4901739096,-17018000.0,-79449000.0,-0.6237898952,195000.0,-77536000.0,-0.6087700703,-1.17,-1.17,66175000,66475000,https://www.sec.gov/Archives/edgar/data/906345/000095012310017017/0000950123-10-017017-index.htm,https://www.sec.gov/Archives/edgar/data/906345/000095012310017017/c96600e10vk.htm,1.9246694370986024,-1.171681148469966,0.4879939554212316,0.2203551190026445,0.9694899886664148,24.31451454476766,24.31451454476766,23.126724593879864,40.13798262183604,2803834750.0,5364877750.0,-9.040428800815103,22.01416990539002,86.82484594184497,192.2805342202716,1.8320795851571896,1.8320795851571896,42.12207239037412,-1166.7850695954762,166.13129006286192,367.9109690028803,-0.0276535555456683,0.0052007344584055,1.7153555482808214,0.5697047677310694,-556.990648107873,0.2216357206012378,-2.0183305314884263,-0.4067794475165959,0.0118227367001568,-0.4275304374742055,1.4949397401169866,0.0,0.0,0.5484470318644907,0.1390570407882856,0.4060479618506121,0.015844227220979,,-0.0160319795468014,-0.0168263925404497,-43.94024933887419,-352132000.0,1609013000.0,-2898718000.0,3960438000.0,36041500.0,0.0,0.0,25.51784242138735,0.0,0.0,3.52694395214887,0.0,0.0,-0.0506635145722292,0.2676388364185871,2010-02-08,0.06,amc,7573109.24,2025-04-24,2009-12-31,10.833333333333332,38.9428125,870531.203125
2009-09-30,CPT,USD,906345,2009-10-30,2009-10-30 13:34:49,2009,Q3,135851000.0,0.0,135851000.0,1.0,0,12983000.0,0.0,12983000.0,116017000.0,129000000.0,129000000.0,582000.0,31117000.0,42596000.0,79853000.0,0.5877983968,4013000.0,0.0295397163,2381000.0,6394000.0,0.0470662711,126000.0,5687000.0,0.04186204,0.086,0.0854,66094000,66602000,https://www.sec.gov/Archives/edgar/data/906345/000095012309055420/0000950123-09-055420-index.htm,https://www.sec.gov/Archives/edgar/data/906345/000095012309055420/c91532e10vq.htm,2.0554210669652315,0.0860441189820558,1.2057372832632312,0.8736950403970103,1.235861046388477,25.942914636729505,25.942914636729505,24.7045117559839,40.143946500438766,2663588200.0,5204062200.0,117.09109372252506,19.606688209877,33.42353310244441,46.12593426384512,1.6312809740204064,1.6312809740204064,38.30713207852721,65.17052834583548,65.30219093510014,90.1198732379732,0.0021350898010435,0.0216797776773451,1.605906958513492,0.5538874678740212,31.814383930472243,0.2455729492798998,0.1289648745058971,12.87015503875969,0.0124377334304154,5.825391243186214,0.0955679384031034,0.0,0.0,0.2753852331476183,0.1615446334587158,0.5152126960277961,0.0182552944034272,6.915761263290053,0.0009613767285227,0.0012012850602765,-44.039772899204166,-361446000.0,1714671000.0,-2901772000.0,4048729000.0,35940000.0,0.0,0.0,23.83044659222236,0.0,0.0,3.776681215423536,0.0,0.0,0.0034829313702673,0.3320422428662208,2009-10-29,0.05,amc,124666666.0,2025-04-24,2009-09-30,12.999999999999998,33.615,1109066.59375
2009-06-30,CPT,USD,906345,2009-07-31,2009-07-31 13:26:50,2009,Q2,134456000.0,0.0,134456000.0,1.0,0,13091000.0,0.0,13091000.0,2716000.0,128000000.0,128000000.0,1097000.0,34002000.0,43141000.0,80622000.0,0.5996162313,10.0,7.44e-08,2917990.0,3372000.0,0.0250788362,347000.0,18315000.0,0.1362155649,0.33,0.33,61499000,61499000,https://www.sec.gov/Archives/edgar/data/906345/000095012309028238/0000950123-09-028238-index.htm,https://www.sec.gov/Archives/edgar/data/906345/000095012309028238/c88454e10vq.htm,2.1863119725523994,0.2978097204832599,0.8867136050992699,0.650904892762484,2.56370022276785,28.31262296947918,28.31262296947918,26.93482820858876,44.4205596838973,1697372400.0,4237525400.0,23.16915642915643,12.623998929017672,31.126171789041297,42.402508118910816,1.024695601778486,1.024695601778486,31.51607514726007,52.56041030984099,77.70713342624514,105.85874094429178,0.0107902072638862,0.0235835106073363,1.6286598267998418,0.5622890752659486,31.506945994889733,0.4362722560288483,2.941003470384095e-07,10.192897196261685,0.0254829170074875,2.3616707616707617,0.0973627060153507,0.0,0.0,0.2659355974473703,0.1078568453620515,0.3361535430333093,0.0178125185934432,13.434385261389892,2.134628173125273e-09,0.0038172791543001,-46.7019829590725,-250126000.0,1741198000.0,-2863148000.0,4180242000.0,36007000.0,0.0,0.0,24.036190277860417,0.0,0.0,3.7443537831741343,0.0,0.0,0.0110566779255824,0.2358087123367859,2009-07-30,0.07,amc,36470000.0,2025-04-24,2009-06-30,10.14285714285714,27.712857142857143,2155367.333333333
2009-03-31,CPT,USD,906345,2009-05-01,2009-05-01 16:12:32,2009,Q1,125151000.0,0.0,125151000.0,1.0,0,14296000.0,0.0,14296000.0,166000.0,116000000.0,116000000.0,735000.0,32245000.0,43060000.0,84354000.0,0.6740177865,6170000.0,0.0493004451,299000.0,6469000.0,0.051689559,299000.0,6234000.0,0.0498118273,0.11,0.11,55552000,56047000,https://www.sec.gov/Archives/edgar/data/906345/000136231009006305/0001362310-09-006305-index.htm,https://www.sec.gov/Archives/edgar/data/906345/000136231009006305/c84556e10vq.htm,2.2528621831797238,0.1122191820276497,0.921136952764977,0.5859555011520737,0.1306163594470046,26.499459965437783,26.499459965437783,24.95620319700461,51.56192396313364,1198812160.0,4023679160.0,48.07555983317292,9.57892593746754,23.42756952179945,36.82873521550797,0.8647148698721189,0.8647148698721189,32.15059536080415,47.69992128411219,78.63202126204295,123.6115375871709,0.0052001474526251,0.0271527108967596,2.042837863278627,0.6057962687821842,33.4882400360386,0.0949649583880858,0.1913474957357729,7.575277572168764,0.0359981333522676,6.922521655437921,0.1142300101477415,0.0,0.0,0.3638779777608411,0.1487802734296969,0.4324198792382722,0.0172591509456576,7.938054293016815,0.0014456818263614,0.0013334639560457,-57.03861697148618,-413239000.0,1472098000.0,-3159583000.0,4055461000.0,36552500.0,0.0,0.0,25.96423520387372,0.0,0.0,3.466306605733278,0.0,0.0,0.0044966448278125,0.3351814516129032,2009-04-28,0.08,bmo,113454545.0,2025-04-24,2009-03-31,0.375,23.81131147540984,1848874.0327868853
2008-12-31,CPT,USD,906345,2009-02-20,2009-02-19 19:45:56,2008,Q4,119564000.0,102575000.0,16989000.0,0.1420912649,0,169103000.0,0.0,169103000.0,-91103000.0,78000000.0,509416000.0,1077000.0,33702000.0,42690000.0,40120000.0,0.3355525074,-13705000.0,-0.1146248035,-22567000.0,-36272000.0,-0.303368907,327000.0,-45961000.0,-0.3844050049,-0.83,-0.83,55404000,55552000,https://www.sec.gov/Archives/edgar/data/906345/000136231009002467/0001362310-09-002467-index.htm,https://www.sec.gov/Archives/edgar/data/906345/000136231009002467/c81164e10vk.htm,2.1580391307486826,-0.8295610425240055,0.6794635766370659,-2.0860046206050105,0.1336907082521117,28.865803913074867,28.865803913074867,25.47639159627464,51.73088585661685,1736361360.0,4561350360.0,-9.444754030591152,14.522442875782009,46.124621065214505,-15.023936040424667,1.2301585128948476,1.2301585128948476,38.14986417316249,113.69268095712862,121.1674952848984,-39.46726623000182,-0.0264697205655394,-0.0665604537525529,2.0066652780670693,0.5987719281185165,70.41348454636092,0.0912972861842105,-0.4066524241884754,-1.078375204102094,0.0248882525236567,-0.9402536933487088,1.4143304004549864,0.0,0.0,4.070075707265241,1.2814726840855106,3.589084094635746,0.0640911980194707,,-0.0034363963037828,-0.0097162107940609,-55.8787091184752,-441993000.0,1599281000.0,-3086654000.0,4053445000.0,36934000.0,64818000.0,0.0,27.851192666688966,0.0,0.0,3.231459459459459,0.0,0.0,-0.0325619520876461,2.7654681972420763,2009-02-09,-0.6,bmo,150095238.0,2025-04-24,2008-12-31,0.05,30.96484375,1473280.421875
2008-09-30,CPT,USD,906345,2008-10-31,2008-10-31 16:35:18,2008,Q3,124784000.0,0.0,124784000.0,1.0,0,7513000.0,0.0,7513000.0,123487000.0,131000000.0,131000000.0,1234000.0,32838000.0,41204000.0,87013000.0,0.6973089499,7924000.0,0.063501731,65749000.0,8007000.0,0.0641668804,83000.0,73673000.0,0.5904042185,1.33,1.32,55367000,56008000,https://www.sec.gov/Archives/edgar/data/906345/000136231008006479/0001362310-08-006479-index.htm,https://www.sec.gov/Archives/edgar/data/906345/000136231008006479/c76417e10vq.htm,2.253761265735908,1.3306301587588274,1.4465656437950405,0.6874492025936026,0.5331153936460347,30.959687178283097,30.959687178283097,27.34419419509816,51.58953889500966,2539130620.0,5333133620.0,8.616218356792855,20.3482066611104,31.70267467412476,66.71038358467763,1.677138469424016,1.677138469424016,42.738921816899605,61.29122797742866,66.58759451630625,140.11700961588986,0.0290150492533542,0.0149901701394156,1.864982436857895,0.5842313485954544,32.11017893877926,0.1340028259991925,0.2413058042511724,1.087128255941797,0.0170188172517095,0.5865513824603314,0.0602080394922425,0.0,0.0,0.5247715127603256,0.3368220284651878,1.0200465974177264,0.0134071675855878,28.61228255341581,0.0018879162474852,0.0152441194484448,-55.295880217458055,-429015000.0,1714145000.0,-3052350000.0,4153712000.0,36712000.0,125021000.0,0.0,26.59090909090909,0.0,0.0,3.3846153846153846,0.0,0.0,0.048662255295033,0.7591164412014377,2008-10-30,0.21,bmo,25359090.0,2025-04-24,2008-09-30,5.285714285714287,47.6859375,910569.140625
2008-06-30,CPT,USD,906345,2008-08-01,2008-08-01 14:45:34,2008,Q2,130146000.0,0.0,130146000.0,1.0,0,8414000.0,0.0,8414000.0,108586000.0,117000000.0,117000000.0,1092000.0,33378000.0,43288000.0,86545000.0,0.6649839411,8082000.0,0.0620994883,9212000.0,8242000.0,0.0633288768,160000.0,17294000.0,0.132881533,0.31,0.31,55351000,56033000,https://www.sec.gov/Archives/edgar/data/906345/000136231008004047/0001362310-08-004047-index.htm,https://www.sec.gov/Archives/edgar/data/906345/000136231008004047/c74127e10vq.htm,2.351285432964174,0.3124424129645354,1.1250925909197669,0.289913461364745,0.0224386189951401,30.377048291810446,30.377048291810446,26.71413343932359,53.70694296399343,2449835260.0,5387948260.0,35.41452613623222,18.82374610053325,39.33898450421517,152.66624665046427,1.6568008878344764,1.6568008878344764,41.39926129116531,62.25603165983014,86.51863926134082,335.7604698697576,0.0070592501799488,0.0065502363616074,1.98785855244026,0.5997097502374882,33.94896296724247,0.0782243377483443,0.2421355383785727,3.600959870475309,0.0175607726374221,2.4876257661616745,0.064650469472746,0.0,0.0,0.7423203532717784,0.3552010818619089,1.067917205692109,0.0165506431238762,13.703982524101306,0.0018721087037415,0.0035284545148874,-57.65455005329624,-445402000.0,1681400000.0,-3182098000.0,4233251000.0,36361000.0,127063500.0,0.0,25.279609054446546,0.0,0.0,3.5601816391290075,0.0,0.0,0.0116957719655849,0.8351791295550216,2008-07-31,0.24,bmo,120387096.0,2025-04-24,2008-06-30,0.2916666666666667,50.4453125,706566.140625
2008-03-31,CPT,USD,906345,2008-05-02,2008-05-02 15:39:48,2008,Q1,120325000.0,117804000.0,2521000.0,0.0209515894,0,7960000.0,0.0,7960000.0,97040000.0,105000000.0,125764000.0,1333000.0,32661000.0,41969000.0,57427000.0,0.4772657386,8560000.0,0.0711406607,273000.0,8833000.0,0.0734095159,273000.0,14915000.0,0.1239559526,0.27,0.27,54965000,55625000,https://www.sec.gov/Archives/edgar/data/906345/000136231008002364/0001362310-08-002364-index.htm,https://www.sec.gov/Archives/edgar/data/906345/000136231008002364/c73174e10vq.htm,2.189120349313199,0.2713544983171109,0.6721732011279905,-0.342217774947694,0.0172291458200673,30.616774310925138,30.616774310925138,26.90754116255799,53.5544255435277,2759243000.0,5669254000.0,46.24946362722092,22.93158528984001,74.68313213879718,-146.69021796916533,1.865647986812471,1.865647986812471,47.11617702056929,98.7210545562192,153.4470308017106,-301.39574694311534,0.0054054680939663,-0.0068170871503524,1.9682293050650688,0.5950304530800169,50.67321991397775,0.0739155546703843,0.2620862802731086,2.47710358699296,0.0155415815134803,2.87515923566879,0.0661541658009557,0.0,0.0,1.5091214204514698,0.4633783503012674,1.3285043722747742,0.016472054851444,12.817306756688046,0.0019715178968927,0.0030487829806161,-57.87671245337943,-464987000.0,1682851000.0,-3172152000.0,4207640000.0,36053000.0,66860500.0,0.0,27.051236235196345,102.1602831822349,0.0,3.327019852900514,0.880968583842478,0.0,0.0100847006672873,1.0143909760756846,2008-05-01,0.24,bmo,134666666.0,2025-04-24,2008-03-31,0.1250000000000001,48.14393442622952,1083748.6557377048
2007-12-31,CPT,USD,906345,2008-02-22,2008-02-22 15:58:56,2007,Q4,126791000.0,58731000.0,68060000.0,0.5367888888,0,201400000.0,0.0,201400000.0,-95400000.0,106000000.0,487202000.0,3424000.0,31475000.0,26330000.0,70572000.0,0.5566010206,47078000.0,0.3713039569,-35379000.0,12767000.0,0.1006932669,478000.0,69247000.0,0.546150752,1.26,1.26,54965000,54965000,https://www.sec.gov/Archives/edgar/data/906345/000136231008001094/0001362310-08-001094-index.htm,https://www.sec.gov/Archives/edgar/data/906345/000136231008001094/c72500e10vk.htm,2.3067588465387066,1.2598380787774035,0.6930410261075229,-1.5569544255435277,0.016319476030201,31.861457291003365,31.861457291003365,27.85978349859001,52.02528882015828,2646564750.0,5473762750.0,9.554799305385073,20.87344330433548,69.47640642637755,-30.92576070952815,1.72829770922078,1.72829770922078,43.17154017240971,77.56281173836649,143.6947142519623,-63.96226541868237,0.0261648614491672,-0.0323355020881314,1.8468431992675567,0.5782526642076078,40.06118573938672,0.0693337097684923,1.4957267672756156,0.4704233353092274,0.016794601379014,0.6418761823616908,1.588440819932014,0.0,0.0,3.246554485075998,0.9753925751827812,4.696961640714014,0.059523152274215,28.1020170567062,0.0109774874886019,0.0141587401549043,-56.61135267897753,-494463000.0,1751265000.0,-3102658000.0,4156400000.0,36055500.0,77411500.0,0.0,25.511274459543657,0.0,0.0,3.527851975514747,0.0,0.0,0.0452206701046748,2.2499954516510505,2008-02-07,0.21,bmo,22265957.0,2025-04-24,2007-12-31,5.714285714285714,54.91828125,816810.234375
2007-09-30,CPT,USD,906345,2007-11-02,2007-11-02 16:02:54,2007,Q3,132321000.0,121756000.0,10565000.0,0.0798437134,0,8110000.0,0.0,8110000.0,102890000.0,111000000.0,129866000.0,2008000.0,27737000.0,45130000.0,74068000.0,0.5597599776,9819000.0,0.0742059084,353000.0,10172000.0,0.0768736633,353000.0,11852000.0,0.0895700607,0.2,0.2,58073000,58993000,https://www.sec.gov/Archives/edgar/data/906345/000136231007002669/0001362310-07-002669-index.htm,https://www.sec.gov/Archives/edgar/data/906345/000136231007002669/c71424e10vq.htm,2.278528748299554,0.2040879582594321,1.2846417440118472,-0.6342534396363197,0.0207841854217967,31.51715943726,31.51715943726,27.85209994317497,48.07619720007577,3705057400.0,6468042400.0,78.15257762402969,28.000524482130576,49.66365159578033,-100.5907039882714,2.2906710851306524,2.2906710851306524,48.88145041225505,87.32573311011502,86.69949465839176,-175.60455026742324,0.0031988708191133,-0.0099412764833278,1.7089761384397093,0.5631119266114852,37.30335637522277,0.0709125403149307,0.3540036773984208,6.29454944313196,0.0122680960354352,3.8351333108336143,0.0612903469592883,0.0,0.0,1.493720091685321,0.842164131165877,2.469222246842455,0.0145630701098087,11.30912285455442,0.0022641504945784,0.0024144497032765,-52.52264821862139,-489722000.0,1830296000.0,-3041105000.0,4186228000.0,35756000.0,164348500.0,0.0,24.60221733511688,114.44257367193404,0.0,3.658206850792071,0.7864206222589667,0.0,0.0073275608904111,1.918895183648167,2007-11-01,0.2,bmo,147400000.0,2025-04-24,2007-09-30,0.0,62.14206349206349,585792.0634920635
2007-06-30,CPT,USD,906345,2007-08-03,2007-08-03 12:33:04,2007,Q2,131831000.0,112106000.0,19725000.0,0.1496233815,0,7912000.0,0.0,7912000.0,105088000.0,113000000.0,120018000.0,1810000.0,29279000.0,42717000.0,86106000.0,0.6531544174,13794000.0,0.1046339632,316000.0,14110000.0,0.1070309715,316000.0,42592000.0,0.3230803074,0.72,0.71,58894000,59929000,https://www.sec.gov/Archives/edgar/data/906345/000095012907003737/0000950129-07-003737-index.htm,https://www.sec.gov/Archives/edgar/data/906345/000095012907003737/h48693e10vq.htm,2.238445342479709,0.7231976092641016,1.2181716303867969,-1.2871769619995246,0.0519237952932387,32.43922980269637,32.43922980269637,28.802288857948177,45.17361700682582,3944131180.0,6572249180.0,23.15065728305785,29.918085882683133,54.97583290355853,-52.02858812510718,2.325162431718311,2.325162431718311,49.8535942229066,76.3274241051727,91.60822909552152,-86.69712796971255,0.0107988294648962,-0.0192202025085788,1.551143029284046,0.5412986760773509,30.52189162195433,0.0719891263592051,0.4711226476314081,1.6844243050338092,0.0114451061437566,1.0598469196093163,0.0600162329042486,0.0,0.0,2.0566466414841864,1.1192359915346164,3.454128332982185,0.0,21.64877121170043,0.003278044922132,0.008762239094415,-49.5944960437396,-495001000.0,1910476000.0,-2911983000.0,4113756000.0,35097500.0,164748500.0,0.0,24.127026268480098,139.58806843523095,0.0,3.7302566424266432,0.6447542473285253,0.0,0.0251090325783095,2.505348592386321,2007-08-02,0.25,bmo,51197183.0,2025-04-24,2007-06-30,1.84,70.71,614160.3174603175
2007-03-31,CPT,USD,906345,2007-04-27,2007-04-27 13:19:06,2007,Q1,131729000.0,113962000.0,17767000.0,0.1348753881,0,8054000.0,0.0,8054000.0,102946000.0,111000000.0,122016000.0,1562000.0,27908000.0,42960000.0,85017000.0,0.6453931936,12244000.0,0.0929484016,1905000.0,14149000.0,0.1074099097,1905000.0,13037000.0,0.0989683365,0.22,0.22,58813000,59994000,https://www.sec.gov/Archives/edgar/data/906345/000095012907002184/0000950129-07-002184-index.htm,https://www.sec.gov/Archives/edgar/data/906345/000095012907002184/h45902e10vq.htm,2.239793923112237,0.2216686786934861,0.6574566847465696,-1.351673949636985,0.0249944740108479,32.83187390542907,32.83187390542907,29.253124309251355,42.41416013466411,4135142030.0,6600268030.0,79.29627272378615,31.391280811362723,106.94240644477205,-52.01698236389253,2.403503955909569,2.403503955909569,50.104897403001615,77.63468518061093,170.6951154731425,-83.02641680084533,0.0031527333052693,-0.0192244908211774,1.4336806814905747,0.5270639418104738,28.99568321629792,0.0737094155844155,0.4387272466676222,2.9659430850655824,0.010422616608407,3.3058985963028302,0.0611406751740315,0.0,0.0,3.0559133110921457,0.8970158431324917,2.7505353817504656,0.0130798837006278,12.078960294618948,0.0026436457542856,0.002785755190304,-46.27086698519035,-456476000.0,1930941000.0,-2712615000.0,4007907000.0,34512000.0,77811500.0,0.0,23.81297967797524,122.9012302346396,0.0,3.779451425948241,0.7322953547997404,0.0,0.0075776069711426,2.0091306343835544,2007-04-26,0.24,bmo,159381818.0,2025-04-24,2007-03-31,-0.0833333333333333,74.60754098360657,502295.5573770492
2006-12-31,CPT,USD,906345,2007-02-28,2007-02-28 12:45:57,2006,Q4,155314000.0,-8893000.0,164207000.0,1.0572581995,0,65572000.0,0.0,65572000.0,33428000.0,99000000.0,495980000.0,3674000.0,26752000.0,40565000.0,101677000.0,0.654654442,128968000.0,0.8303694451,7676000.0,34360000.0,0.2212292517,105280000.0,31364000.0,0.2019392972,0.53,0.53,58451000,58813000,https://www.sec.gov/Archives/edgar/data/906345/000095012907001000/0000950129-07-001000-index.htm,https://www.sec.gov/Archives/edgar/data/906345/000095012907001000/h43928e10vk.htm,2.657165831209047,0.5365862004071786,0.8146139501462764,3.569126276710407,0.0176900309661083,33.495868334160235,33.495868334160235,29.67196455150468,40.336829138936885,4316606350.0,6646548350.0,34.40733284976406,27.79277045211636,90.65643914732752,20.691338516626,2.488881377295088,2.488881377295088,42.79426420026527,65.36924132301307,139.58938044733802,31.859745996289888,0.0072658930319184,0.0483294011741422,1.3440008856313237,0.5082753131780072,22.91513321596821,0.0676089879009026,4.820873205741627,0.4260545106390594,0.0099747339712827,1.3728159673511031,0.4221898862948607,0.0,0.0,3.3813714165704085,1.0366354610659696,3.969037347467028,0.074809740268102,18.927103612001464,-0.0689842932014506,0.0068390008831129,-44.50773297291749,-485496000.0,1957867000.0,-2592979000.0,3884715000.0,33897000.0,0.0,0.0,19.800533113563493,0.0,0.0,4.545332162715833,0.0,0.0,0.01808394585656,2.7545123265641305,2007-02-08,-0.05,bmo,38157894.0,2025-04-24,2006-12-31,-4.8,77.09174603174603,340331.74603174604
2006-09-30,CPT,USD,906345,2006-11-03,2006-11-03 15:38:49,2006,Q3,218159000.0,124302000.0,93857000.0,0.4302229108,0,65900000.0,0.0,65900000.0,54100000.0,120000000.0,134151000.0,1733000.0,29176000.0,34708000.0,165777000.0,0.7598907219,96202000.0,0.4409719516,29255000.0,96202000.0,0.4409719516,51212000.0,125457000.0,0.5750713929,2.15,2.05,58348000,61250000,https://www.sec.gov/Archives/edgar/data/906345/000136231006000280/0001362310-06-000280-index.htm,https://www.sec.gov/Archives/edgar/data/906345/000136231006000280/c70046e10vq.htm,3.738928497977651,2.1501508192225955,0.956588057859738,-0.0901144855007883,0.1381538356070473,29.72023034208542,29.72023034208542,29.72023034208542,39.58368752999246,4435031480.0,6707423480.0,8.837752138182804,20.32935372824408,79.4594908178805,-843.4825941422594,2.557517190314835,2.557517190314835,30.745573091185783,40.46051913112193,120.17241745050612,-1275.6606085964245,0.0282877360771292,-0.0011855609196262,1.3150521649070763,0.5017066738593006,13.70752275647406,0.0785324039186134,3.2972991499862903,1.2385992943212836,0.0098375851889105,0.3477685581513985,0.3020732584949509,0.0,0.0,1.094204067007077,0.2799471944774224,1.7596231416388153,0.0088330071186611,37.91855741446637,0.0116513443330932,0.0276009258609435,-47.61081785151162,-489115000.0,1734116000.0,-2769590000.0,3853091000.0,33516000.0,80166000.0,0.0,13.871350712095309,0.0,0.0,6.488192957411373,0.0,0.0,0.0723463712923472,1.0467025433605266,2006-11-02,0.33,bmo,24114146.0,2025-04-24,2006-09-30,5.212121212121211,75.45095238095237,238146.03174603172
2006-06-30,CPT,USD,906345,2006-08-07,2006-08-07 10:57:21,2006,Q2,130235000.0,125760000.0,4475000.0,0.0343609629,0,8036000.0,0.0,8036000.0,104964000.0,113000000.0,133796000.0,3611000.0,31379000.0,44205000.0,0.0,0.0,9765000.0,0.0749798441,24817000.0,34582000.0,0.2655353784,56196000.0,34582000.0,0.2655353784,0.62,0.61,55506000,56683000,https://www.sec.gov/Archives/edgar/data/906345/000110465906051839/0001104659-06-051839-index.htm,https://www.sec.gov/Archives/edgar/data/906345/000110465906051839/a06-15496_110q.htm,2.34632292004468,0.6230317443159298,1.1691348683025258,0.3057327135805138,0.8953986956365078,33.46791337873383,33.46791337873383,29.59991712607646,46.70961697834469,4082466300.0,6594051300.0,29.512942426695968,31.346921334510693,62.90976515548433,240.5696110783736,2.484804254239114,2.484804254239114,50.63194456175376,0.0,101.61264985977132,388.5710842663524,0.0084708598819297,0.0041568010004148,1.558933104804522,0.5437941226239255,0.0,0.164310003954132,0.3111953854488671,1.87652536001388,0.0099503577041162,1.1746573361864554,0.0617038430529427,0.0,0.0,0.738496625265818,0.367980957499904,1.084130754439543,0.0,20.37002650881912,-0.0015051560592077,0.0073422084416925,-50.04145497784023,-422692000.0,1857670000.0,-2769249000.0,4054859000.0,33384500.0,158579500.0,0.0,23.086881406687912,114.74141221374046,0.0,3.8983177681992336,0.784372427213532,0.0,0.0210484286716823,0.863402154722012,2006-08-03,0.22,bmo,187129411.0,2025-04-24,2006-06-30,-0.2272727272727272,69.91619047619048,357833.3333333333
2006-03-31,CPT,USD,906345,2006-05-09,2006-05-09 17:08:27,2006,Q1,118895000.0,119249000.0,-354000.0,-0.002977417,0,7414000.0,0.0,7414000.0,97586000.0,105000000.0,126663000.0,753000.0,31037000.0,40382000.0,0.0,0.0,10883000.0,0.0915345473,30560000.0,41443000.0,0.3485680643,61597000.0,41443000.0,0.3485680643,0.76,0.75,54290000,55474000,https://www.sec.gov/Archives/edgar/data/906345/000110465906032717/0001104659-06-032717-index.htm,https://www.sec.gov/Archives/edgar/data/906345/000110465906032717/a06-9616_110q.htm,2.189998158040155,0.7633634186774728,1.1649475041444095,-0.917940688892982,0.0231350156566586,29.540965186958925,29.540965186958925,25.461558298029104,51.07183643396574,3911594500.0,6651991500.0,23.596231571073524,32.89957105008621,61.84828049648193,-78.49091000300993,2.8297561035601326,2.8297561035601326,55.94845451869296,0.0,105.1781405644715,-133.4803150396308,0.0105949121259885,-0.0127403287840802,1.9833879280160427,0.5936364596947343,0.0,0.0700182038834951,0.3506460031575216,1.5260719542504162,0.0099511848684724,0.9392418502521536,0.0623575423693174,0.0,0.0,1.787967428255198,0.951091299045376,2.8002575404883365,0.0,20.912185424122548,-0.0013295430760549,0.0089734462381376,-55.044174801989314,-459783000.0,1603779000.0,-2980008000.0,3980671000.0,46311000.0,78413500.0,0.0,25.253290718701376,118.36099254501084,0.0,3.563891969665178,0.7603856478795106,0.0,0.0299810172551992,2.082888193037392,2006-05-04,0.14,bmo,98840000.0,2025-04-24,2006-03-31,0.4285714285714285,65.48290322580645,351961.29032258067
2005-12-31,CPT,USD,906345,2006-03-10,2006-03-10 12:29:22,2005,Q4,105648000.0,0.0,105648000.0,1.0,0,176879000.0,0.0,176879000.0,-99879000.0,77000000.0,77000000.0,972000.0,30132000.0,35360000.0,0.0,0.0,43019000.0,0.4071918068,-65492000.0,0.0,0.0,30132000.0,12887000.0,0.1219805391,0.24,0.24,54118000,54290000,https://www.sec.gov/Archives/edgar/data/906345/000110465906015666/0001104659-06-015666-index.htm,https://www.sec.gov/Archives/edgar/data/906345/000110465906015666/a06-2520_110k.htm,1.9521785727484384,0.2381277948187294,0.7203518237924535,4.486640304519753,0.0291215492072877,29.415832070660407,29.415832070660407,25.33173805388226,49.21140840385824,3134514560.0,5766029560.0,60.80768526421976,29.669416931697715,80.4051549353581,12.909436921353498,2.2864597714061463,2.2864597714061463,54.577744585794335,0.0,147.90759183254667,23.747279990774604,0.0041113224243565,0.0774627124399128,1.9206982550917169,0.5867221326088802,0.0,0.1257482430756511,1.4276848533120934,3.0250640180026385,0.0068377414077157,1.6631489097540155,1.6742295168862638,0.0,0.0,5.228401395444285,1.929274572164168,5.764253393665158,0.0,11.65007707005302,,0.0028715635437326,-52.65995140249085,-422963000.0,1591926000.0,-2835036000.0,3721186000.0,47287000.0,49090500.0,0.0,50.4835870059064,0.0,0.0,1.7827576314945748,0.0,0.0,0.0094003733305711,3.766288480727299,2006-02-01,0.03,bmo,,2025-04-24,2005-12-31,6.913333333333334,57.08698412698413,261015.87301587305
2005-09-30,CPT,USD,906345,2005-11-04,2005-11-04 16:54:20,2005,Q3,113752000.0,111642000.0,2110000.0,0.0185491244,0,6183000.0,0.0,6183000.0,107817000.0,114000000.0,117825000.0,1913000.0,29331000.0,47697000.0,42554000.0,0.3740945214,-3020000.0,-0.0265489838,703000.0,-2317000.0,-0.0203688726,30034000.0,-2317000.0,-0.0203688726,-0.0429,-0.0416,54018000,55671000,https://www.sec.gov/Archives/edgar/data/906345/000110465905052749/0001104659-05-052749-index.htm,https://www.sec.gov/Archives/edgar/data/906345/000110465905052749/a05-18368_110q.htm,2.105816579658632,-0.0428931097041726,1.1640194009404272,-0.9946869561997852,0.0199192861638713,29.86071309563479,29.86071309563479,25.72246288274279,48.02376985449295,3011503500.0,5575244500.0,-324.9356387570133,26.474290561924185,47.89439072489584,-56.04778433306657,2.1673663309046,2.1673663309046,49.01227670722273,131.01575645062744,88.66765005248259,-103.76215778600807,-0.0007693831337071,-0.0178419184968571,1.8458879462473623,0.5740383220860049,60.246768811392585,0.0743695074596362,-0.1029627356721557,-27.13767803193785,0.0131206887191065,-17.05351747949935,0.0543550882621844,0.0,0.0,1.8545278157702216,1.0251160419157466,2.444786883871103,0.0,,-0.0109910616120971,-0.0005185737587801,-52.34268669702692,-452911000.0,1613016000.0,-2818619000.0,3836445000.0,35198500.0,99457000.0,0.0,27.939464800618893,79.14843875960659,0.0,3.221249964602271,1.137103920310447,0.0,-0.0016675350995627,2.1587063571402125,2005-10-27,0.11,bmo,250433333.0,2025-04-24,2005-09-30,-1.5454545454545454,53.74359375,332478.125
2005-06-30,CPT,USD,906345,2005-08-09,2005-08-08 19:07:22,2005,Q2,114267000.0,109844000.0,4423000.0,0.0387075884,0,6558000.0,0.0,6558000.0,103442000.0,110000000.0,116402000.0,1265000.0,28584000.0,47836000.0,0.0,0.0,-272000.0,-0.0023803898,22124000.0,21852000.0,0.1912363149,50708000.0,128000.0,0.0011201834,0.0024,0.0023,53873000,55538000,https://www.sec.gov/Archives/edgar/data/906345/000110465905037372/0001104659-05-037372-index.htm,https://www.sec.gov/Archives/edgar/data/906345/000110465905037372/a05-13113_110q.htm,2.1210439366658624,0.0023759582722328,0.972899225957344,0.0932563621851391,0.1193919031797004,30.57056410446792,30.57056410446792,26.376960629628943,47.542331037811145,2895673750.0,5421905750.0,5655.61279296875,25.34129494954799,55.24724305038826,576.36818272293,2.037763211415012,2.037763211415012,47.44944515914481,0.0,103.44581973937764,1079.2009852707006,4.420387483223896e-05,0.0017350020871653,1.782303522997088,0.5703134640657103,0.0,0.0898809266074908,-0.0095158130422614,2.398544755628776,0.0050319895326605,113.8359375,0.0573918979232849,0.0,0.0,0.9041459179974434,0.414721660671935,0.9906555732084622,0.0,1.1874710735834182,9.38377150900754e-05,2.882345364423031e-05,-51.2530395559928,-420384000.0,1646928000.0,-2752384000.0,3827687000.0,34335500.0,85465500.0,0.0,27.633174932395185,82.53495866865737,0.0,3.2569547372021432,1.0904470233190713,0.0,9.007702993513046e-05,0.879642863772205,2005-08-01,0.12,bmo,40338461.0,2025-04-24,2005-06-30,2.2500000000000004,51.24921875,277262.5
2005-03-31,CPT,USD,906345,2005-05-10,2005-05-10 15:37:43,2005,Q1,260606000.0,94774000.0,165832000.0,0.636332241,0,5276000.0,0.0,5276000.0,80724000.0,86000000.0,100050000.0,3223000.0,23501000.0,40361000.0,0.0,0.0,151358000.0,0.5807924606,15306000.0,166664000.0,0.6395247999,38807000.0,166664000.0,0.6395247999,3.63,3.38,45900000,49374000,https://www.sec.gov/Archives/edgar/data/906345/000110465905022147/0001104659-05-022147-index.htm,https://www.sec.gov/Archives/edgar/data/906345/000110465905022147/a05-8972_110q.htm,5.677690631808279,3.631023965141612,1.0145969498910676,0.1469281045751634,0.1383660130718954,36.06296296296296,36.06296296296296,31.062113289760347,56.637995642701526,2158677000.0,4728509000.0,3.2380673090769454,8.28329739146451,46.35338200558299,320.0885231316726,1.5140631148075647,1.5140631148075647,18.14428294053092,0.0,101.53551642688426,701.1430901542111,0.0772065482700746,0.0031241357553723,1.8068954536942283,0.5789168776214858,0.0,0.094662242237497,6.440491893961959,0.2794244707915326,0.0256180058433938,0.3318113089809437,0.0202451209872374,0.0,0.0,0.8551857418939232,0.152820733214124,0.986744629716806,0.0232381449391034,50.37572579793695,0.0299008985274444,0.0374525421881548,-60.19986383442266,-381962000.0,1655290000.0,-2754777000.0,3883326000.0,59940500.0,51051000.0,0.0,11.59923409284514,66.66195370038196,0.0,7.759132997886087,1.350095444314653,0.0,0.1168955869573298,0.8676688453159042,2005-05-05,0.11,bmo,3630000.0,2025-04-24,2005-03-31,29.90909090909091,47.15032786885246,352290.1639344262
2004-12-31,CPT,USD,906345,2005-03-15,2005-03-14 21:18:02,2004,Q4,82710000.0,0.0,82710000.0,1.0,0,145956000.0,0.0,145956000.0,-190661000.0,-44705000.0,-44705000.0,0.0,19513000.0,20979000.0,0.0,0.0,38005000.0,0.4594970378,-78497000.0,0.0,0.0,19513000.0,18492000.0,0.2235763511,0.4,0.4,45018000,45900000,https://www.sec.gov/Archives/edgar/data/906345/000095013405004960/0000950134-05-004960-index.htm,https://www.sec.gov/Archives/edgar/data/906345/000095013405004960/d23390e10vk.htm,1.837265093962415,0.4107690257230441,0.8531032031631792,0.8531032031631792,0.0500466480074636,19.94939801857035,19.94939801857035,16.404882491447864,35.45066417877293,2295918000.0,3870070000.0,31.039341336794287,27.75865070729053,59.78174716833745,59.78174716833745,3.1088305586210168,3.1088305586210168,46.79083544915972,0.0,100.76995182918893,100.76995182918893,0.0080542946220204,0.0167275137875133,2.1345605708753377,0.5995385195811611,0.0,0.2816380407124682,1.94767590836878,2.634087791495199,0.0134516999300497,1.6701276227557862,1.7646717446499818,0.0,0.0,0.0,0.0,0.0,0.0,12.313362495985569,,0.0070328794339619,-36.96984539517526,-225853000.0,898082000.0,-1642735000.0,2172832000.0,58364000.0,45514500.0,0.0,93.8998911860718,0.0,0.0,0.9584675643729575,0.0,0.0,0.0250394372490741,0.0,2005-02-01,0.25,bmo,57318030.0,2025-04-24,2004-12-31,0.72,47.645,279510.9375
2004-09-30,CPT,USD,906345,2004-11-09,2004-11-09 11:14:55,2004,Q3,90651000.0,90282000.0,369000.0,0.0040705563,0,4074000.0,0.0,4074000.0,0.0,4074000.0,94356000.0,1917000.0,19305000.0,27916000.0,0.0,0.0,15507000.0,0.1710626469,-9700000.0,5807000.0,0.0640588631,9605000.0,5807000.0,0.0640588631,0.14,0.14,40377000,42574000,https://www.sec.gov/Archives/edgar/data/906345/000090634504000084/0000906345-04-000084-index.htm,https://www.sec.gov/Archives/edgar/data/906345/000090634504000084/q04-3qtr.htm,2.245114793075265,0.1438195012011789,1.2802337964682864,0.7537211778983084,0.0610496074497857,22.328404784902297,22.328404784902297,18.39198058300517,40.23654555811477,1865417400.0,3468278400.0,80.30899776132254,20.5780123771387,36.087158554515206,61.29587618703381,2.511964374445371,2.511964374445371,38.25968163616507,0.0,67.09507080399288,113.9643939145007,0.0031129762164757,0.01631431120992,2.161726228870219,0.6064862336692824,0.0,0.1100301003344481,0.8032634032634033,8.901670397795764,0.0166380993336933,5.344756328568969,0.0449415891716583,0.0,0.0,0.4112628646599087,0.2345147874816604,0.7615346038114343,0.0,7.714617498934433,-0.004547534579338,0.002193863152355,-42.60060182777324,-266101000.0,901554000.0,-1712476000.0,2230257000.0,30207500.0,60736000.0,0.0,30.21544163881259,58.94032032963381,0.0,2.978609449957285,1.526968287526427,0.0,0.0078196853542827,0.526512618569978,2004-11-04,0.14,bmo,88500000.0,2025-04-24,2004-09-30,0.0,45.95625,160053.125
2004-06-30,CPT,USD,906345,2004-08-09,2004-08-09 13:48:16,2004,Q2,89829000.0,86830000.0,2999000.0,0.033385655,0,4140000.0,0.0,4140000.0,0.0,4140000.0,90970000.0,1801000.0,19261000.0,27260000.0,0.0,0.0,18053000.0,0.2009707333,-10399000.0,7654000.0,0.0852063365,8862000.0,7654000.0,0.0852063365,0.19,0.18,40291000,42419000,https://www.sec.gov/Archives/edgar/data/906345/000090634504000076/0000906345-04-000076-index.htm,https://www.sec.gov/Archives/edgar/data/906345/000090634504000076/q04-2qtr.htm,2.229505348589015,0.1899679829242262,1.006527512347671,-0.1074433496314313,0.0477029609590231,23.69184185053734,23.69184185053734,18.859521977612868,39.23705045791864,1845327800.0,3405044800.0,60.273314606741565,20.542673301495064,45.50297874439019,-426.2711480711481,2.428481488256528,2.428481488256528,37.90585223034877,0.0,83.96322927454752,-786.5661353661353,0.0041477725529307,-0.0023459246644417,2.055142399545185,0.590535408928751,0.0,0.0987708978328173,0.9372825917657442,5.298406062189705,0.0167856355927656,4.046903579827541,0.0460875663761146,0.0,0.0,1.1067465601420328,0.4996493337340947,1.6464783565663976,0.0,8.978355659726908,-0.0012889281085733,0.0028943680453297,-41.33603658385248,-291097000.0,954568000.0,-1657975000.0,2210544000.0,29482500.0,59716500.0,0.0,30.03807233744114,64.6231717148451,0.0,2.996197591808145,1.3926893034147594,0.0,0.0100727888622907,1.113970861979102,2004-08-05,0.18,bmo,101900000.0,2025-04-24,2004-06-30,0.0,43.97306451612903,203379.0322580645
2004-03-31,CPT,USD,906345,2004-05-07,2004-05-07 16:58:40,2004,Q1,91451000.0,83808000.0,7643000.0,0.0835748106,0,41904000.0,0.0,41904000.0,0.0,4186000.0,87994000.0,3418000.0,21135000.0,27373000.0,0.0,0.0,23238000.0,0.2541032903,-13850000.0,9388000.0,0.1026560672,7285000.0,9388000.0,0.1026560672,0.23,0.22,40031000,42146000,https://www.sec.gov/Archives/edgar/data/906345/000090634504000062/0000906345-04-000062-index.htm,https://www.sec.gov/Archives/edgar/data/906345/000090634504000062/q04-1qtr.htm,2.284504509005521,0.2345182483575229,0.734081087157453,0.3758337288601334,0.0958257350553321,24.22447603107592,24.22447603107592,19.34011141365442,38.54090579800655,1799393450.0,3317253450.0,47.91737989987218,19.67603908103793,61.23301742326278,119.60076105018278,2.324185163083632,2.324185163083632,36.27356125138052,0.0,112.88550500238208,220.4887637088734,0.0052173136453286,0.0083611508089017,1.965497465784212,0.5814493590933997,0.0,0.1021793275217932,1.0995031937544355,3.130166169578185,0.0171974617335636,3.296229228802727,0.458212594722857,0.0,0.0,0.4880215068399918,0.1568162185213939,0.5239104226792825,0.0,10.102039579452027,0.0023713906940287,0.0035872122836419,-40.51285253928206,-288380000.0,969730000.0,-1614524000.0,2195138000.0,52707000.0,41618000.0,0.0,28.524127674929744,61.3036941580756,0.0,3.1552235716257244,1.468100760256455,0.0,0.0121260029656266,0.3582473582973196,2004-05-06,0.18,bmo,88690909.0,2025-04-24,2004-03-31,0.2222222222222222,43.736935483870965,141404.83870967742
2003-12-31,CPT,USD,906345,2004-03-12,2004-03-12 12:11:20,2003,Q4,85387000.0,0.0,85387000.0,1.0,0,136983000.0,0.0,136983000.0,0.0,11926000.0,11926000.0,0.0,19955000.0,27454000.0,0.0,0.0,29205000.0,0.3420309883,-76614000.0,-20180000.0,-0.236335742,-29430000.0,9250000.0,0.1083303079,0.23,0.23,39748000,40031000,https://www.sec.gov/Archives/edgar/data/906345/000090634504000036/0000906345-04-000036-index.htm,https://www.sec.gov/Archives/edgar/data/906345/000090634504000036/cpt_10k-03.htm,2.148208714903894,0.2327161115024655,0.8035372848948374,0.8035372848948374,0.0844570796014893,24.687279863137768,24.687279863137768,19.74652812720137,38.48324443997182,1760836400.0,3267156400.0,47.590172972972965,20.621832363240305,55.13123140987507,55.13123140987508,2.243432349962096,2.243432349962096,38.26292526965463,0.0,102.29363474122546,102.29363474122546,0.0052531853612294,0.0181385391624116,1.923437191435688,0.5749921635795169,0.0,0.24104833836858,1.4635429716862942,3.452864864864865,0.0172281763371088,3.279567567567568,1.6042606017309426,0.0,0.0,0.0,0.0,0.0,0.0,10.16833530782292,-0.0059577655185852,0.0035230565962855,-39.84128761195531,-251213000.0,981270000.0,-1564504000.0,2235922000.0,41785500.0,40436500.0,0.0,80.55910150257064,0.0,0.0,1.1171922020149156,0.0,0.0,0.0117851659797295,0.0,2004-02-05,0.2,bmo,95909090.0,2025-04-24,2003-12-31,0.0999999999999999,41.45203125,131396.875
2003-09-30,CPT,USD,906345,2003-11-13,2003-11-13 15:13:50,2003,Q3,86333000.0,94873000.0,-8540000.0,-0.0989193008,0,3878000.0,0.0,3878000.0,0.0,3878000.0,98751000.0,0.0,18584000.0,26677000.0,0.0,0.0,5938000.0,0.0687801883,0.0,5938000.0,0.0687801883,18584000.0,5938000.0,0.0687801883,0.15,0.14,39290000,41465000,https://www.sec.gov/Archives/edgar/data/906345/000090634503000116/0000906345-03-000116-index.htm,https://www.sec.gov/Archives/edgar/data/906345/000090634503000116/q03-3qtr.htm,2.1973275642657164,0.1511326037159582,1.1340544667854415,0.5762025960804276,0.0595825909900738,25.1567828964113,25.1567828964113,20.13777042504454,38.187554085008905,1509914700.0,2989378700.0,63.57000252610306,17.48942698620458,33.88726126085688,66.69529131145369,1.908354261115528,1.908354261115528,34.62614179977529,0.0,67.09111250757456,132.04552762931226,0.0039326724880551,0.0149935622191107,1.8728269126012844,0.5682534605897729,0.0,0.02833831440526,0.3195221696082652,7.503704951162008,0.0200673587719889,5.102728191310206,0.0449190923517079,0.0,0.0,0.4919092398500796,0.253877428098178,0.8216066274318702,0.0,8.275153034285953,-0.0057346168427048,0.0022771478359042,-41.01657546449479,-325118000.0,988410000.0,-1609756000.0,2205204000.0,18204500.0,59983000.0,0.0,7.444314456812575,51.91224057424135,0.0,12.089763338468002,1.7336951556018494,0.0,0.0075049323001517,0.557851870705014,2003-11-06,0.14,bmo,105100000.0,2025-04-24,2003-09-30,0.0,37.39546875,120754.6875
2003-06-30,CPT,USD,906345,2003-08-12,2003-08-12 11:12:30,2003,Q2,85486000.0,90227000.0,-4741000.0,-0.0554593735,0,4437000.0,0.0,4437000.0,0.0,4437000.0,94664000.0,0.0,18519000.0,27390000.0,0.0,0.0,5908000.0,0.0691107316,0.0,5908000.0,0.0691107316,18519000.0,5908000.0,0.0691107316,0.15,0.14,39218000,41169000,https://www.sec.gov/Archives/edgar/data/906345/000090634503000082/0000906345-03-000082-index.htm,https://www.sec.gov/Archives/edgar/data/906345/000090634503000082/q03-2qtr.htm,2.17976439390076,0.1506451119383956,0.9252639094293436,0.1439390075985517,0.0395226681625784,25.617165587230357,25.617165587230357,20.56415421490132,38.14348003467796,1370669100.0,2846511100.0,58.00055433310765,16.033842968439277,37.77300686196159,242.8111780336581,1.6995593222440593,1.6995593222440593,33.297979786163815,0.0,78.4443767740513,504.25351638618247,0.0043103036319998,0.004118426540731,1.8318902397440744,0.5653494114770302,0.0,-0.0018275652701882,0.31902370538366,6.142010832769127,0.0220811864803839,5.122884224779959,0.051903235617528,0.0,0.0,0.8444346460164798,0.3584446576047539,1.1187294633077765,0.0,8.3488028816412,-0.0057127507001075,0.0022607976237899,-40.417206384823295,-330002000.0,1004654000.0,-1609185000.0,2207518000.0,17856000.0,66430000.0,0.0,30.81346653253164,65.07885666153147,0.0,2.9208008746754133,1.3829376331560477,0.0,0.0073256167194678,0.781324901830792,2003-07-29,0.12,bmo,88371428.0,2025-04-24,2003-06-30,0.1666666666666668,34.841746031746034,171274.60317460317
2003-03-31,CPT,USD,906345,2003-05-12,2003-05-12 16:57:13,2003,Q1,86510000.0,87770000.0,-1260000.0,-0.0145647902,0,3611000.0,0.0,3611000.0,0.0,3611000.0,91381000.0,0.0,18356000.0,26555000.0,0.0,0.0,8334000.0,0.0963356837,0.0,8334000.0,0.0963356837,18356000.0,8334000.0,0.0963356837,0.21,0.19,39164000,42752000,https://www.sec.gov/Archives/edgar/data/906345/000090634503000053/0000906345-03-000053-index.htm,https://www.sec.gov/Archives/edgar/data/906345/000090634503000053/q03-1qtr.htm,2.2089163517516086,0.2127974670615871,0.6429118578286181,-0.1857062608518026,0.0496629557757123,26.128944949443365,26.128944949443365,21.036615258911244,37.67107547747932,1268913600.0,2723962600.0,38.06436285097192,14.66782568489192,50.39571071130704,-174.46907740959713,1.540171724454349,1.540171724454349,31.487256964512778,0.0,108.1839072242742,-374.5308125945278,0.0065678230574563,-0.0057316747176482,1.7684584368073917,0.5575828130608859,0.0,0.0252528597230583,0.4540204837655263,3.021238300935925,0.0237786087248178,3.62047036237101,0.0417408392093399,0.0,0.0,1.2888518209619126,0.3751242630909721,1.2220674072679345,0.0,10.03604080100926,-0.0045288332402441,0.0031893715170065,-40.41880298233071,-323811000.0,1023314000.0,-1581351000.0,2212932000.0,16350500.0,51903000.0,0.0,6.703964859553809,69.33496638942691,0.0,13.424891371818743,1.2980463492908587,0.0,0.0101155753643136,0.8286181186804208,2003-05-01,0.16,bmo,80880000.0,2025-04-24,2003-03-31,0.25,31.95868852459017,131886.88524590165
2002-12-31,CPT,USD,906345,2003-03-27,2003-03-27 09:51:05,2002,Q4,78202000.0,0.0,78202000.0,1.0,0,117789000.0,0.0,117789000.0,0.0,13370000.0,13370000.0,0.0,18837000.0,24966000.0,0.0,0.0,57115000.0,0.7303521649,-93449000.0,-36334000.0,-0.4646172732,-74612000.0,38278000.0,0.4894759725,0.98,0.98,39164000,39164000,https://www.sec.gov/Archives/edgar/data/906345/000090634503000041/0000906345-03-000041-index.htm,https://www.sec.gov/Archives/edgar/data/906345/000090634503000041/cpt_10k-02.htm,1.9967827596772547,0.977377183127362,1.3026248595649066,1.3026248595649066,0.0103411296088244,26.559646614237565,26.559646614237565,21.43430190991727,36.91790930446328,1292412000.0,2719023000.0,8.440958252782277,16.52658499782614,25.333464011290573,25.333464011290577,1.5395882795105862,1.5395882795105862,34.76922585100125,0.0,53.29745570017249,53.29745570017249,0.0296174903977988,0.0394734805928759,1.699935553270999,0.5467705838425165,0.0,0.0778679906542056,3.0320645538036843,1.451627589346688,0.0238321835451852,0.8046658655102148,1.5062146748165008,0.0,0.0,0.0,0.0,0.0,0.0,21.710860105437288,-0.0270862256216715,0.0146664679361155,-39.56744076192422,-315738000.0,1040182000.0,-1543055000.0,2206070000.0,15528500.0,47188000.0,0.0,30.21828086238203,0.0,0.0,2.9783295883002627,0.0,0.0,0.0455987410849684,0.0,2003-02-03,0.22,bmo,85311272.0,2025-04-24,2002-12-31,-0.0909090909090908,32.47015625,179310.9375
2002-09-30,CPT,USD,906345,2002-11-13,2002-11-13 11:44:00,2002,Q3,87939000.0,0.0,87939000.0,1.0,0,6424000.0,0.0,6424000.0,-66053000.0,-59629000.0,-59629000.0,0.0,18075000.0,26675000.0,0.0,0.0,28310000.0,0.3219276999,-43145000.0,0.0,0.0,18075000.0,10235000.0,0.1163874959,0.25,0.23,40645000,44346000,https://www.sec.gov/Archives/edgar/data/906345/000090634502000028/0000906345-02-000028-index.htm,https://www.sec.gov/Archives/edgar/data/906345/000090634502000028/q02-3qtr.htm,2.1635871570918934,0.2518144913273465,1.285102718661582,0.1999015869110591,0.102201992865051,26.02371755443474,26.02371755443474,21.05848197810309,34.58272850289089,1347381750.0,2730767750.0,32.91113214460186,15.32177702725753,25.795603354201365,165.8316,1.574187542790114,1.574187542790114,31.05297706364639,0.0,52.28050753355159,336.0944923076923,0.0075962139163603,0.006030213783139,1.6211056614971926,0.5376528246205734,0.0,0.0265461013934183,1.5662517289073306,5.103370786516854,0.0232992616977334,3.0672203224230583,0.073050637373634,0.0,0.0,0.8444469971091073,0.5015749553667883,1.6535332708528585,0.0,10.923080878005424,,0.0039659228995139,-37.28005904785336,-328346000.0,1057734000.0,-1514048000.0,2190359000.0,6075500.0,59921500.0,0.0,4.912496162112373,0.0,0.0,18.320625,0.0,0.0,0.0119578653195034,1.0852011317505228,2002-11-13,,amc,,2025-04-24,2002-09-30,,34.6375,156673.4375
2002-06-30,CPT,USD,906345,2002-08-13,2002-08-13 15:42:16,2002,Q2,86776000.0,0.0,86776000.0,1.0,0,3357000.0,0.0,3357000.0,-60533000.0,-57176000.0,-57176000.0,0.0,17483000.0,25644000.0,0.0,0.0,29600000.0,0.3411081405,-43127000.0,0.0,0.0,17483000.0,12117000.0,0.1396353831,0.3,0.27,41061000,45051000,https://www.sec.gov/Archives/edgar/data/906345/000090634502000010/0000906345-02-000010-index.htm,https://www.sec.gov/Archives/edgar/data/906345/000090634502000010/q02-2qt.htm,2.1133435620174863,0.2950975378096003,1.2703538637636689,-2.121258615230998,0.1144882004822094,26.91113221791968,26.91113221791968,21.964297021504592,32.73154574900757,1529522250.0,2851328250.0,31.55736258974994,17.626097653729143,29.32253843794333,-17.560329387722298,1.6959340862823713,1.6959340862823713,32.85848909836821,0.0,54.66293949618496,-32.735884203396054,0.0079220815519355,-0.0569465400062012,1.470830801573609,0.5184736279477894,0.0,0.0365101484398667,1.6930732711777154,4.304860939176364,0.0204691366863084,2.583807873235949,0.038685811745183,0.0,0.0,2.669817108239714,1.6048561814326543,5.430627047262518,0.0,12.076266987037291,,0.0047360058784788,-35.1494788241884,-318048000.0,1104998000.0,-1441435000.0,2181407000.0,4575500.0,56374500.0,0.0,7.624112657877754,0.0,0.0,11.804652428241056,0.0,0.0,0.0134353281382362,3.3916124789946664,2002-11-01,0.35,bmo,,2025-04-24,2002-06-30,-0.2314285714285713,38.5428125,147523.4375
2002-03-31,CPT,USD,906345,2002-05-03,2002-05-03 14:38:43,2002,Q1,86926000.0,0.0,86926000.0,1.0,0,3589000.0,0.0,3589000.0,-59429000.0,-55840000.0,-55840000.0,0.0,17104000.0,26057000.0,0.0,0.0,31086000.0,0.3576145227,-43161000.0,0.0,0.0,17104000.0,13982000.0,0.1608494582,0.34,0.31,40826000,44648000,https://www.sec.gov/Archives/edgar/data/906345/000090634502000005/0000906345-02-000005-index.htm,https://www.sec.gov/Archives/edgar/data/906345/000090634502000005/q02-1qtr.htm,2.129182383775045,0.3424778327536374,0.7228971733699113,-0.0702003625140841,0.1846862293636408,27.33182285798265,27.33182285798265,22.32888355459756,30.801082643413512,1593438780.0,2826279780.0,28.490895079387784,18.330980144030555,53.99108121844611,-555.9800348918353,1.7479602105750445,1.7479602105750445,32.51362975404367,0.0,95.76389319960695,-986.1408862526168,0.0087747330964293,-0.0017986257369737,1.3606651608876272,0.5037683702210011,0.0,0.0301096067053513,1.8174695977549111,2.110785295379774,0.0187707242822344,2.1391789443570306,0.0412879920852219,0.0,0.0,1.0971097482465355,0.3724892437245473,1.2426219441992554,0.0,13.117195663353712,,0.0056786498281012,-32.76015284377603,-300860000.0,1115849000.0,-1337016000.0,2109439000.0,4093000.0,32215000.0,0.0,1.8636541426040536,0.0,0.0,48.29222222222222,0.0,0.0,0.0153378843109744,0.7930975358839955,2002-05-03,,amc,,2025-04-24,2002-03-31,,36.69949999999999,122100.0
2001-12-31,CPT,USD,906345,2002-03-28,2002-03-28 00:00:00,2001,Q4,80264000.0,0.0,80264000.0,1.0,0,119497000.0,0.0,119497000.0,-175076000.0,-55579000.0,-55579000.0,0.0,17169000.0,25742000.0,0.0,0.0,24685000.0,0.3075475929,-42911000.0,0.0,0.0,17169000.0,7516000.0,0.0936409848,0.18,0.18,40714000,40826000,https://www.sec.gov/Archives/edgar/data/906345/000090634502000002/0000906345-02-000002-index.htm,https://www.sec.gov/Archives/edgar/data/906345/000090634502000002/cpt10k-01.txt,1.971410325686496,0.1846048042442403,1.134769366802574,1.134769366802574,0.1381588642727317,27.615316598712973,27.615316598712973,22.55369160485337,30.0686741661345,1494203800.0,2695625800.0,49.70076503459288,18.616114322734976,32.34137356334279,32.341373563342785,1.6272280672713673,1.6272280672713673,33.58449367088608,0.0,58.34561589575984,58.34561589575984,0.0050301036578812,0.0309201462344025,1.3145066000472638,0.4927396194989927,0.0,0.0370252774352651,1.4377657405789503,6.147019691325173,0.0200133341917615,3.978712080894093,1.4887994617761386,0.0,0.0,0.0,0.0,0.0,0.0,9.67880137378724,,0.0030681746279593,-32.29651962469912,-312389000.0,1124330000.0,-1313324000.0,2001931000.0,49887500.0,28508500.0,0.0,7.160619954151301,0.0,0.0,12.568744127779516,0.0,0.0,0.0081851258533886,0.0,2002-03-28,,amc,,2025-04-24,2001-12-31,,36.0353125,181214.0625
2001-09-30,CPT,USD,906345,2001-11-14,2001-11-14 00:00:00,2001,Q3,94586000.0,0.0,94586000.0,1.0,0,3426000.0,0.0,3426000.0,-62161000.0,-58735000.0,-58735000.0,0.0,17755000.0,26574000.0,0.0,0.0,35851000.0,0.3790307234,-44329000.0,0.0,0.0,17755000.0,18096000.0,0.191317954,0.44,0.42,40669000,42649000,https://www.sec.gov/Archives/edgar/data/906345/000090634501500018/0000906345-01-500018-index.htm,https://www.sec.gov/Archives/edgar/data/906345/000090634501500018/q01-3.txt,2.325751801126165,0.4449580761759571,1.568319850500381,1.148245592466006,0.0790036637242125,28.08323292925816,28.08323292925816,22.986279475767784,29.75098969731245,1513700180.0,2702675180.0,20.912082504420862,16.00342735711416,23.73240381298799,32.41466829414536,1.6192268104648015,1.6192268104648015,28.573733744951685,0.0,42.37363488131448,57.87560880551629,0.0119548112889832,0.0308502308561527,1.2753006164763825,0.4864149648567566,0.0,0.2982463723371411,2.0192058575049283,3.5246463306808136,0.0197383870298542,1.651083112290009,0.0362210052227602,0.0,0.0,0.2678498635978802,0.1806186962129702,0.6428840219763678,0.0,15.169984858745302,,0.0073832023171243,-30.38179571663921,-227298000.0,1142117000.0,-1212250000.0,2084267000.0,87256000.0,44125500.0,0.0,88.86103651703212,0.0,0.0,1.0128173553630513,0.0,0.0,0.0193575509531689,0.4200742580343751,2001-11-14,,amc,,2025-04-24,2001-09-30,,37.32576271186441,129783.05084745762
2001-06-30,CPT,USD,906345,2001-08-08,2001-08-08 00:00:00,2001,Q2,87442000.0,0.0,87442000.0,1.0,0,3109000.0,0.0,3109000.0,-55641000.0,-52532000.0,-52532000.0,0.0,17774000.0,24848000.0,0.0,0.0,34910000.0,0.399236065,-42622000.0,0.0,0.0,17774000.0,16934000.0,0.1936597974,0.43,0.38,39797000,44525000,https://www.sec.gov/Archives/edgar/data/906345/000090634501500013/0000906345-01-500013-index.htm,https://www.sec.gov/Archives/edgar/data/906345/000090634501500013/q01-2a.txt,2.1972007940297007,0.4255094605120989,1.3233660828705682,0.2988164937055557,0.0647284971228987,28.79676860064829,28.79676860064829,23.578686835691133,30.48568987612132,1460549900.0,2653438900.0,21.562387799692925,16.703070606802225,27.732311168495805,122.817852337706,1.556490412538458,1.556490412538458,30.345130486493904,0.0,50.3823890175825,223.1280608812647,0.0115942632292125,0.0081421387930669,1.2739926318335908,0.4886267816189204,0.0,0.2676654940837863,1.964104872285361,3.0734126984126986,0.021156415128302,1.8247313097909528,0.0355549964547928,0.0,0.0,0.7741996734135875,0.4662976601633082,1.6409368963296844,0.0,15.024695407507268,,0.0069214957526442,-31.08620624670201,-229001000.0,1146025000.0,-1216857000.0,2094620000.0,81537500.0,43316500.0,0.0,83.49614601678827,0.0,0.0,1.077894062103226,0.0,0.0,0.0180463595567164,1.0245495891650125,2001-08-08,,amc,,2025-04-24,2001-06-30,,34.172698412698416,123687.30158730158
2001-03-31,CPT,USD,906345,2001-05-15,2001-05-15 00:00:00,2001,Q1,89927000.0,0.0,89927000.0,1.0,0,3283000.0,0.0,3283000.0,-57523000.0,-54240000.0,-54240000.0,0.0,17143000.0,24496000.0,0.0,0.0,35687000.0,0.3968441069,-41639000.0,0.0,0.0,17143000.0,16201000.0,0.1801572386,0.49,0.47,37975000,39570000,https://www.sec.gov/Archives/edgar/data/906345/000090634501500007/0000906345-01-500007-index.htm,https://www.sec.gov/Archives/edgar/data/906345/000090634501500007/q01-1qt.txt,2.36805793285056,0.4266227781435154,0.93651086240948,0.44,0.10862409479921,31.07502304147465,31.07502304147465,25.550967741935484,30.80584595128374,1262668750.0,2411252750.0,19.484426115671877,14.041041622649482,35.504126363738614,75.56818181818181,1.3013205736794264,1.3013205736794264,26.813445906123857,0.0,67.80038100326172,144.3086211023999,0.0128307602449177,0.0132330827067669,1.1879948222092591,0.4746828849062563,0.0,0.2818500327439424,2.0817243189640084,1.9178170836928388,0.0226060873051621,1.7618665514474414,0.0365073893268984,0.0,0.0,0.5301709593971432,0.2096700657199728,0.769717504898759,0.0,15.660908624731738,,0.0066715341151723,-31.14454246214615,-219323000.0,1180074000.0,-1162226000.0,2089879000.0,43494000.0,27827000.0,0.0,82.01852613786738,0.0,0.0,1.0973130613041782,0.0,0.0,0.0166969322826595,0.4965108624094799,2001-05-15,,amc,,2025-04-24,2001-03-31,,32.476290322580645,99658.06451612904
2000-12-31,CPT,USD,906345,2001-03-29,2001-03-29 00:00:00,2000,Q4,83081000.0,0.0,83081000.0,1.0,0,117385000.0,0.0,117385000.0,-167337000.0,-49952000.0,-49952000.0,0.0,17207000.0,23423000.0,0.0,0.0,33129000.0,0.3987554314,-40630000.0,0.0,0.0,17207000.0,13580000.0,0.1634549416,0.42,0.42,37975000,37975000,https://www.sec.gov/Archives/edgar/data/906345/000090634501000003/0000906345-01-000003-index.htm,https://www.sec.gov/Archives/edgar/data/906345/000090634501000003/0000906345-01-000003-0001.txt,2.187781435154707,0.3576036866359447,1.1513100724160632,0.6997235023041475,0.1299802501645819,31.193153390388417,31.193153390388417,25.653271889400923,30.4232784726794,1272162500.0,2405343500.0,23.41978092783505,15.31231569191512,29.09728734475424,47.87605374077977,1.305876308660693,1.305876308660693,28.951788014106715,0.0,55.01574758125386,90.52173340358272,0.0106747369145058,0.0208872687254969,1.1682784446043506,0.4681911619696727,0.0,0.2617340492735313,1.9253210902539664,2.745949001381736,0.0225057726508995,2.108321060382916,1.4128982559189225,0.0,0.0,0.3922371400471169,0.2064130186203825,0.732143619519276,0.0,14.366918721259976,,0.0055864519900398,-32.5900724160632,-233735000.0,1184560000.0,-1163456000.0,2063271000.0,34981000.0,13840500.0,0.0,5.455398948014588,0.0,0.0,16.497418586179506,0.0,0.0,0.0139398860378388,0.4515865701119157,2001-03-29,,amc,,2025-04-24,2000-12-31,,30.354761904761904,80130.15873015873
2000-09-30,CPT,USD,906345,2000-11-13,2000-11-13 00:00:00,2000,Q3,101195000.0,0.0,101195000.0,1.0,0,2926000.0,0.0,2926000.0,-55935000.0,-53009000.0,-53009000.0,0.0,17640000.0,23700000.0,0.0,0.0,48186000.0,0.4761697712,-89526000.0,0.0,0.0,17640000.0,28203000.0,0.2786995405,0.8,0.68,38050000,44746000,https://www.sec.gov/Archives/edgar/data/906345/000090634500000010/0000906345-00-000010-index.htm,https://www.sec.gov/Archives/edgar/data/906345/000090634500000010/0000906345-00-000010-0001.txt,2.659526938239159,0.7412089356110381,1.2495663600525624,0.4624178712220762,0.3520630749014454,31.36262812089356,31.36262812089356,25.80097240473062,30.2361629434954,1179550000.0,2299000000.0,10.455891217246393,11.656208310687289,24.80860640222101,67.03893151463484,1.201505102742412,1.201505102742412,22.718513760561297,0.0,48.35317376856097,130.66211992043193,0.0239099656648721,0.0149167055232927,1.1539317957028787,0.4653459123888799,0.0,0.2448327602375742,2.7316326530612245,1.5565376808747462,0.0242584036285023,1.0145729177747047,0.0289144720588961,0.0,0.0,0.6299373238547933,0.2959731212016404,1.2637552742616034,0.0,20.74338458669181,,0.0115851146290877,-30.984980289093297,-241578000.0,1193348000.0,-1162747000.0,2080871000.0,53734000.0,17281500.0,0.0,57.74336676713276,0.0,0.0,1.5586205834334472,0.0,0.0,0.0287279457527398,0.7871484888304862,2000-11-13,,amc,,2025-04-24,2000-09-30,,30.435079365079368,97560.31746031746
2000-06-30,CPT,USD,906345,2000-08-04,2000-08-04 00:00:00,2000,Q2,83722000.0,0.0,83722000.0,1.0,0,3626000.0,0.0,3626000.0,-56806000.0,-53180000.0,-53180000.0,0.0,17605000.0,25244000.0,0.0,0.0,30542000.0,0.3648025609,-42849000.0,0.0,0.0,17605000.0,10594000.0,0.1265378276,0.34,0.31,37927000,41146000,https://www.sec.gov/Archives/edgar/data/906345/000090634500000008/0000906345-00-000008-index.htm,https://www.sec.gov/Archives/edgar/data/906345/000090634500000008/0000906345-00-000008-0001.txt,2.2074511561684287,0.2793260737733013,1.1618108471537427,0.2376143644369446,0.0794157196720014,31.257547393677328,31.257547393677328,25.67350436364595,32.56078782925093,1114295260.0,2328611260.0,26.2954327921465,13.30946776235637,25.28810956790123,123.6457234798047,1.1443704600608595,1.1443704600608595,27.813612431618928,0.0,52.84611610384895,258.3900643586329,0.0095073544510994,0.0080876230237217,1.2501840880171795,0.485475356500925,0.0,0.1439304897314376,1.7348480545299632,3.4060446780551907,0.0255802936826636,2.690579573343402,0.0433100021499725,0.0,0.0,0.795479302832244,0.4186713169776164,1.3885279670416733,0.0,12.702510831041485,,0.004224930279079,-33.93554723547868,-270946000.0,1185505000.0,-1276438000.0,2158423000.0,43921000.0,35989000.0,0.0,45.73206564582786,0.0,0.0,1.9679845799445257,0.0,0.0,0.0108799355871663,0.924196482716798,2000-08-04,,amc,,2025-04-24,2000-06-30,,28.87126984126984,104306.3492063492
2000-03-31,CPT,USD,906345,2000-05-15,2000-05-15 00:00:00,2000,Q1,84063000.0,0.0,84063000.0,1.0,0,3139000.0,0.0,3139000.0,-55599000.0,-52460000.0,-52460000.0,0.0,16584000.0,24599000.0,0.0,0.0,31603000.0,0.3759442323,-41183000.0,0.0,0.0,16584000.0,12676000.0,0.1507916682,0.39,0.36,38492000,41575000,https://www.sec.gov/Archives/edgar/data/906345/000090634500000006/0000906345-00-000006-index.html,https://www.sec.gov/Archives/edgar/data/906345/000090634500000006/,2.183908344591084,0.3293151823755585,0.740153798191832,-0.2596383664138003,0.147667047698223,31.061519276732827,31.061519276732827,25.53190273303544,31.702873324327133,1041593520.0,2239632520.0,20.542630167245186,12.39062988472931,36.55996911196911,-104.22188513107864,1.059850504795609,1.059850504795609,26.64231017213281,0.0,78.61118006318006,-224.09771062637583,0.0121698145741152,-0.0095949137625203,1.2248217799819694,0.4819790835405105,0.0,0.1639356913183279,1.905631934394597,1.896930554630801,0.0260187870600423,2.137977279899022,0.0373410418376693,0.0,0.0,1.3507897507897508,0.457799507512223,1.5644538395869751,0.0,13.75430740207602,,0.0050755587979622,-32.79070975787177,-260016000.0,1195620000.0,-1250855000.0,2159147000.0,41885000.0,35913500.0,0.0,48.49933978087862,0.0,0.0,1.8556953642384104,0.0,0.0,0.012898184119645,0.9997921646056324,2000-05-15,,amc,,2025-04-24,2000-03-31,,26.651587301587305,95707.93650793652
1999-12-31,CPT,USD,906345,2000-03-29,2000-03-29 00:00:00,1999,Q4,80536000.0,0.0,80536000.0,1.0,0,111278000.0,0.0,111278000.0,-161635000.0,-50357000.0,-50357000.0,0.0,15656000.0,24016000.0,0.0,0.0,30179000.0,0.3747268302,-39672000.0,0.0,0.0,15656000.0,12152000.0,0.1508890434,0.38,0.38,38492000,38492000,https://www.sec.gov/Archives/edgar/data/906345/000090634500000004/0000906345-00-000004-index.html,https://www.sec.gov/Archives/edgar/data/906345/000090634500000004/,2.0922789150992416,0.3157019640444767,1.1124649277772003,-0.0917333471890262,0.143328483840798,31.52673282760054,31.52673282760054,26.412631196092693,30.67510131975476,1068153000.0,2227726000.0,21.97483953258723,13.263050064567398,24.944606618248056,-302.5072217502124,1.0506336833304646,1.0506336833304646,27.661244660772823,0.0,52.024147030662526,-630.9051260266214,0.0113766473529541,-0.0033057062050099,1.145980770649421,0.4682965611600317,0.0,0.1452675033025099,1.9276315789473684,2.9484954899125526,0.0267311892584676,2.349654377880184,1.3817174927982516,0.0,0.0,1.082459540879475,0.5755438561637032,1.9300466355762824,0.0,13.697324181906838,,0.0048843778688485,-32.21540839654993,-258813000.0,1213527000.0,-1230418000.0,2143807000.0,33785000.0,33261500.0,0.0,42.99071222807192,0.0,0.0,2.093475435404211,0.0,0.0,0.0119526889123859,1.2041982749662268,2000-03-29,,amc,,2025-04-24,1999-12-31,,26.5665625,118754.6875
1999-09-30,CPT,USD,906345,1999-11-15,1999-11-15 00:00:00,1999,Q3,81800000.0,0.0,81800000.0,1.0,0,2500000.0,0.0,2500000.0,-53700000.0,-51200000.0,-51200000.0,0.0,14700000.0,22700000.0,0.0,0.0,30600000.0,0.3740831296,-37400000.0,0.0,0.0,14700000.0,13600000.0,0.1662591687,0.39,0.37,41212121,42500000,https://www.sec.gov/Archives/edgar/data/906345/000090634599000016/0000906345-99-000016-index.html,https://www.sec.gov/Archives/edgar/data/906345/000090634599000016/,1.9848529513926256,0.3300000016985294,1.4340441250281684,-0.1504411772449178,0.3348529428999783,30.862279570614675,30.862279570614675,26.05058836937803,26.780956020196097,1107781812.48,2182981812.48,20.36363625882353,13.542564944743276,18.744193104568527,-178.67448588387097,1.0318384989567808,1.0318384989567808,26.686819223471883,0.0,36.93708650558376,-352.09384072258064,0.012276785777475,-0.00559676998679,1.014344262295082,0.4411228581844695,0.0,0.1401045068582625,2.0816326530612246,3.716981132075471,0.0247341125222659,2.014705882352941,0.030562347188264,0.0,0.0,1.104906937394247,0.7982885085574573,2.8766519823788546,0.0,13.907753939375148,,0.0055089723336168,-28.17556999796249,-263300000.0,1271900000.0,-1153900000.0,2139600000.0,15450000.0,46100000.0,0.0,32.01711491442543,0.0,0.0,2.810996563573883,0.0,0.0,0.0126676602086438,1.584485302273086,1999-11-15,,amc,,2025-04-24,1999-09-30,,27.41609375,69059.375
1999-06-30,CPT,USD,906345,1999-08-13,1999-08-13 00:00:00,1999,Q2,77400000.0,0.0,77400000.0,1.0,0,2400000.0,0.0,2400000.0,-50600000.0,-48200000.0,-48200000.0,0.0,14000000.0,21400000.0,0.0,0.0,29200000.0,0.3772609819,-35400000.0,0.0,0.0,14000000.0,12900000.0,0.1666666667,0.37,0.35,41612903,43000000,https://www.sec.gov/Archives/edgar/data/906345/000090634599000014/0000906345-99-000014-index.html,https://www.sec.gov/Archives/edgar/data/906345/000090634599000014/,1.8600000100930232,0.3100000016821705,0.9732558192347216,-0.240310078823388,0.2331007764586863,30.29589163726453,30.29589163726453,26.28511642170218,25.9246513034671,1154758058.25,2209858058.25,22.379032136627902,14.919354757751938,28.512544648148147,-115.475805825,1.0557305341470105,1.0557305341470105,28.55113770348837,0.0,54.5643965,-220.985805825,0.0111711712317899,-0.0086598226603022,0.97348692631194,0.4395640686922061,0.0,0.0435936315390447,2.085714285714286,2.664473684210526,0.0226887353699919,2.031007751937985,0.0310077519379844,0.0,0.0,1.2469135802469136,0.6524547803617571,2.3598130841121496,0.0,13.540261741791914,,0.0053252972258916,-27.651279219813144,-252300000.0,1260700000.0,-1150200000.0,2120400000.0,1800000.0,33350000.0,0.0,2.0930232558139537,0.0,0.0,43.0,0.0,0.0,0.0117937465715852,1.2135658980581094,1999-08-13,,amc,,2025-04-24,1999-06-30,,26.91746031746032,102500.0
1999-03-31,CPT,USD,906345,1999-05-13,1999-05-13 00:00:00,1999,Q1,76000000.0,0.0,76000000.0,1.0,0,2400000.0,0.0,2400000.0,-48900000.0,-46500000.0,-46500000.0,0.0,13500000.0,21400000.0,0.0,0.0,29500000.0,0.3881578947,-34874000.0,0.0,0.0,13500000.0,13700000.0,0.1802631579,0.37,0.36,42812500,44193548,https://www.sec.gov/Archives/edgar/data/906345/000090634599000013/0000906345-99-000013-index.html,https://www.sec.gov/Archives/edgar/data/906345/,1.775182481751825,0.32,0.5045255474452555,-0.6913868613138686,0.1121167883211678,29.767007299270077,29.767007299270077,25.845255474452557,24.07007299270073,1059609375.0,2071809375.0,19.3359375,13.942228618421051,49.055989583333336,-35.797614020270274,0.957622571170357,0.957622571170357,27.260649671052636,0.0,95.91710069444444,-69.99355996621621,0.0129292929292929,-0.0279348226793482,0.9191143244464528,0.4277062831188493,0.0,0.025943396226415,2.185185185185185,1.35,0.0246317186463171,1.905109489051095,0.031578947368421,0.0,0.0,2.3703703703703702,0.6736842105263158,2.392523364485981,0.0,13.641328359659788,,0.0057616283959962,-25.62919708029197,-247800000.0,1274400000.0,-1096800000.0,2101600000.0,2215500.0,22440000.0,0.0,2.131578947368421,0.0,0.0,42.22222222222222,0.0,0.0,0.0123813827383642,1.1959124087591242,1999-05-13,,amc,,2025-04-24,1999-03-31,,25.272950819672133,127218.03278688523
1998-12-31,CPT,USD,906345,1999-03-30,1999-03-30 00:00:00,1998,Q4,72060000.0,0.0,72060000.0,1.0,0,99135000.0,0.0,99135000.0,-140295000.0,-41160000.0,-41160000.0,0.0,13767000.0,20713000.0,0.0,0.0,30900000.0,0.4288093256,-34480000.0,0.0,0.0,13767000.0,14762000.0,0.2048570636,0.4,0.4,42812500,42812500,https://www.sec.gov/Archives/edgar/data/906345/000090634599000011/0000906345-99-000011-index.html,https://www.sec.gov/Archives/edgar/data/906345/,1.683153284671533,0.3448058394160584,0.9627795620437956,-0.5290043795620438,0.1319007299270073,29.01421313868613,29.01421313868613,27.3375299270073,23.73921167883212,1113125000.0,2110046000.0,18.85118886329765,15.447196780460729,27.00514325917659,-49.14893147297774,0.9510734901588191,0.9510734901588191,29.28179295031918,0.0,51.19110119119824,-93.16699046273402,0.0132617630544637,-0.0203463222908478,0.8566116535712943,0.4269913483152767,0.0,0.048268221574344,2.2444977119198084,2.405825016050896,0.023371139809096,1.7622950819672132,1.375728559533722,0.0,0.0,1.549455348261724,0.8863030807660283,3.083425867812485,0.0,14.563246511886552,,0.0062871010084404,-25.651170802919708,-163222000.0,1242171000.0,-1097533000.0,2124676000.0,2215500.0,29140000.0,0.0,3.28601165695254,0.0,0.0,27.38882554161916,0.0,0.0,0.0126129112738681,1.4917839416058394,1999-03-30,,amc,,2025-04-24,1998-12-31,,26.44546875,119434.375
1998-09-30,CPT,USD,906345,1998-11-12,1998-11-12 00:00:00,1998,Q3,73100000.0,0.0,73100000.0,1.0,0,2200000.0,0.0,2200000.0,-44900000.0,-42700000.0,-42700000.0,0.0,13400000.0,20400000.0,0.0,0.0,30400000.0,0.4158686731,-33800000.0,0.0,0.0,13400000.0,14700000.0,0.2010943912,0.38,0.36,44545455,47419355,https://www.sec.gov/Archives/edgar/data/906345/000090634598000013/0000906345-98-000013-index.html,https://www.sec.gov/Archives/edgar/data/906345/,1.6410203914181594,0.3299999966326531,1.1336734578196586,-1.9238775313890049,0.805918359123282,28.472040525795503,28.472040525795503,26.837754828186178,21.99775487757393,1244600012.7,2175200012.7,21.16666688265306,17.025991965800273,24.645544805940595,-14.522753940490082,1.041070692346299,1.041070692346299,29.756498121751022,0.0,43.073267578217816,-25.381563742123685,0.0118110235015265,-0.0688574635429135,0.8084483479715601,0.4161822331309477,0.0,0.2351840299438552,2.2686567164179103,2.9705882352941178,0.0209705927476084,1.7755102040816326,0.0300957592339261,0.0,0.0,2.697029702970297,1.863201094391245,6.676470588235294,0.0,14.116314234456231,,0.0063299315333936,-22.82499976709184,-122600000.0,1268300000.0,-1016300000.0,2143300000.0,2550000.0,34900000.0,0.0,2.216142270861833,0.0,0.0,40.61111111111112,0.0,0.0,0.0122961104140526,3.0575509892086634,1998-11-12,,amc,,2025-04-24,1998-09-30,,28.215625,103892.1875
1998-06-30,CPT,USD,906345,1998-08-13,1998-08-13 00:00:00,1998,Q2,76100000.0,0.0,76100000.0,1.0,0,2300000.0,0.0,2300000.0,-48600000.0,-46300000.0,-46300000.0,0.0,15500000.0,22500000.0,0.0,0.0,29800000.0,0.3915900131,-38000000.0,0.0,0.0,15500000.0,14300000.0,0.1879106439,0.33,0.31,43636364,45714286,https://www.sec.gov/Archives/edgar/data/906345/000095012998003408/0000950129-98-003408-index.html,https://www.sec.gov/Archives/edgar/data/906345/,1.7439583188003474,0.3277083306024306,0.8479166596006945,-1.1045833241284724,2.8439583096336807,29.305833089118057,29.305833089118057,27.598541436678826,21.66541648612153,1298181829.0,2103981829.0,22.69548652097902,17.05889394218134,35.08599537837838,-26.93323296680498,1.077955516897783,1.077955516897783,27.647593022339027,0.0,56.86437375675676,-43.65107529045643,0.0110154060706699,-0.0371288512312091,0.7721497965623184,0.4071187776367059,0.0,0.8504672897196262,1.9225806451612903,2.605633802816901,0.0155602239599673,1.4125874125874125,0.0302233902759526,0.0,0.0,2.3027027027027027,1.1195795006570302,3.786666666666666,0.0,14.265206576797636,,0.006260671599317,-20.1374477488546,-22400000.0,1278800000.0,-877900000.0,2113000000.0,3050000.0,29300000.0,0.0,3.90275952693824,0.0,0.0,23.060606060606062,0.0,0.0,0.0118741177447479,1.9524999837291668,1998-08-13,,amc,,2025-04-24,1998-06-30,,29.88206349206349,124888.88888888888
1998-03-31,CPT,USD,906345,1998-05-14,1998-05-14 00:00:00,1998,Q1,50800000.0,0.0,50800000.0,1.0,0,1500000.0,0.0,1500000.0,-34000000.0,-34000000.0,-34000000.0,0.0,7800000.0,14500000.0,0.0,0.0,16800000.0,0.3307086614,-22300000.0,0.0,0.0,7800000.0,9000000.0,0.1771653543,0.28,0.27,32142857,33333333,https://www.sec.gov/Archives/edgar/data/906345/000095012998002094/0000950129-98-002094-index.html,https://www.sec.gov/Archives/edgar/data/906345/,1.580444451468642,0.2800000012444444,0.3017777791190124,-1.2631111167249385,0.1306666672474074,23.87155566165136,23.87155566165136,22.08888898706173,17.092444520410865,952392852.91,1489792852.9099998,26.455357025277777,18.74789080531496,98.1848301969072,-23.457952042118222,1.3413983843802817,1.3413983843802817,29.32663096279527,0.0,153.5868920525773,-36.69440524408866,0.009449881918476,-0.0426294673211251,0.7628169014084507,0.3992039507628805,0.0,0.0666032350142721,2.1538461538461537,1.0777777777777775,0.0176397795811552,1.8666666666666667,0.0295275590551181,0.0,0.0,5.185567010309279,0.9901574803149606,3.46896551724138,0.0,11.79660973487628,,0.0066337436426623,-18.14088896951506,-98100000.0,767300000.0,-582400000.0,1242000000.0,2773000.0,18299000.0,0.0,4.960629921259842,0.0,0.0,18.142857142857142,0.0,0.0,0.0126760563380281,1.5648888958439506,1998-05-14,,amc,,2025-04-24,1998-03-31,,29.651967213114755,89932.7868852459
1997-12-31,CPT,USD,906345,1998-02-06,1998-02-06 00:00:00,1997,Q4,60481000.0,0.0,60481000.0,1.0,0,71968000.0,0.0,71968000.0,-104974000.0,-33006000.0,-33006000.0,0.0,7837000.0,13436000.0,0.0,0.0,27475000.0,0.4542748962,-48748000.0,0.0,0.0,7837000.0,19638000.0,0.3246970123,0.61,0.61,30817474,32142857,https://www.sec.gov/Archives/edgar/data/906345/000095012998000482/0000950129-98-000482-index.html,https://www.sec.gov/Archives/edgar/data/906345/,1.962555399576228,0.6372358746859006,0.9207114119736096,-1.370391356540124,0.2098809266457075,25.11201923947433,25.11201923947433,23.05717853448988,15.854349386325431,955341694.0,1429627694.0,12.16190159384866,15.795732444900052,33.66961633890181,-22.621275194165563,1.3444836693105755,1.3444836693105755,23.6376332071229,0.0,50.38513054204554,-33.8517639230915,0.0205559959576096,-0.0442061727916169,0.6765808568967749,0.3632114957465133,0.0,0.072953285827395,3.505805793033048,1.4448518179040637,0.0174953109499688,0.8511050005092168,1.189927415221309,0.0,0.0,2.488404877704941,1.1674079462971845,5.254986603155701,0.0,18.182117037142,,0.0148365845182151,-17.56157886269329,-117086000.0,773889000.0,-540517000.0,1170298000.0,3023000.0,10949000.0,0.0,4.086241960285048,0.0,0.0,22.025127458120902,0.0,0.0,0.0276372008714204,2.291102768513733,1998-02-06,,amc,,2025-04-24,1997-12-31,,31.113125,112582.8125
1997-09-30,CPT,USD,906345,1997-11-12,1997-11-12 00:00:00,1997,Q3,49400000.0,0.0,49400000.0,1.0,0,1000000.0,0.0,1000000.0,-34600000.0,-33600000.0,-33600000.0,0.0,7500000.0,12800000.0,0.0,0.0,15800000.0,0.3198380567,-20300000.0,0.0,0.0,7500000.0,8300000.0,0.1680161943,0.27,0.27,30740741,30740741,https://www.sec.gov/Archives/edgar/data/906345/000095012997004636/0000950129-97-004636-index.html,https://www.sec.gov/Archives/edgar/data/906345/,1.6069879382543186,0.2699999977228915,0.6245783079854842,-0.0650602404151546,0.1268674688095514,25.015662439626944,25.015662439626944,22.933734746342,14.781686622323123,941588896.83,1384588896.83,28.361111350301204,19.060503984412957,49.04108837656249,-470.794448415,1.3355870877021276,1.3355870877021276,28.02811532044534,0.0,72.11400504322916,-692.2944484149999,0.0088148872909856,-0.0021240692267435,0.6339007092198582,0.3508675512287038,0.0,0.0591133004926108,2.1066666666666665,2.3132530120481927,0.0152932984325534,1.7349397590361446,0.020242914979757,0.0,0.0,1.1041666666666667,0.4291497975708502,1.65625,0.0,11.803492593678328,,0.0065164481432048,-16.210572152440957,-114600000.0,769000000.0,-497500000.0,1140400000.0,3350000.0,19100000.0,0.0,6.012145748987854,0.0,0.0,14.969696969696969,0.0,0.0,0.01177304964539,0.6896385484006388,1997-11-12,,amc,,2025-04-24,1997-09-30,,30.44515625,110798.4375
1997-06-30,CPT,USD,906345,1997-08-14,1997-08-14 00:00:00,1997,Q2,45000000.0,0.0,45000000.0,1.0,0,1200000.0,0.0,1200000.0,-30700000.0,-29500000.0,-29500000.0,0.0,9100000.0,12100000.0,0.0,0.0,15500000.0,0.3444444444,-21200000.0,0.0,0.0,9100000.0,6400000.0,0.1422222222,0.24,0.24,26666667,26666667,https://www.sec.gov/Archives/edgar/data/906345/000095012997003350/0000950129-97-003350-index.html,https://www.sec.gov/Archives/edgar/data/906345/,1.6874999789062504,0.239999997,0.5549999930625001,-0.476249994046875,0.191249997609375,23.741249703234377,23.741249703234377,21.318749733515627,21.903749726203127,843466677.2099999,1413366677.21,32.94791707851562,18.743703938,56.99099170337837,-66.41469899291337,1.4836704964116094,1.4836704964116094,31.408148382444445,0.0,95.49774846013514,-111.28871474094488,0.0075877330698703,-0.015056907810524,1.011433597185576,0.4542940665244528,0.0,0.069558101472995,1.7032967032967032,2.3125,0.0196806826499762,2.59375,0.0266666666666666,0.0,0.0,1.858108108108108,0.6111111111111112,2.272727272727273,0.0,10.729456981691516,,0.0050564904795765,-23.435624707054693,-113700000.0,633100000.0,-624100000.0,1132100000.0,3550000.0,18650000.0,0.0,6.8,0.0,0.0,13.235294117647058,0.0,0.0,0.0112576956904133,1.0312499871093752,1997-08-14,,amc,,2025-04-24,1997-06-30,,28.5915625,74682.8125
1997-03-31,CPT,USD,906345,1997-05-15,1997-05-15 00:00:00,1997,Q1,25300000.0,0.0,25300000.0,1.0,0,0.0,0.0,0.0,-17000000.0,-17000000.0,-17000000.0,0.0,4200000.0,6500000.0,0.0,0.0,8300000.0,0.3280632411,-10700000.0,0.0,0.0,4200000.0,4100000.0,0.162055336,0.25,0.24,16400000,17083333,https://www.sec.gov/Archives/edgar/data/906345/000090634597000068/0000906345-97-000068-index.html,https://www.sec.gov/Archives/edgar/data/906345/,1.5426829268292683,0.25,0.2195121951219512,-0.6280487804878049,0.2439024390243902,18.146341463414632,18.146341463414632,18.146341463414632,17.73780487804878,446900000.0,729600000.0,27.25,17.66403162055336,124.13888888888889,-43.38834951456311,1.5016801075268815,1.5016801075268815,28.83794466403162,0.0,202.66666666666663,-70.83495145631068,0.0091743119266055,-0.0230476616692772,0.9633736559139784,0.4684640522875817,0.0,0.2779783393501805,1.9761904761904765,0.8780487804878049,0.0174535690311031,1.902439024390244,0.0,0.0,0.0,3.861111111111111,0.549407114624506,2.1384615384615384,0.0,10.10312677994824,,0.0066993464052287,-18.757621951219512,-20000000.0,297600000.0,-306700000.0,578200000.0,3699000.0,7406000.0,0.0,13.16205533596838,0.0,0.0,6.837837837837838,0.0,0.0,0.0137768817204301,0.8475609756097561,1997-05-15,,amc,,2025-04-24,1997-03-31,,27.7927868852459,64427.86885245902
1996-12-31,CPT,USD,906345,1997-03-28,1997-03-28 00:00:00,1996,Q4,30285000.0,0.0,30285000.0,1.0,0,39835000.0,0.0,39835000.0,-61671000.0,-21836000.0,-21836000.0,0.0,4336000.0,6494000.0,0.0,0.0,8449000.0,0.2789829949,-10830000.0,0.0,0.0,4336000.0,4113000.0,0.1358098068,0.25,0.25,16400000,16400000,https://www.sec.gov/Archives/edgar/data/906345/000090634597000050/0000906345-97-000050-index.html,https://www.sec.gov/Archives/edgar/data/906345/,1.8466463414634149,0.2507926829268292,1.0772560975609755,1.0772560975609755,0.1442682926829268,18.013902439024392,18.013902439024392,18.013902439024392,15.153536585365854,469532000.0,711348000.0,28.539508874301,15.50378074954598,26.576781570159056,26.576781570159053,1.5893280257795468,1.5893280257795468,23.48845963348192,0.0,40.26422142978434,40.26422142978434,0.0087597863404411,0.0376268284163805,0.8265364149640522,0.4046030720286325,0.0,0.1675138121546961,1.948570110701107,4.295404814004376,0.0148168814905054,1.691466083150985,1.315337625887403,0.0,0.0,0.0,0.0,0.0,0.0,10.082136963955822,,0.0068151314808371,-18.472103658536582,-30136000.0,295428000.0,-302018000.0,560040000.0,3899000.0,9856000.0,0.0,10.98959881129272,0.0,0.0,8.189561925365062,0.0,0.0,0.0139221739307039,0.0,1997-03-28,,amc,,2025-04-24,1996-12-31,,27.394375,64860.9375
1996-09-30,CPT,USD,906345,1996-11-13,1996-11-13 00:00:00,1996,Q3,23800000.0,0.0,23800000.0,1.0,0,1200000.0,0.0,1200000.0,-17500000.0,-16300000.0,-16300000.0,0.0,4700000.0,6200000.0,0.0,0.0,7500000.0,0.3151260504,-10900000.0,0.0,0.0,4700000.0,2800000.0,0.1176470588,0.19,0.19,14736842,14736842,https://www.sec.gov/Archives/edgar/data/906345/000090634596000036/0000906345-96-000036-index.html,https://www.sec.gov/Archives/edgar/data/906345/,1.6150000115357144,0.1900000013571428,0.5903571470739796,0.5903571470739796,0.1289285723494898,17.54785726819898,17.54785726819898,17.54785726819898,21.66000015471429,377705260.46,690305260.46,33.723683969642856,15.869968926890756,43.41439775402299,43.414397754022986,1.4605771866202628,1.4605771866202628,29.004422708403364,0.0,79.34543223678162,79.34543223678162,0.0074131877236497,0.0230338332841974,1.2161639597834493,0.5229464582640505,0.0,0.2112676056338028,1.5957446808510638,3.107142857142857,0.0185329693091243,2.5,0.0504201680672268,0.0,0.0,0.0,0.0,0.0,0.0,8.6612406938837,,0.0046558031260392,-22.923839449456,-22400000.0,258600000.0,-336800000.0,565800000.0,4200000.0,13100000.0,0.0,15.504201680672267,0.0,0.0,5.804878048780488,0.0,0.0,0.0108275328692962,0.0,1996-11-13,,amc,,2025-04-24,1996-09-30,,24.8365625,38951.5625
1996-06-30,CPT,USD,906345,1996-08-13,1996-08-13 00:00:00,1996,Q2,23000000.0,0.0,23000000.0,1.0,0,1100000.0,0.0,1100000.0,-16400000.0,-15300000.0,-15300000.0,0.0,4200000.0,5700000.0,0.0,0.0,7700000.0,0.3347826087,-9900000.0,0.0,0.0,4200000.0,3500000.0,0.152173913,0.24,0.24,14583333,14583333,https://www.sec.gov/Archives/edgar/data/906345/000089056696001085/0000890566-96-001085-index.html,https://www.sec.gov/Archives/edgar/data/906345/,1.5771428931918376,0.2400000054857144,0.8640000197485719,0.8640000197485719,0.0411428580832653,17.89028612320654,17.89028612320654,17.89028612320654,21.017143337534705,348249992.04,649949992.04,24.87499943142857,15.14130400173913,27.638888257142856,27.63888825714285,1.334802575852817,1.334802575852817,28.25869530608696,0.0,51.583332701587295,51.583332701587295,0.0100502514860014,0.0361809053496051,1.1586814871598314,0.5104694360013509,0.0,0.1695501730103806,1.8333333333333333,3.6,0.0198133529295457,1.9714285714285715,0.0478260869565217,0.0,0.0,0.0,0.0,0.0,0.0,9.828913839966644,,0.0059101654846335,-22.45542908469552,-24000000.0,260900000.0,-326400000.0,556600000.0,3950000.0,13750000.0,0.0,16.82608695652174,0.0,0.0,5.348837209302325,0.0,0.0,0.0134151015714833,0.0,1996-08-13,,amc,,2025-04-24,1996-06-30,,23.393174603174604,27036.507936507936
1996-03-31,CPT,USD,906345,1996-05-15,1996-05-15 00:00:00,1996,Q1,22700000.0,0.0,22700000.0,1.0,0,1100000.0,0.0,1100000.0,-21400000.0,-20300000.0,-20300000.0,0.0,4100000.0,5500000.0,0.0,0.0,2400000.0,0.1057268722,-9600000.0,0.0,0.0,4100000.0,-1700000.0,-0.0748898678,-0.12,-0.12,14166667,14166667,https://www.sec.gov/Archives/edgar/data/906345/000090634596000009/0000906345-96-000009-index.html,https://www.sec.gov/Archives/edgar/data/906345/,1.6023529034740494,-0.1199999971764706,0.1623529373564014,-0.9176470372318344,0.0282352934532872,18.458823095086515,18.458823095086515,18.458823095086515,20.50588187044984,329375007.75,615375007.75,-48.43750113970588,14.50991223568282,143.20652510869567,-25.336539057692303,1.259560259082218,1.259560259082218,27.109031178414096,0.0,267.55435119565215,-47.33653905769231,-0.0051612902011385,-0.0394686897734122,1.0952198852772466,0.5002620087336245,0.0,0.2962962962962963,0.5853658536585366,-1.3529411764705883,0.0200379501926554,-3.882352941176471,0.0484581497797356,0.0,0.0,6.652173913043479,0.6740088105726872,2.7818181818181817,0.0,,,-0.0029694323144104,-21.734117135667837,-9500000.0,261500000.0,-307000000.0,552300000.0,3550000.0,10900000.0,0.0,14.273127753303966,0.0,0.0,6.305555555555555,0.0,0.0,-0.0065009560229445,1.0799999745882358,1996-05-15,,amc,,2025-04-24,1996-03-31,,23.837936507936508,27403.174603174604
1995-12-31,CPT,USD,906345,1995-12-31,1995-12-30 19:00:00,1995,Q4,22200000.0,0.0,22200000.0,1.0,0,1200000.0,0.0,1200000.0,-16200000.0,-15000000.0,-15000000.0,0.0,4000000.0,5400000.0,0.0,0.0,7200000.0,0.3243243243,-9400000.0,0.0,0.0,4000000.0,3200000.0,0.1441441441,0.22,0.22,13966667,14500000,,,1.589498768747046,0.2291169396392138,0.7016706276450925,0.7016706276450925,0.0143198087274508,19.31742197333121,19.31742197333121,19.31742197333121,20.2983288711616,330032341.21,609332341.21,25.78377665703125,14.866321676126123,33.676769511224485,33.676769511224485,1.2232481141957006,1.2232481141957006,27.447402757207207,0.0,62.17676951122449,62.17676951122449,0.0096960194515113,0.0296940595702535,1.0359525574499628,0.4799107142857143,0.0,0.2483221476510067,1.8,3.0625,0.0203010407266019,2.09375,0.054054054054054,0.0,0.0,0.0,0.0,0.0,0.0,9.979170486348124,,0.0054945054945054,-22.17959374273046,-11200000.0,269800000.0,-308900000.0,559600000.0,3450000.0,11850000.0,0.0,14.18918918918919,0.0,0.0,6.342857142857143,0.0,0.0,0.0118606375092661,0.0,1995-12-30,,amc,,2025-04-24,1995-12-31,,21.50047619047619,40641.269841269845
1995-09-30,CPT,USD,906345,1995-09-30,1995-09-29 20:00:00,1995,Q3,21500000.0,0.0,21500000.0,1.0,0,1000000.0,0.0,1000000.0,-16000000.0,-15000000.0,-15000000.0,0.0,3600000.0,5300000.0,0.0,0.0,6500000.0,0.3023255814,-8900000.0,0.0,0.0,3600000.0,2900000.0,0.1348837209,0.2,0.2,14500000,14500000,,,1.4827586206896552,0.2,1.0344827586206895,1.0344827586206895,0.1172413793103448,18.83448275862069,18.83448275862069,18.83448275862069,18.282758620689656,320885000.0,580685000.0,27.6625,14.924883720930232,21.39233333333333,21.392333333333333,1.1749725375320397,1.1749725375320397,27.00860465116279,0.0,38.71233333333333,38.71233333333333,0.009037505648441,0.0467457188712467,0.9575247162211644,0.4617693801871799,0.0,0.3311688311688311,1.805555555555556,5.172413793103448,0.0205681163033485,2.2758620689655173,0.0465116279069767,0.0,0.0,0.0,0.0,0.0,0.0,9.206257242429906,,0.0051209606215786,-19.927586206896557,-10300000.0,273100000.0,-288100000.0,543000000.0,3350000.0,14150000.0,0.0,14.232558139534884,0.0,0.0,6.323529411764706,0.0,0.0,0.0106188209447088,0.0,1995-09-29,,amc,,2025-04-24,1995-09-30,,22.082063492063494,27761.904761904763
1995-06-30,CPT,USD,906345,1995-06-30,1995-06-29 20:00:00,1995,Q2,20300000.0,0.0,20300000.0,1.0,0,1000000.0,0.0,1000000.0,-15000000.0,-14000000.0,-14000000.0,0.0,3200000.0,4900000.0,0.0,0.0,6300000.0,0.3103448276,-8100000.0,0.0,0.0,3200000.0,3100000.0,0.1527093596,0.22,0.22,14090909,14090909,,,1.4406451705848076,0.2200000014193548,0.7025806496940687,0.7025806496940687,0.0,19.622580771758585,19.622580771758585,19.622580771758585,17.160000110709678,308309088.92,546909088.92,24.86363620322581,15.18763984827586,31.14233221414141,31.14233221414141,1.1150419129113924,1.1150419129113924,26.941334429556647,0.0,55.24334231515151,55.24334231515151,0.0100548446718169,0.0321106329841896,0.8629294755877034,0.4422613531047266,0.0,0.2558139534883721,1.96875,3.193548387096774,0.0210237659963436,2.090909077419355,0.0492610837438423,0.0,0.0,0.0,0.0,0.0,0.0,9.855545416001169,,0.0057460611677479,-18.48887108702497,-9600000.0,276500000.0,-259700000.0,519000000.0,3050000.0,12150000.0,0.0,14.63054187192118,0.0,0.0,6.151515151515151,0.0,0.0,0.0112115732368896,0.0,1995-06-29,,amc,,2025-04-24,1995-06-30,,22.06809523809524,41176.19047619047
1995-03-31,CPT,USD,906345,1995-03-31,1995-03-30 19:00:00,1995,Q1,19500000.0,0.0,19500000.0,1.0,0,1000000.0,0.0,1000000.0,-14400000.0,-13400000.0,-13400000.0,0.0,3000000.0,4700000.0,0.0,0.0,6100000.0,0.3128205128,-7700000.0,0.0,0.0,3000000.0,3100000.0,0.158974359,0.22,0.22,14090909,14090909,,,1.3838709766701354,0.2200000014193548,0.2058064529406867,0.2058064529406867,0.014193548478668,19.60838722327992,19.60838722327992,19.60838722327992,15.69806461740687,301263634.42,519263634.42,24.295454388709675,15.449417149743589,103.88401186896552,103.8840118689655,1.090349744553022,1.090349744553022,26.628904329230767,0.0,179.05642566206896,179.05642566206896,0.01028999071185,0.0096261203433436,0.7897213174086138,0.4231962761830876,0.0,0.2631578947368421,2.033333333333333,0.935483870967742,0.0215154349859681,2.090909077419355,0.0512820512820512,0.0,0.0,0.0,0.0,0.0,0.0,9.851980378656815,,0.0060124127230411,-16.819354947221644,-8400000.0,276300000.0,-236300000.0,497800000.0,2700000.0,11400000.0,0.0,12.923076923076923,0.0,0.0,6.964285714285714,0.0,0.0,0.0112196887441187,0.0,1995-03-30,,amc,,2025-04-24,1995-03-31,,22.766984126984127,37126.98412698413
1994-12-31,CPT,USD,906345,1994-12-31,1994-12-30 19:00:00,1994,Q4,19800000.0,0.0,19800000.0,1.0,0,1100000.0,0.0,1100000.0,-15400000.0,-14300000.0,-14300000.0,0.0,2500000.0,4700000.0,0.0,0.0,5500000.0,0.2777777778,-7200000.0,0.0,0.0,2500000.0,3000000.0,0.1515151515,0.21,0.21,13789455,14090909,,,1.4358798081577553,0.2175575466905689,0.9717570418845416,0.9717570418845416,0.0145038364460379,20.27636335156103,20.27636335156103,20.27636335156103,14.489332609591894,343081640.4,540181640.4,28.5901367,17.327355575757576,25.603107492537312,25.603107492537312,1.2270444935622316,1.2270444935622316,27.28190103030303,0.0,40.31206271641791,40.31206271641791,0.0087442743846691,0.0390577589181889,0.7056509298998569,0.3912353757683918,0.0,0.2456140350877192,2.2,4.466666666666667,0.0174885487693383,2.0,0.0555555555555555,0.0,0.0,0.0,0.0,0.0,0.0,9.96261546973856,,0.0059488399762046,-16.13914400532871,-8600000.0,279600000.0,-221900000.0,484000000.0,1300000.0,10250000.0,0.0,11.818181818181818,0.0,0.0,7.615384615384615,0.0,0.0,0.0107296137339055,0.0,1994-12-30,,amc,,2025-04-24,1994-12-31,,22.126984126984127,35061.90476190476
1994-09-30,CPT,USD,906345,1994-09-30,1994-09-29 20:00:00,1994,Q3,18300000.0,0.0,18300000.0,1.0,0,1100000.0,0.0,1100000.0,-14200000.0,-13100000.0,-13100000.0,0.0,2100000.0,4300000.0,0.0,0.0,5200000.0,0.2841530055,-6400000.0,0.0,0.0,2100000.0,3100000.0,0.1693989071,0.22,0.22,14090909,14090909,,,1.298709685798127,0.2200000014193548,0.6103225845827264,0.6103225845827264,0.1348387105473465,19.18258076891988,19.18258076891988,19.18258076891988,14.243225898343391,331136361.5,527836361.5,26.704545282258064,18.0948831420765,38.50422808139535,38.50422808139535,1.2250697798742138,1.2250697798742138,28.843517021857924,0.0,61.37632110465116,61.37632110465116,0.0093617021880576,0.0259711738120309,0.7347391786903441,0.4050581276769325,0.0,0.2087912087912088,2.4761904761904763,2.774193548387097,0.018119423589789,1.935483870967742,0.0601092896174863,0.0,0.0,0.0,0.0,0.0,0.0,9.74442278530434,,0.0063226595961656,-15.478064615987511,-7200000.0,270300000.0,-218100000.0,469300000.0,0.0,4550000.0,0.0,0.0,0.0,0.0,0.0,0.0,0.0,0.0114687384387717,0.0,1994-09-29,,amc,,2025-04-24,1994-09-30,,23.86140625,30475.0
1994-06-30,CPT,USD,906345,1994-06-30,1994-06-29 20:00:00,1994,Q2,15600000.0,0.0,15600000.0,1.0,0,1000000.0,0.0,1000000.0,-12300000.0,-11300000.0,-11300000.0,0.0,2000000.0,3600000.0,0.0,0.0,4300000.0,0.2756410256,-5600000.0,0.0,0.0,2000000.0,2300000.0,0.1474358974,0.19,0.19,12105263,12105263,,,1.288695668982987,0.1900000024782609,0.7765217492589793,0.7765217492589793,0.1652173934593573,22.486087249818528,22.486087249818528,22.486087249818528,12.1847827676276,296578943.5,440078943.5,32.23684168478261,19.011470737179486,31.55095143617021,31.55095143617021,1.089562613886848,1.089562613886848,28.210188685897435,0.0,46.81690888297872,46.81690888297872,0.0077551021419698,0.0316947652758767,0.5345334313005143,0.3331043956043956,0.0,0.0,2.15,5.875,0.0134871341599475,1.7391304347826086,0.0641025641025641,0.0,0.0,0.0,0.0,0.0,0.0,9.804490004422362,,0.0052655677655677,-13.432174088245748,2000000.0,272200000.0,-162600000.0,425700000.0,250000.0,0.0,0.0,0.0,0.0,0.0,0.0,0.0,0.0,0.0084496693607641,0.0,1994-06-29,,amc,,2025-04-24,1994-06-30,,25.106935483870966,68391.93548387097
1994-03-31,CPT,USD,906345,1994-03-31,1994-03-30 19:00:00,1994,Q1,15000000.0,0.0,15000000.0,1.0,0,900000.0,0.0,900000.0,-11500000.0,-10600000.0,-10600000.0,1400000.0,2600000.0,3600000.0,0.0,0.0,4400000.0,0.2933333333,-6200000.0,0.0,0.0,2600000.0,1800000.0,0.12,0.14,0.14,12857143,12857143,,,1.1666666537037038,0.1399999984444444,0.1711111092098765,0.1711111092098765,0.1633333315185185,19.66999978144445,19.66999978144445,19.66999978144445,11.651110981654323,326314289.34,471414289.34,45.321429075,21.754285956,148.32467697272725,148.32467697272727,1.2902897957295374,1.2902897957295374,31.42761928933333,0.0,214.2792224272727,214.2792224272727,0.005516154391034,0.0067419664779305,0.5820482404112297,0.3570215862236235,0.0,0.0,1.6923076923076923,1.2222222222222223,0.0113387618037922,2.055555555555556,0.06,0.0,0.0,0.0,0.0,0.0,0.0,7.87149913441525,,0.0043657530924084,-12.205277642163582,2600000.0,252900000.0,-156800000.0,347600000.0,550000.0,2900000.0,0.0,3.0,0.0,0.0,30.0,0.0,0.0,0.0071174377224199,0.0,1994-03-30,,amc,,2025-04-24,1994-03-31,,25.37269841269841,21933.33333333333
1993-12-31,CPT,USD,906345,1993-12-31,1993-12-30 19:00:00,1993,Q4,0.0,0.0,0.0,0.0,0,0.0,0.0,0.0,800000.0,800000.0,800000.0,0.0,0.0,0.0,800000.0,,800000.0,,0.0,0.0,0.0,-800000.0,800000.0,,0.0889,0.0889,9000000,9000000,,,0.0,0.0888888888888888,,,0.6,19.77777777777778,19.77777777777778,19.77777777777778,12.38888888888889,227250000.0,333350000.0,71.015625,0.0,0.0,0.0,1.276685393258427,1.276685393258427,0.0,416.6875,0.0,0.0,0.0035203520352035,,0.6264044943820225,0.3664147223135064,132.625,1.0344827586206895,0.0,0.0,0.0269306930693069,7.65,0.0,0.0,0.0,0.0,0.0,0.0,0.0,6.289320754704403,,0.0026289845547157,-13.383333333333333,200000.0,178000000.0,-120300000.0,293400000.0,,,,0.0,0.0,0.0,0.0,0.0,0.0,0.0044943820224719,,1993-12-30,,amc,,2025-04-24,1993-12-31,,25.07484375,39193.75
1993-09-30,CPT,USD,906345,1993-09-30,1993-09-29 20:00:00,1993,Q3,0.0,0.0,0.0,0.0,0,0.0,0.0,0.0,900000.0,900000.0,900000.0,0.0,0.0,0.0,900000.0,,900000.0,,0.0,0.0,0.0,-900000.0,900000.0,,0.1,0.1,9000000,9000000,,,0.0,0.1,,,,,,,,246420000.0,,68.44999999999999,0.0,0.0,0.0,0.0,0.0,0.0,,0.0,0.0,0.0036523009495982,,0.0,0.0,,0.0,0.0,0.0,,,0.0,0.0,0.0,0.0,0.0,0.0,0.0,,0.0,0.0,,,,,,,,,0.0,0.0,0.0,0.0,0.0,0.0,0.0,,1993-09-29,,amc,,2025-04-24,1993-09-30,,23.9168,136880.0
1993-06-30,CPT,USD,906345,1993-06-30,1993-06-29 20:00:00,1993,Q2,0.0,0.0,0.0,0.0,0,0.0,0.0,0.0,900000.0,900000.0,900000.0,0.0,0.0,0.0,900000.0,,900000.0,,0.0,0.0,0.0,-900000.0,900000.0,,0.1,0.1,9000000,9000000,,,0.0,0.1,,,,,,,,207000000.0,,57.5,0.0,0.0,0.0,0.0,0.0,0.0,,0.0,0.0,0.0043478260869565,,0.0,0.0,,0.0,0.0,0.0,,,0.0,0.0,0.0,0.0,0.0,0.0,0.0,,0.0,0.0,,,,,,,,,0.0,0.0,0.0,0.0,0.0,0.0,0.0,,1993-06-29,,amc,,2025-04-24,1993-06-30,,,
1993-03-31,CPT,USD,906345,1993-03-31,1993-03-30 19:00:00,1993,Q1,0.0,0.0,0.0,0.0,0,0.0,0.0,0.0,900000.0,900000.0,900000.0,0.0,0.0,0.0,900000.0,,900000.0,,0.0,0.0,0.0,-900000.0,900000.0,,0.1,0.1,9000000,9000000,,,0.0,0.1,,,,,,,,207000000.0,,57.5,0.0,0.0,0.0,0.0,0.0,0.0,,0.0,0.0,0.0043478260869565,,0.0,0.0,,0.0,0.0,0.0,,,0.0,0.0,0.0,0.0,0.0,0.0,0.0,,0.0,0.0,,,,,,,,,0.0,0.0,0.0,0.0,0.0,0.0,0.0,,1993-03-30,,amc,,2025-04-24,1993-03-31,,,
