date,symbol,reportedCurrency,cik,fillingDate,acceptedDate,calendarYear,period,revenue,costOfRevenue,grossProfit,grossProfitRatio,researchAndDevelopmentExpenses,generalAndAdministrativeExpenses,sellingAndMarketingExpenses,sellingGeneralAndAdministrativeExpenses,otherExpenses,operatingExpenses,costAndExpenses,interestIncome,interestExpense,depreciationAndAmortization,ebitda,ebitdaratio,operatingIncome,operatingIncomeRatio,totalOtherIncomeExpensesNet,incomeBeforeTax,incomeBeforeTaxRatio,incomeTaxExpense,netIncome,netIncomeRatio,eps,epsdiluted,weightedAverageShsOut,weightedAverageShsOutDil,link,finalLink,revenuePerShare,netIncomePerShare,operatingCashFlowPerShare,freeCashFlowPerShare,cashPerShare,bookValuePerShare,tangibleBookValuePerShare,shareholdersEquityPerShare,interestDebtPerShare,marketCap,enterpriseValue,peRatio,priceToSalesRatio,pocfratio,pfcfRatio,pbRatio,ptbRatio,evToSales,enterpriseValueOverEBITDA,evToOperatingCashFlow,evToFreeCashFlow,earningsYield,freeCashFlowYield,debtToEquity,debtToAssets,netDebtToEBITDA,currentRatio,interestCoverage,incomeQuality,dividendYield,payoutRatio,salesGeneralAndAdministrativeToRevenue,researchAndDdevelopementToRevenue,intangiblesToTotalAssets,capexToOperatingCashFlow,capexToRevenue,capexToDepreciation,stockBasedCompensationToRevenue,grahamNumber,roic,returnOnTangibleAssets,grahamNetNet,workingCapital,tangibleAssetValue,netCurrentAssetValue,investedCapital,averageReceivables,averagePayables,averageInventory,daysSalesOutstanding,daysPayablesOutstanding,daysOfInventoryOnHand,receivablesTurnover,payablesTurnover,inventoryTurnover,roe,capexPerShare,report_date,epsEstimated,time,revenueEstimated,updatedFromDate,fiscalDateEnding,surprise(%),QuarterAvgPrice,QuarterAvgVolume
2025-01-31,CRM,USD,1108524,2025-03-05,2025-03-05 16:16:48,2025,Q4,9993000000.0,2217000000.0,7776000000.0,0.7781447013,1420000000,767000000.0,3471000000.0,4238000000.0,0.0,5956000000.0,8173000000.0,0.0,0.0,877000000.0,2995000000.0,0.2997097969,1820000000.0,0.1821274892,168000000.0,1988000000.0,0.1989392575,280000000.0,1708000000.0,0.1709196438,1.78,1.75,959000000,974000000,https://www.sec.gov/Archives/edgar/data/1108524/000110852425000006/0001108524-25-000006-index.htm,https://www.sec.gov/Archives/edgar/data/1108524/000110852425000006/crm-20250131.htm,10.420229405630865,1.781021897810219,4.139728884254431,3.979144942648592,14.631908237747654,63.78832116788321,5.695516162669447,63.78832116788321,11.879040667361837,327690300000.0,330234300000.0,47.964036885245896,32.791984389072354,82.54163727959698,85.87272012578616,5.356779951939581,5.356779951939581,33.04656259381567,110.26186978297162,83.18244332493703,86.53938679245283,0.0052122385069072,0.0116451417695305,0.1862259493567423,0.1106793098087983,0.849415692821369,1.0624374553252325,0.0,2.3243559718969555,0.001168786503598,0.2242388758782201,0.0767537276093265,0.1420994696287401,0.5412618529457485,0.0387909319899244,0.0154107875512859,0.1755986316989737,0.0803562493745621,50.55876707903784,0.020703350746501,0.0361734121185166,-19.56647549530761,1747000000.0,5462000000.0,-12028000000.0,62851000000.0,8343000000.0,0.0,0.0,107.58030621435005,0.0,0.0,0.8365843449141901,0.0,0.0,0.0279208147385284,0.1605839416058394,2025-02-26,2.61,amc,10040238216.0,2025-05-11,2025-01-31,0.0651340996168582,,
2024-10-31,CRM,USD,1108524,2024-12-04,2024-12-03 21:04:12,2025,Q3,9444000000.0,2105000000.0,7339000000.0,0.777107158,1356000000,711000000.0,3323000000.0,4034000000.0,0.0,5390000000.0,7495000000.0,0.0,0.0,-1786000000.0,-40000000.0,-0.0042354934,1893000000.0,0.2004447268,-147000000.0,1746000000.0,0.1848792884,219000000.0,1527000000.0,0.1616899619,1.6,1.58,963000000,975000000,https://www.sec.gov/Archives/edgar/data/1108524/000110852424000034/0001108524-24-000034-index.htm,https://www.sec.gov/Archives/edgar/data/1108524/000110852424000034/crm-20241031.htm,9.806853582554515,1.5856697819314642,2.059190031152648,1.8473520249221185,13.247144340602285,60.7736240913811,5.517133956386293,60.7736240913811,11.862928348909657,280589310000.0,284016310000.0,45.93800098231827,29.71085451080051,141.49738275340394,157.72305227655986,4.794349594190517,4.794349594190517,30.073730410842863,-7100.40775,143.22557236510335,159.6494154019112,0.0054421175204429,0.0063402272880602,0.1951986330627936,0.1249958969309043,-85.675,1.1058064516129031,0.0,1.298624754420432,0.001361420362023,0.2501637197118533,0.0752858958068615,0.1435832274459974,0.5822200339187045,0.1028744326777609,0.0216010165184243,0.2506142506142506,0.0868276154171961,46.56452762944894,0.0228063954109282,0.0399916193070214,-17.193406022845274,2050000000.0,5313000000.0,-11445000000.0,60845000000.0,5066000000.0,0.0,0.0,45.18106734434562,0.0,0.0,1.991984813330521,0.0,0.0,0.0260914139256727,0.2118380062305296,2024-12-03,2.44,amc,9367177769.0,2025-04-25,2024-10-31,-0.012295081967213,,
2024-07-31,CRM,USD,1108524,2024-08-29,2024-08-28 18:34:36,2025,Q2,9325000000.0,2159000000.0,7166000000.0,0.7684718499,1349000000,711000000.0,3224000000.0,3935000000.0,0.0,5284000000.0,7443000000.0,0.0,0.0,907000000.0,2789000000.0,0.2990884718,1783000000.0,0.1912064343,54000000.0,1837000000.0,0.196997319,408000000.0,1429000000.0,0.1532439678,1.48,1.47,964000000,973000000,https://www.sec.gov/Archives/edgar/data/1108524/000110852424000022/0001108524-24-000022-index.htm,https://www.sec.gov/Archives/edgar/data/1108524/000110852424000022/crm-20240731.htm,9.673236514522822,1.4823651452282158,0.925311203319502,0.783195020746888,13.107883817427386,59.78526970954357,4.436721991701245,59.78526970954357,11.818464730290456,249483200000.0,253194200000.0,43.64646606018194,26.75423056300268,279.6896860986547,330.44132450331125,4.328825499279927,4.328825499279927,27.15219302949061,90.78314808174972,283.85,335.35655629139075,0.0057278405920719,0.0030262558761471,0.1976818836430517,0.1235951399435886,1.3305844388669774,1.0409980477120138,0.0,0.6242127361791463,0.0015391817966099,0.2687193841847445,0.0762466487935656,0.1446648793565683,0.5788240399218919,0.1535874439461883,0.0146916890080428,0.1510474090407938,0.0868632707774798,44.65457423768199,0.0193341529957656,0.0368071296105501,-18.535010373443985,861000000.0,4277000000.0,-12685000000.0,59927000000.0,4832000000.0,0.0,0.0,52.03109919571046,0.0,0.0,1.7297347430903358,0.0,0.0,0.0247948224107716,0.1421161825726141,2024-08-28,2.35,amc,9219092284.0,2025-04-25,2024-07-31,0.0893617021276595,260.585,6514363.857142857
2024-04-30,CRM,USD,1108524,2024-05-30,2024-05-29 18:48:20,2025,Q1,9133000000.0,2162000000.0,6971000000.0,0.763276032,1368000000,647000000.0,3239000000.0,3886000000.0,0.0,5254000000.0,7416000000.0,0.0,0.0,879000000.0,2358000000.0,0.2581846053,1709000000.0,0.1871236177,158000000.0,1867000000.0,0.2044235191,334000000.0,1533000000.0,0.1678528413,1.58,1.56,970000000,985000000,https://www.sec.gov/Archives/edgar/data/1108524/000110852424000009/0001108524-24-000009-index.htm,https://www.sec.gov/Archives/edgar/data/1108524/000110852424000009/crm-20240430.htm,9.415463917525772,1.5804123711340206,6.4402061855670105,6.272164948453608,18.216494845360824,61.52886597938144,6.055670103092783,61.52886597938144,12.903092783505157,260871800000.0,263429800000.0,42.54269406392695,28.56364830833242,41.75953257563631,42.87833662064431,4.370956553792537,4.370956553792537,28.843731523048287,111.71747243426633,42.169009124379706,43.29878369493754,0.0058764496584145,0.0233218002099115,0.209707957039693,0.1301310043668122,1.0848176420695506,1.10605209728282,0.0,4.07501630789302,0.0014873205919535,0.2530984996738421,0.0708420015329026,0.1497864885579765,0.5594614264919942,0.0260925244117176,0.017847366692215,0.1167621776504298,0.0821197853936275,46.77522925601099,0.0188107838824274,0.0361804064100446,-16.10541237113402,2455000000.0,5874000000.0,-10893000000.0,62025000000.0,7843500000.0,0.0,0.0,42.10774115843644,0.0,0.0,2.1373742101567985,0.0,0.0,0.0256857061474791,0.168041237113402,2024-05-29,2.37,amc,9150552060.0,2025-04-25,2024-04-30,0.0295358649789028,311.01416666666665,6811116.083333333
2024-01-31,CRM,USD,1108524,2024-03-06,2024-03-06 16:32:48,2024,Q4,9287000000.0,2148000000.0,7139000000.0,0.768708948,1275000000,632000000.0,3437000000.0,4069000000.0,0.0,5344000000.0,7492000000.0,0.0,0.0,953000000.0,2754000000.0,0.2965435555,1622000000.0,0.1746527404,23000000.0,1645000000.0,0.1771293206,199000000.0,1446000000.0,0.1557015183,1.49,1.47,970000000,983000000,https://www.sec.gov/Archives/edgar/data/1108524/000110852424000005/0001108524-24-000005-index.htm,https://www.sec.gov/Archives/edgar/data/1108524/000110852424000005/crm-20240131.htm,9.574226804123713,1.490721649484536,3.5082474226804123,3.356701030927835,14.632989690721647,61.49072164948453,5.925773195876289,61.49072164948453,12.977319587628866,272657300000.0,276773300000.0,47.13992047026279,29.3590287498654,80.12262709374082,83.73995700245699,4.571258760017436,4.571258760017436,29.80222892214924,100.4986564996369,81.33214810461358,85.00408476658477,0.005303360665568,0.0119417305166595,0.2110451664822452,0.1261032026687236,1.4945533769063182,1.0917351958244152,0.0,2.353388658367912,0.0,0.0,0.0680521158608808,0.1372886831054161,0.5399356861645112,0.0431971789597414,0.0158285775815656,0.1013793103448275,0.0725745665984709,45.41447869479035,0.0190844793909792,0.0314861186717474,-17.961340206185568,2443000000.0,5748000000.0,-11103000000.0,62396000000.0,8132000000.0,0.0,0.0,110.61268439754495,0.0,0.0,0.8136499036271246,0.0,0.0,0.02424303390001,0.1515463917525773,2024-02-28,2.27,amc,9222782378.0,2025-04-25,2024-01-31,0.0088105726872246,319.13921875,5846222.921875
2023-10-31,CRM,USD,1108524,2023-11-30,2023-11-29 18:35:29,2024,Q3,8720000000.0,2155000000.0,6565000000.0,0.7528669725,1204000000,632000000.0,3173000000.0,3805000000.0,0.0,5009000000.0,7164000000.0,0.0,0.0,862000000.0,2418000000.0,0.277293578,1501000000.0,0.1721330275,-14000000.0,1487000000.0,0.1705275229,263000000.0,1224000000.0,0.1403669725,1.26,1.25,972000000,981000000,https://www.sec.gov/Archives/edgar/data/1108524/000110852423000048/0001108524-23-000048-index.htm,https://www.sec.gov/Archives/edgar/data/1108524/000110852423000048/crm-20231031.htm,8.97119341563786,1.2592592592592593,1.5761316872427984,1.4053497942386832,12.204732510288066,59.76337448559671,3.846707818930041,59.76337448559671,13.078189300411523,195206760000.0,201465760000.0,39.870661764705886,22.38609633027523,127.41955613577024,142.90392386530016,3.3604193492855914,3.3604193492855914,23.103871559633028,83.31917287014062,131.50506527415143,147.4859150805271,0.0062702746564719,0.0069977084809972,0.2188328455844379,0.1396585440882424,2.588502894954508,1.0416623698050944,0.0,1.2516339869281046,0.0,0.0,0.0724770642201834,0.1380733944954128,0.5971193777328558,0.108355091383812,0.0190366972477064,0.1925754060324826,0.0794724770642201,41.149673272399625,0.0168902785177163,0.033377873524038,-17.933641975308642,808000000.0,3739000000.0,-12730000000.0,61484000000.0,5125000000.0,0.0,0.0,50.05733944954128,0.0,0.0,1.797938144329897,0.0,0.0,0.0210707522809433,0.1707818930041152,2023-11-29,2.06,amc,8715430000.0,2025-04-25,2023-10-31,0.024271844660194,256.145,5737674.515625
2023-07-31,CRM,USD,1108524,2023-08-31,2023-08-30 18:22:33,2024,Q2,8603000000.0,2113000000.0,6490000000.0,0.7543880042,1220000000,632000000.0,3113000000.0,3745000000.0,0.0,4965000000.0,7078000000.0,0.0,0.0,890000000.0,2415000000.0,0.2807160293,1476000000.0,0.1715680577,16000000.0,1492000000.0,0.173427874,225000000.0,1267000000.0,0.1472742067,1.3,1.28,975000000,986000000,https://www.sec.gov/Archives/edgar/data/1108524/000110852423000040/0001108524-23-000040-index.htm,https://www.sec.gov/Archives/edgar/data/1108524/000110852423000040/crm-20230731.htm,8.823589743589743,1.2994871794871794,0.8287179487179487,0.6441025641025641,12.714871794871796,59.57128205128205,3.4194871794871795,59.57128205128205,13.128205128205128,219384750000.0,225412750000.0,43.28823007103394,25.500958967801928,271.5157797029703,349.3387738853503,3.777155573155194,3.777155573155194,26.20164477507846,93.33861283643893,278.97617574257424,358.9375,0.0057752418980808,0.0028625508381963,0.220378086154058,0.1384577109046264,2.496066252587992,1.0160057678442682,0.0,0.6377269139700079,0.0,0.0,0.0734627455538765,0.1418109961641288,0.5922095903598819,0.2227722772277227,0.0209229338602813,0.2022471910112359,0.0841566895269092,41.73454970469017,0.0171345965008367,0.0336083185230377,-18.3774358974359,333000000.0,3334000000.0,-13227000000.0,61532000000.0,5016000000.0,0.0,0.0,56.491921422759496,0.0,0.0,1.5931481481481482,0.0,0.0,0.0218139871216555,0.1846153846153846,2023-08-30,1.9,amc,8524520000.0,2025-04-25,2023-07-31,0.1157894736842106,267.5838095238095,8168548.253968254
2023-04-30,CRM,USD,1108524,2023-06-01,2023-05-31 18:24:31,2024,Q1,8247000000.0,2125000000.0,6122000000.0,0.7423305444,1207000000,638000000.0,3154000000.0,3792000000.0,711000000.0,5710000000.0,7835000000.0,0.0,0.0,1254000000.0,2377000000.0,0.2882260216,412000000.0,0.0499575603,-86000000.0,326000000.0,0.0395295259,127000000.0,199000000.0,0.0241299867,0.2,0.2,995000000,988000000,https://www.sec.gov/Archives/edgar/data/1108524/000110852423000023/0001108524-23-000023-index.htm,https://www.sec.gov/Archives/edgar/data/1108524/000110852423000023/crm-20230430.htm,8.288442211055276,0.2,4.51356783919598,4.269346733668342,14.047236180904523,57.700502512562814,2.202010050251256,57.700502512562814,13.138693467336685,196801050000.0,200719050000.0,247.2375,23.863350309203348,43.82120908483634,46.32793079096045,3.4278730927332264,3.4278730927332264,24.338432157148056,84.44217501051746,44.693620574482296,47.25024717514124,0.0010111734668082,0.021585250688449,0.2277050094056991,0.1397568980447076,1.6482961716449305,1.01641542587626,0.0,22.5678391959799,0.0,0.0,0.0773614647750697,0.1463562507578513,0.5903400647844261,0.0541082164328657,0.0294652600945798,0.1937799043062201,0.0843943252091669,16.113728969625022,0.0034599987964194,0.0051931106471816,-18.77185929648241,355000000.0,2191000000.0,-14148000000.0,61917000000.0,7693500000.0,0.0,0.0,50.549290651145874,0.0,0.0,1.780440414507772,0.0,0.0,0.0034661743189577,0.2442211055276382,2023-05-31,1.61,amc,8177530000.0,2025-04-25,2023-04-30,0.0496894409937887,288.53327868852455,5766586.131147541
2023-01-31,CRM,USD,1108524,2023-03-08,2023-03-08 16:41:15,2023,Q4,8384000000.0,2100000000.0,6284000000.0,0.7495229008,1128000000,586000000.0,3385000000.0,3971000000.0,0.0,5099000000.0,7199000000.0,0.0,0.0,1032000000.0,2217000000.0,0.2644322519,357000000.0,0.0425811069,-324000000.0,33000000.0,0.0039360687,131000000.0,-98000000.0,-0.0116889313,-0.1,-0.1,984000000,984000000,https://www.sec.gov/Archives/edgar/data/1108524/000110852423000011/0001108524-23-000011-index.htm,https://www.sec.gov/Archives/edgar/data/1108524/000110852423000011/crm-20230131.htm,8.520325203252032,-0.0995934959349593,2.833333333333333,2.611788617886179,12.711382113821138,59.30792682926829,2.709349593495935,59.30792682926829,14.317073170731708,165282480000.0,172354480000.0,-421.6389795918368,19.714036259541984,59.283529411764704,64.31224902723736,2.83216778902997,2.83216778902997,20.557547709923664,77.7422101939558,61.820114777618365,67.064,-0.0005929243075249,0.015549137452439,0.2414023543926386,0.142520409918158,3.1898962562020747,1.0194662237843266,0.0,-28.448979591836736,0.0,0.0,0.0698950381679389,0.1345419847328244,0.5634149055630305,0.0781922525107604,0.0260019083969465,0.2112403100775193,0.096493320610687,,-0.0141868301643492,-0.0022708314023542,-20.23958333333333,504000000.0,2666000000.0,-14095000000.0,62789000000.0,7515000000.0,0.0,0.0,115.45205152671755,0.0,0.0,0.7795443979544397,0.0,0.0,-0.0016792611251049,0.2215447154471544,2023-03-01,1.35,amc,7991370979.0,2025-04-25,2023-01-31,0.2444444444444443,226.31857142857143,5211648.26984127
2022-10-31,CRM,USD,1108524,2022-12-01,2022-11-30 18:11:05,2023,Q3,7837000000.0,2088000000.0,5749000000.0,0.7335715197,1280000000,664000000.0,3345000000.0,4009000000.0,0.0,5289000000.0,7377000000.0,0.0,0.0,941000000.0,1401000000.0,0.1787673855,460000000.0,0.0586959296,15000000.0,475000000.0,0.0606099273,265000000.0,210000000.0,0.0267959678,0.21,0.21,997000000,1000000000,https://www.sec.gov/Archives/edgar/data/1108524/000110852422000060/0001108524-22-000060-index.htm,https://www.sec.gov/Archives/edgar/data/1108524/000110852422000060/crm-20221031.htm,7.860581745235707,0.2106318956870611,0.3139418254764293,0.115346038114343,11.953861584754264,59.52958876629889,3.207622868605817,59.52958876629889,14.04012036108325,162102230000.0,170024230000.0,192.9788452380953,20.684219726936327,517.8984984025559,1409.5846086956522,2.731246819767148,2.731246819767148,21.695065713921142,121.35919343326196,543.2084025559105,1478.4715652173911,0.0012954787852085,0.0007094288585665,0.2358511229802362,0.1523442601541073,5.654532476802284,1.05387611784715,0.0,1.4904761904761905,0.0,0.0,0.084726298328442,0.1633278040066351,0.611129249923817,0.6325878594249201,0.0252647696822763,0.2104144527098831,0.1075666709199949,16.79653767758779,0.0026969792994275,0.0058772494472586,-17.461133400200602,982000000.0,3198000000.0,-13324000000.0,63553000000.0,4510000000.0,0.0,0.0,49.0940410871507,0.0,0.0,1.8332163742690053,0.0,0.0,0.0035382723121767,0.1985957873620862,2022-11-30,1.21,amc,7827011242.0,2025-04-25,2022-10-31,0.1570247933884297,216.06285714285715,4987546.063492063
2022-07-31,CRM,USD,1108524,2022-08-25,2022-08-25 16:17:51,2023,Q2,7720000000.0,2127000000.0,5593000000.0,0.7244818653,1329000000,647000000.0,3424000000.0,4071000000.0,0.0,5400000000.0,7527000000.0,0.0,0.0,907000000.0,1100000000.0,0.1424870466,193000000.0,0.025,-12000000.0,181000000.0,0.0234455959,113000000.0,68000000.0,0.0088082902,0.07,0.07,997000000,1001000000,https://www.sec.gov/Archives/edgar/data/1108524/000110852422000041/0001108524-22-000041-index.htm,https://www.sec.gov/Archives/edgar/data/1108524/000110852422000041/crm-20220731.htm,7.743229689067202,0.0682046138415245,0.3350050150451354,0.1313941825476429,13.573721163490472,60.27883650952859,3.468405215646941,60.27883650952859,13.84653961885657,182431060000.0,189305060000.0,670.7024264705882,23.630966321243523,546.2007784431137,1392.6035114503816,3.035559586009517,3.035559586009517,24.521380829015545,172.0955090909091,566.7816167664671,1445.0767938931297,0.0003727435448766,0.0007180794761593,0.2297081433658358,0.1466308365552109,6.249090909090909,1.0580677290836653,0.0,4.911764705882353,0.0,0.0,0.0838082901554404,0.1721502590673575,0.6016059820707822,0.6077844311377245,0.0262953367875647,0.2238147739801543,0.1102331606217616,9.61790685421458,0.0009556029797279,0.0018129465713981,-17.0092778335005,1166000000.0,3458000000.0,-12804000000.0,63908000000.0,4348500000.0,0.0,0.0,55.31735751295337,0.0,0.0,1.6269757639620652,0.0,0.0,0.0011314852407734,0.2036108324974924,2022-08-24,1.02,amc,7697151635.0,2025-04-25,2022-07-31,0.1666666666666666,204.13306451612905,6549748.177419355
2022-04-30,CRM,USD,1108524,2022-06-01,2022-06-01 16:52:04,2023,Q1,7411000000.0,2045000000.0,5366000000.0,0.7240588315,1318000000,656000000.0,3372000000.0,4028000000.0,0.0,5346000000.0,7391000000.0,0.0,0.0,906000000.0,926000000.0,0.1249493995,20000000.0,0.0026986911,-49000000.0,-29000000.0,-0.0039131021,-57000000.0,28000000.0,0.0037781676,0.03,0.03,991000000,1001000000,https://www.sec.gov/Archives/edgar/data/1108524/000110852422000022/0001108524-22-000022-index.htm,https://www.sec.gov/Archives/edgar/data/1108524/000110852422000022/crm-20220430.htm,7.478304742684157,0.0282542885973763,3.7093844601412713,3.5287588294651866,13.625630676084764,59.41069626639758,2.0161453077699294,59.41069626639758,14.112008072653884,174356540000.0,181482540000.0,1556.7548214285714,23.526722439616787,47.43105005440697,49.85889047755219,2.9614195937223995,2.9614195937223995,24.48826609094589,195.98546436285096,49.36957018498368,51.89663711752931,0.0001605904774205,0.0200566035549914,0.2375331204565527,0.1503407796005246,7.695464362850972,1.0257299361776977,0.0,131.28571428571428,0.0,0.0,0.0885170692214276,0.1778437457832951,0.6114467545311861,0.0486942328618063,0.0241532856564566,0.1975717439293598,0.1047092160302253,6.145620925247672,-0.0002582183762029,0.0007746790615316,-17.83955600403633,512000000.0,1998000000.0,-13735000000.0,63171000000.0,6845500000.0,0.0,0.0,47.99352314127648,0.0,0.0,1.875253036437247,0.0,0.0,0.0004755757863985,0.1806256306760847,2022-05-31,0.93,amc,7382353162.0,2025-04-25,2022-04-30,0.0537634408602149,168.9116129032258,9173906.661290323
2022-01-31,CRM,USD,1108524,2022-03-11,2022-03-11 08:06:16,2022,Q4,7326000000.0,2014000000.0,5312000000.0,0.7250887251,1291000000,733000000.0,3464000000.0,4197000000.0,0.0,5488000000.0,7502000000.0,0.0,0.0,931000000.0,755000000.0,0.1030576031,-176000000.0,-0.024024024,-21000000.0,-197000000.0,-0.0268905269,-169000000.0,-28000000.0,-0.0038220038,-0.03,-0.03,985000000,986000000,https://www.sec.gov/Archives/edgar/data/1108524/000110852422000013/0001108524-22-000013-index.htm,https://www.sec.gov/Archives/edgar/data/1108524/000110852422000013/crm-20220131.htm,7.43756345177665,-0.0284263959390862,2.012182741116751,1.8426395939086293,10.69746192893401,59.01624365482233,1.234517766497462,59.01624365482233,14.197969543147208,229140550000.0,237661550000.0,-2045.8977678571428,31.277716352716357,115.61077194752777,126.24823691460055,3.941796115669781,3.941796115669781,32.440834015834014,314.78350993377484,119.90996468213925,130.94300275482092,-0.0001221957440531,0.0079209026948743,0.2405773167500989,0.1468873740927853,11.286092715231788,1.04874242702405,0.0,-70.78571428571429,0.0,0.0,0.1000546000546,0.1762216762216762,0.5977901248831518,0.0842583249243188,0.0227955227955227,0.1793770139634801,0.1041496041496041,,-0.0003375373214016,-0.0007311850420431,-19.52969543147208,1062000000.0,1216000000.0,-14228000000.0,63672000000.0,6879000000.0,0.0,0.0,119.64373464373465,0.0,0.0,0.7522332888386898,0.0,0.0,-0.0004816707092601,0.1695431472081218,2022-03-01,0.73,amc,7244427221.0,2025-04-25,2022-01-31,0.1506849315068493,145.9195238095238,8798255.61904762
2021-10-31,CRM,USD,1108524,2021-12-02,2021-12-02 16:16:46,2022,Q3,6863000000.0,1844000000.0,5019000000.0,0.731312837,1203000000,667000000.0,3111000000.0,3778000000.0,0.0,4981000000.0,6825000000.0,0.0,0.0,963000000.0,1001000000.0,0.1458545825,38000000.0,0.0055369372,261000000.0,299000000.0,0.0435669532,-169000000.0,468000000.0,0.0681917529,0.48,0.47,980000000,1001000000,https://www.sec.gov/Archives/edgar/data/1108524/000110852421000055/0001108524-21-000055-index.htm,https://www.sec.gov/Archives/edgar/data/1108524/000110852421000055/crm-20211031.htm,7.003061224489796,0.4775510204081633,0.4122448979591837,0.2428571428571428,9.58265306122449,58.21836734693878,-0.376530612244898,58.21836734693878,14.286734693877552,296704800000.0,305952800000.0,158.49615384615385,43.23252222060324,734.4178217821782,1246.6588235294118,5.200420654117152,5.200420654117152,44.58003788430715,305.6471528471528,757.3089108910891,1285.5159663865545,0.0015773253415516,0.0008021440839514,0.2453990955936481,0.1601285511688549,9.23876123876124,1.0613235783172597,0.0,0.8632478632478633,0.0,0.0,0.0971878187381611,0.175287775025499,0.6567432178965186,0.4108910891089108,0.0241876730292874,0.1723779854620976,0.1183156054203701,25.011005907262664,0.0008137785558642,0.0155932429280645,-18.34362244897959,922000000.0,-369000000.0,-14425000000.0,64022000000.0,4046500000.0,2137000000.0,0.0,52.70435669532274,0.0,0.0,1.707638716098532,0.0,0.0,0.0082027552844673,0.1693877551020408,2021-11-30,0.92,amc,7237500000.0,2025-04-25,2021-10-31,0.3804347826086956,169.5653125,6110452.78125
2021-07-31,CRM,USD,1108524,2021-08-27,2021-08-27 08:09:35,2022,Q2,6340000000.0,1613000000.0,4727000000.0,0.7455835962,1020000000,639000000.0,2736000000.0,3375000000.0,0.0,4395000000.0,6008000000.0,0.0,0.0,719000000.0,1051000000.0,0.1657728707,332000000.0,0.0523659306,494000000.0,826000000.0,0.1302839117,291000000.0,535000000.0,0.084384858,0.57,0.56,933000000,950000000,https://www.sec.gov/Archives/edgar/data/1108524/000110852421000047/0001108524-21-000047-index.htm,https://www.sec.gov/Archives/edgar/data/1108524/000110852421000047/crm-20210731.htm,6.795284030010718,0.5734190782422294,0.4137191854233655,0.1854233654876741,10.342979635584138,59.5069667738478,-2.4962486602357985,59.5069667738478,16.633440514469452,225720690000.0,234940690000.0,105.47695794392524,35.602632492113564,584.7686269430052,1304.74387283237,4.06557438760807,4.06557438760807,37.056891167192425,223.54014272121788,608.6546373056995,1358.038670520231,0.0023701859142819,0.0007664339498519,0.2795208933717579,0.1750434252972095,8.772597526165557,0.9346288736848156,0.0,0.7214953271028037,0.0,0.0,0.100788643533123,0.1608832807570978,0.6524961086421981,0.5518134715025906,0.033596214511041,0.2962447844228094,0.1009463722397476,27.70838638066357,0.0029329667009369,0.0173650556655522,-21.89978563772776,-1137000000.0,-2329000000.0,-16882000000.0,62546000000.0,3624000000.0,3856500000.0,0.0,57.83280757097791,238.4748915065096,0.0,1.556210112911144,0.3773982218062705,0.0,0.009636167146974,0.2282958199356913,2021-08-25,0.91,amc,5431673075.0,2025-04-25,2021-07-31,0.6263736263736263,176.6924193548387,8314221.806451613
2021-04-30,CRM,USD,1108524,2021-06-02,2021-06-02 08:08:29,2022,Q1,5963000000.0,1555000000.0,4408000000.0,0.7392252222,951000000,559000000.0,2544000000.0,3103000000.0,0.0,4054000000.0,5609000000.0,0.0,0.0,685000000.0,1039000000.0,0.1742411538,354000000.0,0.0593660909,250000000.0,604000000.0,0.1012912963,135000000.0,469000000.0,0.0786516854,0.51,0.5,921000000,940000000,https://www.sec.gov/Archives/edgar/data/1108524/000110852421000030/0001108524-21-000030-index.htm,https://www.sec.gov/Archives/edgar/data/1108524/000110852421000030/crm-20210430.htm,6.474484256243214,0.509229098805646,3.504885993485342,3.3192182410423454,16.311617806731814,46.21824104234528,13.031487513572204,46.21824104234528,6.657980456026059,212124720000.0,209712720000.0,113.07287846481876,35.57348985410029,65.71397769516729,69.38983316977429,4.9833138346606525,4.9833138346606525,35.16899547207781,201.8409239653513,64.9667657992565,68.60082433758586,0.0022109634369817,0.014411333106297,0.1440552540700542,0.0945056638668413,-2.321462945139557,1.3342034849572535,0.0,6.88272921108742,0.0,0.0,0.0937447593493208,0.1594834814690592,0.4710641904908684,0.0529739776951672,0.0286768405165185,0.2496350364963503,0.0945832634579909,23.01201094588326,0.005466065133704,0.0136655011655011,-5.336047774158524,5121000000.0,12002000000.0,-1874000000.0,41241000000.0,5480000000.0,3897000000.0,0.0,47.90541673654201,199.04180064308684,0.0,1.8787019533711404,0.4521663274207618,0.0,0.0110179246834402,0.1856677524429967,2021-05-27,0.88,amc,5887290000.0,2025-04-25,2021-04-30,0.3749999999999999,215.21387096774197,7519441.983870967
2021-01-31,CRM,USD,1108524,2021-03-17,2022-02-24 16:13:45,2021,Q4,5817000000.0,1479000000.0,4338000000.0,0.7457452295,939000000,574000000.0,2632000000.0,3206000000.0,0.0,4145000000.0,5624000000.0,0.0,0.0,869000000.0,1062000000.0,0.1825683342,193000000.0,0.0331786144,232000000.0,425000000.0,0.0730617157,158000000.0,267000000.0,0.0458999484,0.29,0.28,916000000,939000000,https://www.sec.gov/Archives/edgar/data/1108524/000110852422000008/0001108524-22-000008-index.htm,https://www.sec.gov/Archives/edgar/data/1108524/000110852422000008/crm-20210131.htm,6.350436681222708,0.2914847161572052,2.373362445414847,2.210698689956332,13.063318777292576,45.29803493449781,12.075327510917033,45.29803493449781,6.856986899563319,209269360000.0,209355360000.0,195.9450936329588,35.975478769124976,96.2600551977921,103.3428938271605,5.043485889186128,5.043485889186128,35.99026302217638,197.1331073446328,96.2996136154554,103.38536296296296,0.0012758676186518,0.009676524074045,0.1513749307112043,0.0947346193873395,0.0809792843691148,1.2347134476534296,0.0,8.142322097378278,0.0,0.0,0.098676293622142,0.1614234141309953,0.458997601846126,0.0685372585096596,0.0256145779611483,0.1714614499424626,0.0931751762076671,17.236093212953694,0.0024574760689253,0.0074437536591485,-7.644650655021835,4161000000.0,11061000000.0,-2919000000.0,40256000000.0,5551000000.0,3930000000.0,0.0,120.46415678184631,265.0101419878296,0.0,0.7471101977909067,0.339609644087256,0.0,0.0064348203311401,0.1626637554585152,2021-02-25,0.75,amc,5676990000.0,2025-04-25,2021-01-31,0.3866666666666667,280.985625,5312260.921875
2020-10-31,CRM,USD,1108524,2020-12-04,2020-12-04 08:43:26,2021,Q3,5419000000.0,1394000000.0,4025000000.0,0.7427569662,902000000,522000000.0,2377000000.0,2899000000.0,0.0,3801000000.0,5195000000.0,0.0,0.0,670000000.0,894000000.0,0.1649750877,224000000.0,0.0413360399,1026000000.0,1250000000.0,0.2306698653,169000000.0,1081000000.0,0.1994832995,1.19,1.15,911000000,939000000,https://www.sec.gov/Archives/edgar/data/1108524/000110852420000047/0001108524-20-000047-index.htm,https://www.sec.gov/Archives/edgar/data/1108524/000110852420000047/crm-20201031.htm,5.94840834248079,1.1866081229418222,0.3721185510428101,0.2360043907793633,10.419319429198683,44.24807903402854,10.536772777167949,44.24807903402854,6.410537870472009,211597970000.0,213713970000.0,48.93570074005551,39.04742018822661,624.182802359882,984.1766046511628,5.249267427437361,5.249267427437361,39.437898136187485,239.0536577181208,630.4246902654867,994.0184651162792,0.0051087446632876,0.0010160778007463,0.1448772016869263,0.0987554112554112,2.3668903803131998,1.2216772927905837,0.0,0.3135985198889917,0.0,0.0,0.0963277357446023,0.1664513747923971,0.519328327922078,0.3657817109144542,0.0228824506366488,0.1850746268656716,0.104447315002768,34.37099685989446,0.0040639268256865,0.0380299032541776,-7.515916575192096,2712000000.0,9599000000.0,-3880000000.0,38949000000.0,3380500000.0,1752500000.0,0.0,55.07289167743126,226.29124820659973,0.0,1.6341978287092882,0.3977175463623395,0.0,0.0268171669560903,0.1361141602634467,2020-12-01,0.74,amc,4291848000.0,2025-04-25,2020-10-31,1.351351351351351,253.95734375,6152773.328125
2020-07-31,CRM,USD,1108524,2020-08-28,2020-08-28 07:59:20,2021,Q2,5151000000.0,1311000000.0,3840000000.0,0.7454863133,898000000,489000000.0,2275000000.0,2764000000.0,0.0,3662000000.0,4973000000.0,0.0,0.0,649000000.0,827000000.0,0.1605513493,178000000.0,0.0345563968,661000000.0,839000000.0,0.162880994,-1786000000.0,2625000000.0,0.5096097845,2.9,2.85,904000000,922000000,https://www.sec.gov/Archives/edgar/data/1108524/000110852420000041/0001108524-20-000041-index.htm,https://www.sec.gov/Archives/edgar/data/1108524/000110852420000041/crm-20200731.htm,5.698008849557522,2.9037610619469025,0.4745575221238938,0.3484513274336283,10.268805309734514,42.52212389380531,8.255530973451327,42.52212389380531,6.467920353982301,176144400000.0,177939400000.0,16.775657142857142,34.19615608619686,410.593006993007,559.1885714285714,4.582320499479708,4.582320499479708,34.54463211026985,215.16251511487303,414.7771561771562,564.8869841269841,0.0149025458657783,0.0017883055038933,0.1521071800208116,0.1011941848390446,2.17049576783555,1.1452595849726144,0.0,0.1634285714285714,0.0,0.0,0.0949330227140361,0.1743350805668802,0.5361197646244376,0.2657342657342657,0.0221316249271986,0.1756548536209553,0.1122112211221122,52.70831975853111,0.0122172909717605,0.0979367981196134,-8.266869469026549,1883000000.0,7463000000.0,-4494000000.0,38373000000.0,3260500000.0,1494500000.0,0.0,60.19219569015725,0.0,0.0,1.495210449927431,0.0,0.0,0.0682882414151925,0.1261061946902655,2020-08-25,0.67,amc,4281288245.0,2025-04-25,2020-07-31,1.1492537313432831,230.4709523809524,5754778.825396826
2020-04-30,CRM,USD,1108524,2020-06-01,2022-02-24 16:11:16,2021,Q1,4865000000.0,1254000000.0,3611000000.0,0.7422404933,859000000,502000000.0,2390000000.0,2892000000.0,0.0,3751000000.0,5005000000.0,0.0,0.0,658000000.0,518000000.0,0.1064748201,-140000000.0,-0.0287769784,187000000.0,47000000.0,0.0096608428,-52000000.0,99000000.0,0.0203494347,0.11,0.11,896000000,913000000,https://www.sec.gov/Archives/edgar/data/1108524/000110852422000007/0001108524-22-000007-index.htm,https://www.sec.gov/Archives/edgar/data/1108524/000110852422000007/crm-20200430.htm,5.4296875,0.1104910714285714,2.0747767857142856,1.7142857142857142,10.939732142857142,38.57700892857143,4.719866071428571,38.57700892857143,6.514508928571429,145107200000.0,145172200000.0,366.4323232323232,29.82676258992806,78.05658956428186,94.47083333333332,4.198096340228554,4.198096340228554,29.840123329907502,280.25521235521234,78.0915545992469,94.51315104166666,0.0006822542230847,0.0105852776430115,0.1688702444669463,0.1088525446170486,0.1254826254826254,1.1456046095149108,0.0,18.77777777777778,0.0,0.0,0.103186022610483,0.1765673175745118,0.565727393096246,0.1737493275954814,0.0663926002055498,0.4908814589665654,0.1035971223021582,9.793076054188338,-0.0071021053181753,0.0042512990080302,-7.755580357142857,1870000000.0,4229000000.0,-4345000000.0,37707000000.0,4625000000.0,3211000000.0,0.0,56.90441932168551,214.52153110047848,0.0,1.5815994798439532,0.4195383071261291,0.0,0.0028641689570374,0.3604910714285714,2020-05-28,0.69,amc,4795500000.0,2025-04-25,2020-04-30,0.0144927536231884,222.62360655737703,7488206.393442623
2020-01-31,CRM,USD,1108524,2020-03-05,2020-03-05 16:29:57,2020,Q4,4851000000.0,1220000000.0,3631000000.0,0.7485054628,831000000,490000000.0,2346000000.0,2836000000.0,0.0,3667000000.0,4887000000.0,0.0,0.0,633000000.0,597000000.0,0.1230674088,-36000000.0,-0.0074211503,32000000.0,-4000000.0,-0.0008245723,244000000.0,-248000000.0,-0.0511234797,-0.28,-0.28,889000000,889000000,https://www.sec.gov/Archives/edgar/data/1108524/000110852420000014/0001108524-20-000014-index.htm,https://www.sec.gov/Archives/edgar/data/1108524/000110852420000014/crm-20200131.htm,5.456692913385827,-0.2789651293588301,1.8357705286839143,1.6827896512935885,8.9392575928009,38.11586051743532,4.529808773903262,38.11586051743532,6.600674915635546,162073590000.0,163796590000.0,-163.38063508064516,33.41034632034632,99.30979779411764,108.33796122994652,4.783048251438689,4.783048251438689,33.76553081838796,274.3661474036851,100.36555759803922,109.48969919786096,-0.0015301691040471,0.0092303749179616,0.1731739707835325,0.1064470485796176,2.886097152428811,1.0753115527113506,0.0,-6.580645161290323,0.0,0.0,0.101010101010101,0.1713048855905998,0.5416318978340529,0.0833333333333333,0.0280354566068851,0.2148499210110584,0.1053391053391053,,-0.0543978942750603,-0.0098147854994459,-9.745219347581552,1118000000.0,4027000000.0,-5278000000.0,36391000000.0,4373500000.0,3157000000.0,0.0,114.54545454545456,253.2540983606557,0.0,0.7857142857142857,0.3553743081852607,0.0,-0.007318872657518,0.1529808773903262,2020-02-25,0.55,amc,4116000000.0,2025-04-25,2020-01-31,0.1999999999999999,243.18359375,8185038.21875
2019-10-31,CRM,USD,1108524,2019-12-04,2019-12-04 16:20:21,2020,Q3,4513000000.0,1134000000.0,3379000000.0,0.7487259029,774000000,477000000.0,2063000000.0,2540000000.0,0.0,3314000000.0,4448000000.0,0.0,0.0,608000000.0,673000000.0,0.1491247507,65000000.0,0.0144028363,-1000000.0,64000000.0,0.0141812542,173000000.0,-109000000.0,-0.0241524485,-0.12,-0.12,879000000,879000000,https://www.sec.gov/Archives/edgar/data/1108524/000110852419000076/0001108524-19-000076-index.htm,https://www.sec.gov/Archives/edgar/data/1108524/000110852419000076/crm-20191031.htm,5.134243458475541,-0.124004550625711,0.3390216154721274,0.1456200227531285,7.427758816837315,37.86006825938566,3.118316268486917,37.86006825938566,6.93287827076223,137554710000.0,139780710000.0,-315.4924541284404,30.479660979392865,461.5929865771813,1074.646171875,4.133378707292888,4.133378707292888,30.972902725459782,207.6979346210996,469.0627852348993,1092.036796875,-0.0007924119792044,0.0009305388379649,0.1831184831274978,0.1220215449921909,3.3075780089153044,1.0527019285850678,0.0,-2.7339449541284404,0.0,0.0,0.1056946598714823,0.1715045424329714,0.611469304393096,0.5704697986577181,0.037668956348327,0.2796052631578947,0.1203190782184799,,-0.002753603586797,-0.0056173984745413,-9.333617747440274,552000000.0,2741000000.0,-5637000000.0,36605000000.0,2452500000.0,2614000000.0,0.0,51.311766009306446,228.65079365079364,0.0,1.753983676642052,0.3936133287053107,0.0,-0.0032753388022476,0.1934015927189988,2019-12-03,0.66,amc,3971440000.0,2025-04-25,2019-10-31,0.1363636363636363,218.90359375,7843383.328125
2019-07-31,CRM,USD,1108524,2019-08-23,2019-08-23 16:38:05,2020,Q2,3997000000.0,967000000.0,3030000000.0,0.7580685514,607000000,375000000.0,1824000000.0,2199000000.0,0.0,2806000000.0,3773000000.0,31000000.0,34000000.0,457000000.0,619000000.0,0.1548661496,58000000.0,0.0145108832,106000000.0,164000000.0,0.0410307731,73000000.0,91000000.0,0.0227670753,0.12,0.11,776000000,795000000,https://www.sec.gov/Archives/edgar/data/1108524/000110852419000052/0001108524-19-000052-index.htm,https://www.sec.gov/Archives/edgar/data/1108524/000110852419000052/crmq2fy2010-q.htm,5.150773195876289,0.1172680412371134,0.5618556701030928,0.3324742268041237,7.786082474226804,22.121134020618555,2.112113402061856,22.121134020618555,7.801546391752577,119892000000.0,122402000000.0,329.3736263736264,29.99549662246685,274.9816513761468,464.6976744186047,6.984271233834324,6.984271233834324,30.62346760070053,197.74151857835216,280.73853211009174,474.4263565891473,0.0007590164481366,0.0021519367430687,0.3506932308050798,0.1805855531557475,4.054927302100162,0.9713585090730752,1.7058823529411764,4.791208791208791,0.0,0.0,0.0938203652739554,0.1518638979234425,0.4657727381809455,0.4082568807339449,0.0445334000500375,0.3894967177242888,0.0970728046034525,7.639849230985269,0.0013495587214017,0.0051097759559773,-10.797680412371134,-292000000.0,1639000000.0,-6267000000.0,20422000000.0,2242500000.0,2287500000.0,0.0,52.50938203652739,218.43846949327812,0.0,1.7139794168096054,0.412015338730294,0.0,0.0053011767447279,0.229381443298969,2019-08-22,0.47,amc,2846348484.0,2025-04-25,2019-07-31,0.4042553191489363,168.4961904761905,6802114.619047619
2019-04-30,CRM,USD,1108524,2019-06-05,2019-06-05 16:17:30,2020,Q1,3737000000.0,914000000.0,2823000000.0,0.7554187851,554000000,362000000.0,1697000000.0,2059000000.0,0.0,2613000000.0,3527000000.0,0.0,0.0,437000000.0,210000000.0,0.0561948087,210000000.0,0.0561948087,272000000.0,482000000.0,0.1289804656,90000000.0,392000000.0,0.1048969762,0.51,0.49,771000000,793000000,https://www.sec.gov/Archives/edgar/data/1108524/000110852419000025/0001108524-19-000025-index.htm,https://www.sec.gov/Archives/edgar/data/1108524/000110852419000025/crmq1fy2010-q.htm,4.846952010376135,0.5084306095979247,2.54863813229572,2.342412451361868,8.273670557717251,21.330739299610897,1.4539559014267185,21.330739299610897,8.081712062256809,127484850000.0,129605850000.0,81.30411352040817,34.114222638480065,64.87778625954199,70.58961794019933,7.751723823422109,7.751723823422109,34.68179020604763,617.1707142857143,65.95717557251908,71.7640365448505,0.0030748751714419,0.0141663891827146,0.3788763225100328,0.1879411232430476,10.1,0.9568077803203662,0.0,5.012755102040816,0.0,0.0,0.0968691463740968,0.1482472571581482,0.4622368341678229,0.0809160305343511,0.0425474979930425,0.3638443935926773,0.0917848541610917,15.621044064616823,0.0073170978853835,0.0219866509619159,-11.302529182879375,-453000000.0,1121000000.0,-6673000000.0,19969000000.0,3538500000.0,2459500000.0,0.0,51.85175274284185,219.38730853391684,0.0,1.735717603344171,0.4102333931777379,0.0,0.0238355831205156,0.2062256809338521,2019-06-04,0.61,amc,2451150537.0,2025-04-25,2019-04-30,0.5245901639344264,171.45290322580644,7258196.419354838
2019-01-31,CRM,USD,1108524,2019-03-08,2019-03-08 08:04:49,2019,Q4,3603000000.0,946000000.0,2657000000.0,0.7374410214,518000000,359000000.0,1643000000.0,2002000000.0,0.0,2520000000.0,3466000000.0,16000000.0,41000000.0,273000000.0,729000000.0,0.2023313905,137000000.0,0.038023869,102000000.0,239000000.0,0.0663336109,-123000000.0,362000000.0,0.100471829,0.47,0.46,766000000,786000000,https://www.sec.gov/Archives/edgar/data/1108524/000110852419000009/0001108524-19-000009-index.htm,https://www.sec.gov/Archives/edgar/data/1108524/000110852419000009/crmq4fy1910-k.htm,4.703655352480418,0.4725848563968668,1.737597911227154,1.5195822454308094,5.668407310704961,20.37206266318538,0.1775456919060052,20.37206266318538,4.199738903394256,116409020000.0,116916020000.0,80.39296961325967,32.30891479322786,87.45981968444778,100.00774914089348,7.459725728933035,7.459725728933035,32.44963086316958,160.37862825788753,87.84073628850489,100.44331615120277,0.0031097246587936,0.0099992251459551,0.2035245113745594,0.1033282363275531,0.6954732510288066,0.9491781430475345,3.341463414634146,3.6767955801104977,0.0,0.0,0.099639189564252,0.1437690813211213,0.5032696749845463,0.1254695717505634,0.0463502636691645,0.6117216117216118,0.0913127948931446,14.717995343601054,0.0106495394483257,0.0237097196751375,-9.265013054830288,-572000000.0,136000000.0,-4449000000.0,16948000000.0,3497000000.0,1425500000.0,0.0,122.99750208159864,256.014799154334,0.0,0.7317221770917953,0.3515421776291341,0.0,0.0231976930471002,0.2180156657963446,2019-03-04,0.56,amc,2830928571.0,2025-04-25,2019-01-31,0.2499999999999998,156.7596875,4754061.625
2018-10-31,CRM,USD,1108524,2018-11-28,2018-11-28 16:36:12,2019,Q3,3392000000.0,889000000.0,2503000000.0,0.7379127358,481000000,342000000.0,1588000000.0,1930000000.0,0.0,2411000000.0,3300000000.0,13000000.0,40000000.0,257000000.0,349000000.0,0.1028891509,92000000.0,0.0271226415,36000000.0,128000000.0,0.0377358491,23000000.0,105000000.0,0.0309551887,0.14,0.13,760000000,785000000,https://www.sec.gov/Archives/edgar/data/1108524/000110852418000087/0001108524-18-000087-index.htm,https://www.sec.gov/Archives/edgar/data/1108524/000110852418000087/crmq3fy1910-q.htm,4.463157894736842,0.1381578947368421,0.1881578947368421,0.0092105263157894,4.539473684210527,19.332894736842107,-0.506578947368421,19.332894736842107,5.830263157894737,104302400000.0,106588400000.0,248.3390476190476,30.74952830188679,729.3874125874127,14900.342857142858,7.098781732797931,7.098781732797931,31.42346698113208,305.410888252149,745.3734265734266,15226.914285714283,0.0010066882449493,6.711254966328675e-05,0.2988497924181583,0.165149691590191,6.5501432664756445,0.856394913986537,2.3,1.361904761904762,0.0,0.0,0.1008254716981132,0.1418042452830188,0.5670979389198134,0.951048951048951,0.0400943396226415,0.53125,0.1034787735849056,7.752246178382709,0.0039159791407222,0.0091225021720243,-9.06907894736842,-1152000000.0,-385000000.0,-5025000000.0,15924000000.0,2044500000.0,180500000.0,0.0,54.923349056603776,16.197975253093365,0.0,1.6386473429951691,5.55625,0.0,0.0071462601238685,0.1789473684210526,2018-11-27,0.5,amc,2780327868.0,2025-04-25,2018-10-31,0.2199999999999999,151.97203125,6375950.171875
2018-07-31,CRM,USD,1108524,2018-08-31,2018-08-31 16:29:15,2019,Q2,3281000000.0,849000000.0,2432000000.0,0.7412374276,463000000,350000000.0,1504000000.0,1854000000.0,0.0,2317000000.0,3166000000.0,12000000.0,39000000.0,253000000.0,705000000.0,0.2148735142,115000000.0,0.0350502895,116000000.0,231000000.0,0.0704053642,-68000000.0,299000000.0,0.0911307528,0.4,0.39,747000000,774000000,https://www.sec.gov/Archives/edgar/data/1108524/000110852418000057/0001108524-18-000057-index.htm,https://www.sec.gov/Archives/edgar/data/1108524/000110852418000057/crmq2fy1910-q.htm,4.392235609103079,0.4002677376171352,0.6131191432396251,0.3855421686746988,4.587684069611781,18.10977242302544,-1.178045515394913,18.10977242302544,5.9397590361445785,102451050000.0,104530050000.0,85.66141304347826,31.22555623285584,223.69224890829696,355.7328125,7.573259166173861,7.573259166173861,31.859204510819872,148.2695744680851,228.2315502183406,362.9515625,0.0029184669166397,0.0028110985685359,0.3251034890597279,0.1703132866049645,2.948936170212766,0.8031644822293069,2.948717948717949,1.5317725752508362,0.0,0.0,0.1066747942700396,0.1411155135629381,0.5579522131433219,0.37117903930131,0.0518134715025906,0.6746031746031746,0.1069795793965254,12.7709454161321,0.0082412143645672,0.0261936049058256,-9.84437751004016,-1667000000.0,-880000000.0,-5493000000.0,14727000000.0,1908000000.0,167500000.0,0.0,55.38250533373972,21.307420494699645,0.0,1.6250619118375431,4.223880597014926,0.0,0.0221023063276167,0.2275769745649263,2018-08-29,0.47,amc,2171929577.0,2025-04-25,2018-07-31,0.5106382978723404,156.71079365079365,5780170.698412699
2018-04-30,CRM,USD,1108524,2018-05-31,2018-05-31 16:19:40,2019,Q1,3006000000.0,767000000.0,2239000000.0,0.744843646,424000000,295000000.0,1329000000.0,1624000000.0,0.0,2048000000.0,2815000000.0,20000000.0,34000000.0,197000000.0,191000000.0,0.0635395875,191000000.0,0.0635395875,194000000.0,385000000.0,0.128077179,41000000.0,344000000.0,0.1144377911,0.47,0.46,729000000,754000000,https://www.sec.gov/Archives/edgar/data/1108524/000110852418000035/0001108524-18-000035-index.htm,https://www.sec.gov/Archives/edgar/data/1108524/000110852418000035/crmq1fy1910-q.htm,4.1234567901234565,0.4718792866941015,2.010973936899863,1.8436213991769548,9.820301783264746,15.171467764060356,3.6090534979423854,15.171467764060356,5.517146776406036,88201710000.0,86267710000.0,64.10007994186046,29.34188622754491,60.16487721691677,65.62627232142857,7.974838155515371,7.974838155515371,28.698506320691948,451.6634031413613,58.8456412005457,64.18728422619047,0.0039001511421944,0.0152377998113642,0.3605786618444846,0.1736706876279231,-10.12565445026178,1.2857504749841673,5.617647058823529,4.261627906976744,0.0,0.0,0.0981370592149035,0.1410512308715901,0.3670687627923181,0.0832196452933151,0.040585495675316,0.6740331491712708,0.0838323353293413,12.691720970722036,0.0112490765447063,0.0236686390532544,-4.658779149519891,2256000000.0,2631000000.0,-1752000000.0,12635000000.0,2859000000.0,105000000.0,0.0,53.80239520958084,15.723598435462842,0.0,1.672787979966611,5.723880597014926,0.0,0.0311030741410488,0.1673525377229081,2018-05-29,0.46,amc,1868594594.0,2025-04-25,2018-04-30,0.608695652173913,154.9967213114754,5730983.229508197
2018-01-31,CRM,USD,1108524,2018-03-09,2018-03-09 17:01:46,2018,Q4,2851003000.0,737792000.0,2113211000.0,0.7412166876,396547000,274490000.0,1364305000.0,1638795000.0,0.0,2035342000.0,2773134000.0,12047000.0,21561000.0,187689000.0,297467000.0,0.1043376664,77869000.0,0.0273128439,10348000.0,88217000.0,0.0309424438,20662000.0,67555000.0,0.0236951697,0.09,0.09,724127000,749464000,https://www.sec.gov/Archives/edgar/data/1108524/000110852418000011/0001108524-18-000011-index.htm,https://www.sec.gov/Archives/edgar/data/1108524/000110852418000011/crmq4fy1810-k.htm,3.9371588133020863,0.0932916463548521,1.4518447730853845,1.261603282297166,6.243379959592724,14.328978204099558,2.884853071353506,14.328978204099558,3.4821557544463886,82485306570.0,82442268570.0,305.2524112574939,28.93203078705985,78.45880090743066,90.28987289299783,7.949624765805705,7.949624765805705,28.9169350470694,277.14761156699734,78.41786379979455,90.24276273833932,0.000818994349529,0.0110754392265575,0.2409369699306091,0.1137173398835516,-0.1446815949332194,0.9520214562431708,3.6115671814850887,15.56243061209385,0.0,0.0,0.0962783974622264,0.1390903482037725,0.3769559679767103,0.1310343187611764,0.048319486159783,0.7339748200480583,0.0833678533484531,5.484287944936233,0.0045713142313722,0.0049321019201284,-5.725860242747474,-483000000.0,2089000000.0,-2024000000.0,9751000000.0,2737007500.0,98009500.0,0.0,123.7774916406612,9.27090562109646,0.0,0.7271111961234379,9.70778947368421,0.0,0.0065106977640709,0.1902414907882181,2018-02-28,0.33,amc,2783142857.0,2025-04-25,2018-01-31,0.0606060606060604,137.55428571428573,7316400.444444444
2017-10-31,CRM,USD,1108524,2017-11-22,2017-11-22 16:19:37,2018,Q3,2679841000.0,714000000.0,1987000000.0,0.7414619002,394000000,271000000.0,1167000000.0,1438000000.0,0.0,1832000000.0,2546000000.0,10000000.0,21000000.0,188000000.0,355000000.0,0.1324705458,155000000.0,0.0578392524,-9000000.0,146000000.0,0.0544808442,39000000.0,107000000.0,0.039927742,0.07,0.07,717000000,738000000,https://www.sec.gov/Archives/edgar/data/1108524/000110852417000040/0001108524-17-000040-index.htm,https://www.sec.gov/Archives/edgar/data/1108524/000110852417000040/crmq3fy1810-q.htm,3.7375746164574615,0.1492329149232915,0.175442119944212,0.0202426778242677,5.060899581589959,12.329382147838215,0.6731924686192469,12.329382147838215,3.639096234309624,73377780000.0,73894175000.0,171.44341121495327,27.38139314981747,583.3262846603918,5055.655229433651,8.300497038121565,8.300497038121565,27.574089283655265,208.1526056338028,587.4314344314424,5091.234325478848,0.0014582071030221,0.0001977982980678,0.2927808942975851,0.1479832288509869,1.4546338028169017,0.8239750769215419,7.380952380952381,2.4476008872631048,0.0,0.0,0.1011254025891834,0.1470236480447907,0.4778428129021575,0.8846190536759094,0.0415241053480411,0.5933371012978149,0.0937656375882002,6.434195119462458,0.0098388969929786,0.0117163359009993,-5.378581241283124,-1270274000.0,482679000.0,-2703699000.0,8952105000.0,1579485500.0,134149000.0,0.0,52.15658317041944,15.12844537815126,0.0,1.7255731593062529,5.949058065806248,0.0,0.0121038437396035,0.1551994421199442,2017-11-21,0.37,amc,2562487179.0,2025-04-25,2017-10-31,0.0540540540540541,148.39126984126983,4951553.253968254
2017-07-31,CRM,USD,1108524,2017-08-25,2017-08-25 16:19:47,2018,Q2,2561589000.0,670000000.0,1907000000.0,0.7444597865,387000000,283000000.0,1153000000.0,1436000000.0,0.0,1823000000.0,2493000000.0,8000000.0,22000000.0,192000000.0,277000000.0,0.1081360046,84000000.0,0.0327921458,-21000000.0,63000000.0,0.0245941094,17000000.0,46000000.0,0.0179576037,0.02,0.02,712000000,729000000,https://www.sec.gov/Archives/edgar/data/1108524/000110852417000020/0001108524-17-000020-index.htm,https://www.sec.gov/Archives/edgar/data/1108524/000110852417000020/crmq2fy1810-q.htm,3.5977373595505617,0.0646067415730337,0.4652654494382022,0.2849452247191011,4.917478932584269,11.894012640449438,0.0518314606741573,11.894012640449438,3.6574311797752808,64649600000.0,65282581000.0,351.3565217391304,25.2380846419937,195.15740983913372,318.65773532267684,7.634093114312425,7.634093114312425,25.485189466382,235.67718772563177,197.0681862776173,321.7776972708139,0.0007115279908924,0.0031381632678315,0.3049040229735077,0.1482358460567009,2.285129963898917,0.7721496349079913,3.8181818181818175,18.67777401894452,0.0,0.0,0.1104783007734652,0.1510781003509931,0.4840535253771456,0.3875641849976907,0.0501204525784581,0.6677936304009737,0.1001273037946368,4.158094698401907,0.0054948179089016,0.0051184076856229,-5.961452247191011,-1714844000.0,36904000.0,-3138925000.0,8583365000.0,1539759000.0,138172000.0,0.0,56.42436784355336,19.91807462686567,0.0,1.5950555307866467,4.518509026901989,0.0,0.0054318709359125,0.1803202247191011,2017-08-22,0.31,amc,2498909090.0,2025-04-25,2017-07-31,0.0645161290322581,127.580625,4997478.9375
2017-04-30,CRM,USD,1108524,2017-05-22,2017-05-22 16:06:44,2018,Q1,2387579000.0,651000000.0,1746000000.0,0.731284703,376000000,260000000.0,1106000000.0,1366000000.0,0.0,1742000000.0,2393000000.0,6000000.0,22000000.0,185000000.0,197000000.0,0.0825103588,4000000.0,0.0016753372,-14000000.0,-10000000.0,-0.0041883431,-11000000.0,1000000.0,0.0004188343,-0.01,-0.01,706000000,722000000,https://www.sec.gov/Archives/edgar/data/1108524/000110852417000012/0001108524-17-000012-index.htm,https://www.sec.gov/Archives/edgar/data/1108524/000110852417000012/crmq1fy1810-q.htm,3.381839943342776,0.0014164305949008,1.7416203966005666,1.5198045325779037,4.560269121813032,11.238651558073654,-0.8121671388101983,11.238651558073654,3.622515580736544,61181960000.0,61692552000.0,15295.489999999998,25.62510392326285,49.75825970409504,57.02049055808951,7.710889473901782,7.710889473901782,25.838957370625224,313.1601624365482,50.17351559551848,57.49635315410696,1.634468722479633e-05,0.0175375551878364,0.319553826283435,0.1486315964717599,2.5918375634517767,0.7087054933979275,0.1818181818181818,-133.54882154882154,0.0,0.0,0.1088969202694444,0.1574817000819658,0.4987345630704856,0.1273617743887363,0.0655902904155213,0.8460034142230481,0.1053657282125533,0.5984749978290043,-3.782045627165756e-05,0.0001169446753452,-6.798470963172805,-2221372000.0,-573390000.0,-3719951000.0,8132919000.0,2352191000.0,121661000.0,0.0,55.54604894749032,17.70483870967742,0.0,1.620277260135644,5.083356108226291,0.0,0.0001260320766758,0.2218158640226629,2017-05-18,0.26,amc,2225785714.0,2025-04-25,2017-04-30,0.0769230769230769,114.83426229508196,6061177.983606557
2017-01-31,CRM,USD,1108524,2017-03-06,2017-03-06 16:38:50,2017,Q4,2293988000.0,625957000.0,1668031000.0,0.7271315282,344192000,257941000.0,1089243000.0,1347184000.0,0.0,1691376000.0,2317333000.0,3940000.0,24323000.0,180766000.0,181620000.0,0.0791721666,-23345000.0,-0.0101766007,-124000.0,-23469000.0,-0.0102306551,27971000.0,-51440000.0,-0.0224238313,-0.07,-0.07,700994000,700994000,https://www.sec.gov/Archives/edgar/data/1108524/000110852417000006/0001108524-17-000006-index.htm,https://www.sec.gov/Archives/edgar/data/1108524/000110852417000006/crm-2017131x10k.htm,3.2724787943976694,-0.0733815125379104,1.00734956361966,0.8019640681660614,3.1510783259200505,10.699274173530728,-1.5092525756283222,10.699274173530728,4.017696299825676,55448625399.99999,56634134399.99999,-269.4820441290824,24.17127962308433,78.52289101687185,98.63284795400696,7.3930248647789565,7.3930248647789565,24.688069161652106,311.82763131813675,80.20173505195808,100.74164917498558,-0.0009277055946638,0.0101386102170172,0.3722680962602366,0.1587756739111112,6.527414381676027,0.821993687586235,-0.9597911441845168,-13.727566096423017,0.0,0.0,0.1124421749372708,0.1500408894902676,0.4866728162528775,0.2038870148666139,0.0627614442621321,0.7964661496077802,0.1065336871858091,,-0.0049240151253351,-0.0056985744369085,-7.778660017061487,-1298639000.0,-1057977000.0,-4087969000.0,9046999000.0,2269037000.0,127899000.0,0.0,126.7547171127312,16.571633514762194,0.0,0.7100327471044503,5.430967316518736,0.0,-0.0068585505285443,0.2053854954535987,2017-02-28,0.25,amc,2088392857.0,2025-04-25,2017-01-31,0.1200000000000001,101.90984126984128,4269862.571428572
2016-10-31,CRM,USD,1108524,2016-11-21,2016-11-21 17:18:34,2017,Q3,2144775000.0,585522000.0,1559253000.0,0.7270007343,311459000,246765000.0,997993000.0,1244758000.0,0.0,1556217000.0,2141739000.0,3642000.0,21946000.0,169346000.0,178706000.0,0.0833215605,3036000.0,0.0014155331,-15622000.0,-12586000.0,-0.0058682146,24723000.0,-37309000.0,-0.0173952979,-0.05,-0.05,690468000,690468000,https://www.sec.gov/Archives/edgar/data/1108524/000110852416000128/0001108524-16-000128-index.htm,https://www.sec.gov/Archives/edgar/data/1108524/000110852416000128/crmq3fy1710-q.htm,3.106262708771442,-0.0540343650972963,0.2234889958694682,0.0197822346582318,1.7391204226698411,9.85713602947566,-1.567962599280488,9.85713602947566,3.6752492512324975,51895574880.0,53265534880.0,-347.7416634056126,24.19627927404973,336.302911503966,3799.3685394245554,7.624932817732257,7.624932817732257,24.83502226573883,298.0623755218068,345.180769350407,3899.66577933963,-0.0007189244957064,0.0002632016319615,0.3696271413158641,0.174850839284668,7.665998903226528,0.6032626849700957,0.1383395607399981,-4.136052963092015,0.0,0.0,0.1150540266461516,0.1452175636138989,0.5482934726952643,0.9114845248587278,0.0655793731277173,0.8305658238163287,0.095465025468872,,0.0009542035577502,-0.0057407258096779,-7.821339294507493,-1973980000.0,-1082628000.0,-4580078000.0,7671358000.0,1329558500.0,120972500.0,0.0,54.85557226282477,21.60241630545052,0.0,1.6406719734649884,4.166200610498004,0.0,-0.0054817509807836,0.2037067612112364,2016-11-17,0.21,amc,1876700000.0,2025-04-25,2016-10-31,0.1428571428571428,91.99460317460316,3915316.253968254
2016-07-31,CRM,USD,1108524,2016-09-01,2016-08-31 18:25:50,2017,Q2,2036618000.0,525579000.0,1511039000.0,0.7419354047,291506000,252051000.0,934931000.0,1186982000.0,0.0,1478488000.0,2004067000.0,6546000.0,20708000.0,149361000.0,194352000.0,0.0954287942,32551000.0,0.0159828696,-8268000.0,24283000.0,0.0119231982,-205339000.0,229622000.0,0.1127467203,0.34,0.33,681126000,695968000,https://www.sec.gov/Archives/edgar/data/1108524/000110852416000085/0001108524-16-000085-index.htm,https://www.sec.gov/Archives/edgar/data/1108524/000110852416000085/crmq2fy1710-q.htm,2.990075257734986,0.3371211787540044,0.3680346954895276,0.227047565355015,1.724031970589876,9.00358523973538,-1.9621156731647305,9.00358523973538,3.722833954363803,55184828520.0,56584613520.0,60.08225313776555,27.096307957604225,220.14228819441675,356.8415273395065,8.998637525242247,8.998637525242247,27.783616525042987,291.14500246974563,225.7262843967161,365.8929538047696,0.0041609624630215,0.0028023644205753,0.4101067805763842,0.1748804733698186,7.2023184736972095,0.6097359496556609,1.5719045779408924,1.0916985306285982,0.0,0.0,0.123759585744602,0.1431323890881844,0.5193561589712873,0.383081084099921,0.0471516995332458,0.642938919798341,0.089516050629033,8.264032523726796,0.0341072807283884,0.0332193817099687,-8.897851131802339,-2098097000.0,-1336448000.0,-4970739000.0,7099170000.0,1286472500.0,77993500.0,0.0,59.740054344997446,17.364392412938873,0.0,1.5065269187780124,5.183020393672834,0.0,0.0374429929608699,0.1409871301345125,2016-08-31,0.22,amc,1866883333.0,2025-04-25,2016-07-31,0.0909090909090908,87.08380952380952,4765155.349206349
2016-04-30,CRM,USD,1108524,2016-05-20,2016-05-20 16:56:10,2017,Q1,1916603000.0,496981000.0,1419622000.0,0.7406969518,260970000,210806000.0,895860000.0,1106666000.0,0.0,1367636000.0,1864617000.0,7773000.0,22011000.0,132772000.0,191938000.0,0.1001448918,51986000.0,0.0271240314,-14831000.0,37155000.0,0.0193858613,-1604000.0,38759000.0,0.0202227587,0.06,0.06,677514000,686799000,https://www.sec.gov/Archives/edgar/data/1108524/000110852416000066/0001108524-16-000066-index.htm,https://www.sec.gov/Archives/edgar/data/1108524/000110852416000066/crmq1fy1710-q.htm,2.82887586086782,0.0572076739373651,1.5513509683932731,1.4284000035423623,2.99800742124886,8.242285768264567,1.1354628834238112,8.242285768264567,3.081066959501944,51355561200.0,51621933200.0,331.2492659769344,26.79509590666403,48.86063923916952,53.0663678325537,9.1964780318409,9.1964780318409,26.93407721891284,268.9510842042743,49.11407053056813,53.34161347688117,0.0007547186535272,0.018844327223514,0.3698705863476368,0.1611462503325591,1.3878023111629798,0.7423000084757378,2.3618190904547727,27.11788229830491,0.0,0.0,0.1099893926911311,0.1361627838420372,0.3756628361577777,0.0792541258270206,0.043462835026346,0.6273988491549423,0.0985697090112036,3.25718358807313,0.0069971768488159,0.0048434837093045,-6.326072228765752,-1310431000.0,769292000.0,-3458334000.0,5216013000.0,1872294000.0,63032000.0,0.0,57.339668152455154,9.884623355822455,0.0,1.5695940157991028,9.105051023212356,0.0,0.0069407535173838,0.1229509648509108,2016-05-18,0.23,amc,1836741666.0,2025-04-25,2016-04-30,0.0434782608695651,79.885,4695079.274193549
2016-01-31,CRM,USD,1108524,2016-03-07,2016-03-04 17:53:06,2016,Q4,1809398000.0,443679000.0,1365719000.0,0.7547919253,250860000,203924000.0,890375000.0,1094299000.0,0.0,1345159000.0,1788838000.0,4227000.0,19465000.0,131912000.0,147234000.0,0.0813718154,20560000.0,0.0113628953,-24703000.0,-4143000.0,-0.0022897118,21366000.0,-25509000.0,-0.0140980591,-0.04,-0.04,643029997,669025000,https://www.sec.gov/Archives/edgar/data/1108524/000110852416000053/0001108524-16-000053-index.htm,https://www.sec.gov/Archives/edgar/data/1108524/000110852416000053/crm-2016131x10k.htm,2.81386250787924,-0.0396700000295631,0.7144456746082407,0.6079731922677318,4.238335711731968,7.780148707432695,0.7768362321050475,7.780148707432695,3.2160723599959837,44008972994.68,44899175994.68,-431.3082930992983,24.3224392834965,95.79454734263513,112.57075290560051,8.796747025492772,8.796747025492772,24.814427779117697,304.9511389670864,97.73225657839404,114.84780722270396,-0.0005796317947043,0.0088833020494992,0.4094782413850932,0.1605091938208497,6.04617819253705,1.0203521271567322,1.0562548163370151,-18.00972205888118,0.0,0.0,0.1127026779072376,0.1386427972176381,0.3528455870600144,0.1490281012603121,0.0378385518277349,0.5190202559281946,0.0878590558848854,,0.0176770061233898,-0.0030884136965802,-4.88631092586494,114318000.0,499529000.0,-2028728000.0,6333486000.0,1808209500.0,80118000.0,0.0,125.5199464131164,14.499874909562994,0.0,0.7170175145214633,6.206950098627607,0.0,-0.0050988742659462,0.1064724823405089,2016-02-24,0.19,amc,1809400000.0,2025-04-25,2016-01-31,0.0,72.57222222222222,8009402.73015873
2015-10-31,CRM,USD,1108524,2015-11-20,2015-11-20 17:06:41,2016,Q3,1711967000.0,423683000.0,1288284000.0,0.7525168417,239212000,186818000.0,818820000.0,1005638000.0,0.0,1244850000.0,1668533000.0,3700000.0,18249000.0,134236000.0,195876000.0,0.1144157568,43434000.0,0.0253708161,-43000.0,43391000.0,0.0253456988,68548000.0,-25157000.0,-0.0146947926,-0.04,-0.04,664131000,664131000,https://www.sec.gov/Archives/edgar/data/1108524/000110852415000034/0001108524-15-000034-index.htm,https://www.sec.gov/Archives/edgar/data/1108524/000110852415000034/crmq3fy1610-q.htm,2.577754991108682,-0.0378795749633731,0.1775357572527106,0.0570158598228361,2.0447848391356525,7.152134142209896,0.3219575656007625,7.152134142209896,3.135083289290818,51609620009.99999,52450159009.99999,-512.8753429462972,30.146387173350885,437.7146395888285,1362.954101568689,10.865288381740116,10.865288381740116,30.637365679361807,267.77225903122377,444.8434699381715,1385.1518251201603,-0.0004874478826839,0.0007337004223759,0.4345004183198406,0.1891370445985627,4.291179113316588,0.7389462551716404,2.380075620581949,-4.686846603331081,0.0,0.0,0.1091247670077752,0.1397293288947742,0.4157025415951626,0.6788485840535338,0.0467538217734337,0.5962707470425221,0.0842989380052302,,-0.003624906801567,-0.0039456798906621,-5.999301719088553,-1038205000.0,213822000.0,-3223239000.0,5240069000.0,1094668500.0,94020500.0,0.0,57.45564604925212,18.85360045128079,0.0,1.5664256898765043,4.773624021181905,0.0,-0.0052962618164302,0.1205198974298745,2015-11-18,0.19,amc,1548952380.0,2025-04-25,2015-10-31,0.1052631578947368,77.993125,5266741.078125
2015-07-31,CRM,USD,1108524,2015-08-25,2015-08-24 21:22:07,2016,Q2,1634684000.0,405384000.0,1229300000.0,0.7520107862,234100000,181685000.0,793691000.0,975376000.0,0.0,1209476000.0,1614860000.0,3169000.0,18096000.0,131675000.0,156729000.0,0.095877246,19824000.0,0.0121271145,-12866000.0,6958000.0,0.0042564802,7810000.0,-852000.0,-0.0005212017,-0.0013,-0.0013,659366000,659366000,https://www.sec.gov/Archives/edgar/data/1108524/000110852415000025/0001108524-15-000025-index.htm,https://www.sec.gov/Archives/edgar/data/1108524/000110852415000025/crmq2fy1610-q.htm,2.479175450356858,-0.0012921503383553,0.4616722730623053,0.3632701716497362,1.7751430920004974,6.879036832351076,0.0102386231622497,6.879036832351076,3.092913495691316,48331527800.0,49263442800.0,-14181.78632629108,29.56628180125333,158.7706350953152,201.7781962860292,10.655561495946804,10.655561495946804,30.13637057682096,314.3224470263959,161.83200607073988,205.66882702648545,-1.7628244725175022e-05,0.0049559368574316,0.4456247328201864,0.1872586906568357,5.946027857001576,0.7091639326485767,1.0954907161803713,-357.2899061032864,0.0,0.0,0.1111438051635667,0.1432081062761977,0.4195906661650289,0.2131427576533042,0.0396914633042227,0.4927510917030567,0.0904021817060667,,-0.0003629251071619,-0.0001359952433588,-6.468921661110825,-1196207000.0,6751000.0,-3341387000.0,5058029000.0,1024198500.0,79756500.0,0.0,60.3652816079438,22.042655852229,0.0,1.490923219484433,4.082992566927865,0.0,-0.0001878388457347,0.098402101412569,2015-08-20,0.17,amc,1548663157.0,2025-04-25,2015-07-31,0.1176470588235293,78.48765625,3662705.671875
2015-04-30,CRM,USD,1108524,2015-05-22,2015-05-22 17:13:44,2016,Q1,1511167000.0,381802000.0,1129365000.0,0.7473462562,222128000,139194000.0,736938000.0,876132000.0,0.0,1098260000.0,1480062000.0,3049000.0,16675000.0,127927000.0,162675000.0,0.1076485921,31105000.0,0.0205834299,-13032000.0,18073000.0,0.0119596312,13981000.0,4092000.0,0.002707841,0.01,0.01,653809000,664310000,https://www.sec.gov/Archives/edgar/data/1108524/000110852415000014/0001108524-15-000014-index.htm,https://www.sec.gov/Archives/edgar/data/1108524/000110852415000014/crmq1fy1610-q.htm,2.31132792604568,0.0062587085830877,1.1178448140053134,0.3585053127136518,1.558582093547198,6.477737382018296,-0.4754645469854346,6.477737382018296,3.1437958180447194,47610371379.99999,48707182379.99999,2908.747029569892,31.505698165722247,65.14321047756263,203.12111820268436,11.24157953703754,11.24157953703754,32.23150213047267,299.4140610419548,66.64392949646783,207.800465796906,8.59476597512733e-05,0.004923171006779,0.4813858981493921,0.1966843088568605,6.742345166743507,0.657638613276457,1.8653673163418287,178.60630498533723,0.0,0.0,0.0921102697451704,0.1469910340816071,0.43856892387785,0.6792888348883571,0.328529540414792,3.880830473629491,0.0943376873634747,0.9550921879149088,0.0010995870147251,0.000703139176193,-6.725946339068444,-1356051000.0,-310863000.0,-3525654000.0,4927109000.0,1442509500.0,77882000.0,0.0,56.69629498261939,14.196965966652874,0.0,1.587405315066709,6.339382668902652,0.0,0.0009661874531161,0.7593395012916616,2015-05-20,0.14,amc,1322300000.0,2025-04-25,2015-04-30,0.1428571428571427,68.86524590163934,6140630.75409836
2015-01-31,CRM,USD,1108524,2015-03-06,2015-03-05 18:19:38,2015,Q4,1444608000.0,355923000.0,1088685000.0,0.7536196671,205990000,181371000.0,736140000.0,917511000.0,0.0,1123501000.0,1479424000.0,3078000.0,16882000.0,117938000.0,81322000.0,0.056293472,-34816000.0,-0.0241006557,-18682000.0,-53498000.0,-0.0370328837,12267000.0,-65765000.0,-0.0455244606,-0.1,-0.1,637219000,637219000,https://www.sec.gov/Archives/edgar/data/1108524/000110852415000008/0001108524-15-000008-index.htm,https://www.sec.gov/Archives/edgar/data/1108524/000110852415000008/crm-2015131x10k.htm,2.2670510452450414,-0.1032062760212736,0.521363926687685,0.3693690866091563,1.5621458242770538,6.2383309348905165,-0.920758797211006,6.2383309348905165,3.4752180961333545,35971012550.0,37260488550.0,-136.7407152360678,24.900189220882066,108.27369733582564,152.8281657737425,9.048894742707445,9.048894742707445,25.792802303462253,458.1846062566095,112.15505413532476,158.3066952317425,-0.0018282776974539,0.0065432964855474,0.5528281339500597,0.2060540863695294,15.8564226162662,0.8005607157736391,-2.062314891600521,-5.051668820801338,0.0,0.0,0.125550322301967,0.1425923157008683,0.4277406166846396,0.2915330967452584,0.0670451776537302,0.8212281029015245,0.1050817938153464,,-0.006820571414186,-0.0107754612770736,-6.661336997170517,-875559000.0,-586725000.0,-3175400000.0,4812215000.0,1363818000.0,92165500.0,0.0,120.4299990031898,24.15783750979847,0.0,0.7473221020089538,3.7254990213215824,0.0,-0.0165438924447,0.1519948400785287,2015-02-25,0.14,amc,1444600000.0,2025-04-25,2015-01-31,0.0,78.08953125,3497108.53125
2014-10-31,CRM,USD,1108524,2014-11-26,2014-11-25 18:27:42,2015,Q3,1383655000.0,333211000.0,1050444000.0,0.7591805761,195460000,167383000.0,709643000.0,877026000.0,0.0,1072486000.0,1405697000.0,2720000.0,17682000.0,111954000.0,107787000.0,0.0779001991,-22042000.0,-0.0159302716,193000.0,-21849000.0,-0.015790786,17075000.0,-38924000.0,-0.02813129,-0.06,-0.06,629548000,629548000,https://www.sec.gov/Archives/edgar/data/1108524/000110852414000023/0001108524-14-000023-index.htm,https://www.sec.gov/Archives/edgar/data/1108524/000110852414000023/crm-20141031x10q.htm,2.1978546512736123,-0.0618284864696575,0.1946015236328286,-0.1045988550515608,1.4710617776563504,6.024157014238787,-1.2686403578440404,6.024157014238787,3.7624216104252577,40284776520.0,41789394520.0,-258.7399581235228,29.11475513766076,328.82579131669814,-611.7657785876993,10.622233093983487,10.622233093983487,30.20217794175571,387.703475558277,341.1072844071145,-634.6149509491268,-0.000966221073131,-0.0016346125183866,0.619893336736545,0.2497638553510308,13.95917875068422,0.737271910606852,-1.246578441352788,-3.1474411674031444,0.0,0.0,0.1209716294885647,0.1412635375147706,0.4877648333951826,1.537502754854666,0.1361329233081946,1.6824856637547565,0.1007910208830958,,-0.0062487933063428,-0.0080730113489648,-6.509623571197113,-869197000.0,-798670000.0,-3181012000.0,4831785000.0,814456500.0,86199000.0,0.0,51.684198734511135,23.98318182773078,0.0,1.74134459280887,3.7526296821857335,0.0,-0.0102634254591171,0.2992003786843894,2014-11-19,0.13,amc,1284864285.0,2025-04-25,2014-10-31,0.0769230769230769,70.88875,3732025.453125
2014-07-31,CRM,USD,1108524,2014-08-26,2014-08-26 17:03:45,2015,Q2,1318551000.0,307831000.0,1010720000.0,0.7665384198,203109000,169087000.0,671958000.0,841045000.0,0.0,1044154000.0,1351985000.0,2567000.0,18314000.0,107596000.0,72941000.0,0.0553190586,-33434000.0,-0.0253566225,-19535000.0,-52969000.0,-0.0401721283,8119000.0,-61088000.0,-0.0463296452,-0.1,-0.1,610880000,617016000,https://www.sec.gov/Archives/edgar/data/1108524/000110852414000009/0001108524-14-000009-index.htm,https://www.sec.gov/Archives/edgar/data/1108524/000110852414000009/crm-2014731x10q.htm,2.158445193818753,-0.1,0.4025225903614458,0.2853539156626506,1.3825546752226296,5.41308603981142,-1.6899865767417497,5.41308603981142,3.872310437401781,33140240000.0,34712718000.0,-135.625,25.133832517665223,134.7750444298943,190.11479086950783,10.022009552593396,10.022009552593396,26.326412857750668,475.9013175031875,141.17001297312245,199.13558631688247,-0.0018433179723502,0.0052599800122147,0.7098225869177736,0.2605158500251059,21.558218286011986,0.6579672815951407,-1.8255979032434204,-4.025225903614458,0.0,0.0,0.1282369813530155,0.1540395479583269,0.4815990937895817,0.2910859601534,0.0542838312662915,0.6652291906762333,0.1080056819948564,,-0.0066455415078423,-0.0130789733365619,-6.928962725903615,-1198051000.0,-1032379000.0,-3398395000.0,4331004000.0,759239000.0,60163500.0,0.0,56.94817265316245,24.443152249123703,0.0,1.580384335563085,3.6820128223529975,0.0,-0.018473750327361,0.1171686746987951,2014-08-21,0.12,amc,1217169230.0,2025-04-25,2014-07-31,0.0833333333333334,71.21984126984128,4882343.365079365
2014-04-30,CRM,USD,1108524,2014-05-30,2014-05-29 21:40:13,2015,Q1,1226772000.0,292305000.0,934467000.0,0.7617283407,188358000,162095000.0,639355000.0,801450000.0,0.0,989808000.0,1282113000.0,1764000.0,20359000.0,110808000.0,46398000.0,0.0378212088,-55341000.0,-0.045111072,-29428000.0,-84769000.0,-0.0690992295,12142000.0,-96911000.0,-0.0789967492,-0.16,-0.16,605693750,612512000,https://www.sec.gov/Archives/edgar/data/1108524/000144530514002370/0001445305-14-002370-index.htm,https://www.sec.gov/Archives/edgar/data/1108524/000144530514002370/crm-2014430x10q.htm,2.0253997998163262,-0.16,0.7810663392184581,0.6818445790467542,1.4514331706411037,5.1872039293785015,-2.0269550412233905,5.1872039293785015,3.8192783069001455,31284082187.5,32749145187.5,-80.703125,25.50113809860349,66.12754564699516,75.75040058572989,9.957194801513882,9.957194801513882,26.695380386493987,705.8309665826113,69.22436082052562,79.2978631089448,-0.0030977734753146,0.0132012503203631,0.729808517701474,0.26534691825716,31.575994654942026,0.6069669406188299,-2.7182572817918365,-4.881664620115363,0.0,0.0,0.1321313169847371,0.1535395330183603,0.5056587262351783,0.1270337168427794,0.0489887281418226,0.5423615623420691,0.1068593022990417,,-0.0113252946905123,-0.0226863646546761,-6.781061798970189,-1320573000.0,-1227714000.0,-3460106000.0,4299998000.0,1022496000.0,50855500.0,0.0,50.191844939401946,11.306922563760455,0.0,1.7931199801214637,7.959725512621518,0.0,-0.0308451339446703,0.0992217601717039,2014-05-20,0.1,amc,1115272727.0,2025-04-25,2014-04-30,0.0999999999999999,62.02803278688525,4530726.213114754
2014-01-31,CRM,USD,1108524,2014-03-05,2014-03-05 17:19:50,2014,Q4,1145242000.0,273530000.0,871712000.0,0.7611596501,173090000,162576000.0,639792000.0,802368000.0,0.0,975458000.0,1248988000.0,1483000.0,22743000.0,114813000.0,14409000.0,0.0125816203,-103746000.0,-0.090588714,-19401000.0,-123147000.0,-0.1075292384,-6524000.0,-116623000.0,-0.1018326258,-0.19,-0.19,589579741,607374000,https://www.sec.gov/Archives/edgar/data/1108524/000119312514084762/0001193125-14-084762-index.htm,https://www.sec.gov/Archives/edgar/data/1108524/000119312514084762/d648028d10k.htm,1.9424717648159489,-0.1978070002917552,0.460053121126494,0.3415805971528455,1.4226642160012757,5.198982914170384,-2.2823053548578427,5.198982914170384,4.29340736115965,35687261722.73,37414189722.73,-76.50133704914555,31.161328105963637,131.57176252121755,177.20561561321622,11.64266184353463,11.64266184353463,32.6692434635911,2596.5847541626763,137.938599026427,185.78070164075496,-0.003267916740323,0.0056431620213587,0.8183970781821177,0.2740721277230351,119.85064889999306,0.6733983419878659,-4.561667326210262,-2.3257676444612128,0.0,0.0,0.1419577696242366,0.1511383620230484,0.4819020794434132,0.2575192266570318,0.0609906028594829,0.6083718742651093,0.1192228367454214,,-0.0171020898874157,-0.0245930401504476,-7.171741082602769,-1299936000.0,-1345601000.0,-3407463000.0,4351626000.0,982441000.0,55075000.0,0.0,106.94275096442496,21.38310240193032,0.0,0.8415717679633932,4.208930879546993,0.0,-0.0380472495404074,0.1184725239736485,2014-02-27,0.06,amc,981599999.0,2025-04-25,2014-01-31,0.1666666666666668,58.96203125,4870449.625
2013-10-31,CRM,USD,1108524,2013-11-25,2013-11-25 17:08:28,2014,Q3,1076034000.0,268187000.0,807847000.0,0.7507634517,170690000,153859000.0,581229000.0,735088000.0,0.0,905778000.0,1173965000.0,1258000.0,22929000.0,114347000.0,13235000.0,0.0122997972,-97931000.0,-0.0910110647,-26110000.0,-124041000.0,-0.1152760972,393000.0,-124434000.0,-0.1156413273,-0.21,-0.21,592542857,600467000,https://www.sec.gov/Archives/edgar/data/1108524/000119312513453124/0001193125-13-453124-index.htm,https://www.sec.gov/Archives/edgar/data/1108524/000119312513453124/d596888d10q.htm,1.815959786348416,-0.2100000000506292,0.2326565890912427,0.1099616664520858,1.187326775926353,4.971939101444606,-2.5287521101617125,4.971939101444606,4.186569748827467,31618086849.52,33424129849.52,-63.52380950849447,29.383910591598408,229.3509081708122,485.2600158006047,10.732231210252786,10.732231210252786,31.06233618038092,2525.4348205153005,242.4515617371372,512.9783423042804,-0.0039355322348318,0.0020607508705413,0.8342567615959746,0.3035198923537418,136.4596146581035,0.5815521029073311,-4.271054123598936,-1.1078885192150056,0.0,0.0,0.1429871175074393,0.1586288165615584,0.5488616798437667,0.5273649163275521,0.0675647795515755,0.6358015514180521,0.131534877150722,,-0.0176310196206468,-0.0340620828090145,-6.742079839129678,-1295803000.0,-1498394000.0,-3350661000.0,4354027000.0,601794000.0,56010500.0,0.0,50.5226135977116,15.155768176682688,0.0,1.7813805262852933,5.938333111908242,0.0,-0.0422370418796186,0.1226949226391568,2013-11-18,0.09,amc,1076000000.0,2025-04-25,2013-10-31,0.0,56.32015625,4703801.140625
2013-07-31,CRM,USD,1108524,2013-08-30,2013-08-30 17:02:28,2014,Q2,957094000.0,217717000.0,739377000.0,0.7725228661,148079000,150534000.0,480621000.0,631155000.0,0.0,779234000.0,996951000.0,3374000.0,19656000.0,77966000.0,40818000.0,0.0426478486,-39857000.0,-0.0416437675,-16947000.0,-56804000.0,-0.0593504922,-133407000.0,76603000.0,0.0800370705,0.13,0.12,593955000,624656000,https://www.sec.gov/Archives/edgar/data/1108524/000119312513354101/0001193125-13-354101-index.htm,https://www.sec.gov/Archives/edgar/data/1108524/000119312513354101/d548588d10q.htm,1.6113914353781011,0.12897104999537,0.3084122534535444,0.1357577594262191,1.049727672971858,4.813745149043278,-2.767396519938379,4.813745149043278,4.140771607276646,25985531250.0,27845426250.0,84.8058537198282,27.150448388559536,141.85558294164852,322.2651890021579,9.088557587784893,9.088557587784893,29.09372146309558,682.1849735410848,152.00879038993793,345.33107932137807,0.0029479097141798,0.0031030345011707,0.8533227381023998,0.3061239444027877,45.5655593120682,0.5543553307446345,-2.027726902726903,2.391329321305954,0.0,0.0,0.1572823568008994,0.1547173004950402,0.5649831566183549,0.5598172319483795,0.1071462155232401,1.3153041069184004,0.1154285785931162,3.737480400129235,0.0098244212094825,0.02209464618079,-6.797820962867557,-1365150000.0,-1643709000.0,-3412583000.0,4322568000.0,551076000.0,49190500.0,0.0,56.37781659899655,27.63821842116141,0.0,1.5963725704411529,3.2563604002452924,0.0,0.0267922472009143,0.1726544940273253,2013-08-29,0.08,amc,744411111.0,2025-04-25,2013-07-31,0.1249999999999999,54.0168253968254,6463599.111111111
2013-04-30,CRM,USD,1108524,2013-05-24,2013-05-24 16:05:38,2014,Q1,892633000.0,208994000.0,683639000.0,0.7658679435,131939000,129750000.0,466490000.0,596240000.0,0.0,728179000.0,937173000.0,3397000.0,11883000.0,62297000.0,20237000.0,0.0226711314,-44540000.0,-0.0498973262,-9403000.0,-53943000.0,-0.0604313307,13778000.0,-67721000.0,-0.0758665655,-0.12,-0.12,564341666,588385000,https://www.sec.gov/Archives/edgar/data/1108524/000119312513235664/0001193125-13-235664-index.htm,https://www.sec.gov/Archives/edgar/data/1108524/000119312513235664/d511576d10q.htm,1.5817244300370337,-0.1200000001417581,0.5018041676901454,0.4060997332066564,3.720825745303024,4.447440533302745,1.2554717163130749,4.447440533302745,3.023411353079147,23200085889.26,22966449889.26,-85.64583323215841,25.990620881437277,81.92438932748094,101.23129034187252,9.243518759197666,9.243518759197666,25.728882854723047,1134.8742347808468,81.09937140658711,100.2118426612386,-0.0029189978141999,0.0098783686014754,0.6750747845710307,0.2601212304694606,-11.54499184661758,1.0536149382694793,-3.748211731044349,-4.181701392477961,0.0,0.0,0.1453564902933232,0.1478087859176167,0.2765491980068498,0.1907206847723605,0.0605063895240261,0.8669759378461243,0.1285287458563598,,-0.0129681088786408,-0.0143709675091907,-2.705912644770057,146352000.0,708515000.0,-1127794000.0,2571397000.0,687621500.0,23028500.0,0.0,50.67570882994468,13.574456682966977,0.0,1.7759988380629874,6.630099612968721,0.0,-0.0269818110536138,0.0957044344834889,2013-05-23,0.11,amc,892600000.0,2025-04-25,2013-04-30,-0.0909090909090908,59.78344262295082,6005372.213114754
2013-01-31,CRM,USD,1108524,2013-03-08,2013-03-08 17:07:01,2013,Q4,834681000.0,183362000.0,651319000.0,0.7803208651,121187000,115369000.0,435570000.0,550939000.0,0.0,672126000.0,855488000.0,2382000.0,8355000.0,57395000.0,39707000.0,0.0475714674,-20807000.0,-0.0249280863,-5236000.0,-26043000.0,-0.0312011415,-5199000.0,-20844000.0,-0.0249724146,-0.035,-0.035,579880000,579880000,https://www.sec.gov/Archives/edgar/data/1108524/000119312513098852/0001193125-13-098852-index.htm,https://www.sec.gov/Archives/edgar/data/1108524/000119312513098852/d466584d10k.htm,1.4394029799268817,-0.0359453680071739,0.4855711526522729,0.3984462302545354,1.4962078361040214,4.089199489549562,0.9852348761812788,4.089199489549562,1.1317703662826792,24952236400.0,24852927400.0,-299.2736087123393,29.894338555687742,88.61729072034605,107.99449645316402,10.52284196698359,10.52284196698359,29.77536016753706,625.9079608129549,88.26459710270515,107.5646822562984,-0.0008353559843637,0.00925973112374,0.2732471760615204,0.1171895743066141,-2.501045155765986,0.6909320734954195,-2.490365050867744,-13.50858760314719,0.0,0.0,0.1382192717936553,0.1451895993798828,0.3255455460307515,0.1794277150152891,0.0605285132883101,0.8802508929349246,0.1288576114707295,,-0.0053161005997494,-0.0055896588629372,-2.820608574187763,-901744000.0,571318000.0,-1141831000.0,1502852000.0,645612000.0,36237500.0,0.0,94.09230592286154,7.134248099388096,0.0,0.9565075392432566,12.615204678362574,0.0,-0.0087903190096341,0.0871249223977374,2013-02-28,0.1,amc,642076923.0,2025-04-25,2013-01-31,0.3,53.49046875,4738424.0
2012-10-31,CRM,USD,1108524,2012-11-28,2012-11-28 16:55:47,2013,Q3,788398000.0,186248000.0,602150000.0,0.7637639872,114074000,113757000.0,428507000.0,542264000.0,0.0,656338000.0,842586000.0,4063000.0,8190000.0,59960000.0,5299000.0,0.0067212246,-54188000.0,-0.0687317827,-8663000.0,-62851000.0,-0.0797198877,157446000.0,-220297000.0,-0.2794235906,-0.39,-0.39,564864102,568812000,https://www.sec.gov/Archives/edgar/data/1108524/000119312512483959/0001193125-12-483959-index.htm,https://www.sec.gov/Archives/edgar/data/1108524/000119312512483959/d434718d10q.htm,1.3957304017170489,-0.3900000003894742,0.1875052771542561,0.0971224756640669,1.0720525483136474,3.688701393171556,0.590095916557289,3.688701393171556,1.038674608499019,20611891081.98,20668691081.98,-23.391025617666152,26.144017465772365,194.60785612972663,375.7111806562039,9.892370270889776,9.892370270889776,26.216062295921603,3900.4889756520097,195.1441352214512,376.7465245252547,-0.010687859698259,0.0026616189548935,0.2776520614412931,0.1246195304472577,10.719003585582186,0.5411829980509776,-6.616361416361416,-0.4807827614538554,0.0,0.0,0.1442887982973067,0.1446908794796536,0.3770318097318349,0.4820280413539158,0.0647566330711138,0.8514676450967311,0.1333235244127965,,-0.0670200937185144,-0.076174645980168,-2.90188116787071,-1065931000.0,333324000.0,-1301390000.0,1268199000.0,432753500.0,63639500.0,0.0,47.78436779393149,27.998153000300675,0.0,1.88346114336224,3.2144977562996204,0.0,-0.1057282655384991,0.0903828014901892,2012-11-20,0.08,amc,788400000.0,2025-04-25,2012-10-31,0.0,45.39078125,5093402.125
2012-07-31,CRM,USD,1108524,2012-08-31,2012-08-31 17:01:27,2013,Q2,731649000.0,162418000.0,569231000.0,0.7780110408,99442000,103095000.0,380160000.0,483255000.0,0.0,582697000.0,745115000.0,4915000.0,8033000.0,49999000.0,44000000.0,0.0601381263,-13466000.0,-0.0184050002,-566000.0,-14032000.0,-0.0191785952,-4203000.0,-9829000.0,-0.0134340374,-0.0175,-0.0175,557700000,557700000,https://www.sec.gov/Archives/edgar/data/1108524/000119312512377656/0001193125-12-377656-index.htm,https://www.sec.gov/Archives/edgar/data/1108524/000119312512377656/d378216d10q.htm,1.3119042495965574,-0.0176241707010937,0.2442119419042496,0.1916675632060247,1.986126949973104,3.3930679576833422,1.574909449524834,3.3930679576833422,1.015520889367043,17338893000.0,16896486000.0,-441.0136585613999,23.698375860556087,127.3074517059847,162.2079369088715,9.162799091482704,9.162799091482704,23.09370476827003,384.0110454545455,124.0591642987731,158.06915326541494,-0.0005668758668733,0.0061649264459962,0.2950477563448772,0.1253652687619146,-10.054704545454545,0.7956170596612437,-1.676335117639736,-13.856648692644216,0.0,0.0,0.1409077303461086,0.1359148990841236,0.2276795918779765,0.2151589242053789,0.0400519921437738,0.5860917218344367,0.1167458713126102,,-0.00358251540483,-0.0028576138444689,-2.0053886498117266,-476042000.0,878327000.0,-708131000.0,1094721000.0,409156000.0,44545500.0,0.0,54.975172521249945,38.42252705980864,0.0,1.6371026387450018,2.342375863511155,0.0,-0.0051941696779709,0.0525443786982248,2012-08-23,0.1,amc,665090909.0,2025-04-25,2012-07-31,0.0999999999999999,41.27484375,7043077.4375
2012-04-30,CRM,USD,1108524,2012-05-25,2012-05-25 15:39:38,2013,Q1,695467000.0,151551000.0,543916000.0,0.7820874319,94776000,101600000.0,369789000.0,471389000.0,0.0,566165000.0,717716000.0,4749000.0,6370000.0,49441000.0,30943000.0,0.0444924058,-22249000.0,-0.0319914532,-2619000.0,-24868000.0,-0.0357572681,-5393000.0,-19475000.0,-0.0280027665,-0.035,-0.035,552600000,552600000,https://www.sec.gov/Archives/edgar/data/1108524/000119312512249119/0001193125-12-249119-index.htm,https://www.sec.gov/Archives/edgar/data/1108524/000119312512249119/d334385d10q.htm,1.2585360115816142,-0.0352424900470503,0.3858342381469417,0.2974755700325733,1.2855374592833877,3.2750072385088678,1.440271444082519,3.2750072385088678,1.0070285921100253,21512718000.0,21622047000.0,-276.1581258023106,30.932766040660447,100.89825150554378,130.8678894059677,11.886996627746411,11.886996627746411,31.08996832344309,698.7702226674854,101.41102283173556,131.53296833652706,-0.0009052784497058,0.0076412938616124,0.3039691805970817,0.1323632874344456,3.5332385353714897,0.7889980749642783,-3.492778649921507,-10.94798459563543,0.0,0.0,0.1460888870356178,0.1362767751740916,0.2439491233591556,0.2290068101232576,0.0702075008591349,0.9875811573390506,0.1168509792700444,,-0.0070279479030964,-0.0061978532991196,-2.4563676257690914,-353819000.0,795894000.0,-1023290000.0,1209788000.0,527570000.0,26505000.0,0.0,48.06202163438381,11.729912702654552,0.0,1.8725804063059543,7.672691373025517,0.0,-0.0107610418788254,0.0883586681143684,2012-05-17,0.09,amc,695500000.0,2025-04-25,2012-04-30,0.0,43.467333333333336,6478946.866666666
2012-01-31,CRM,USD,1108524,2012-03-09,2012-03-09 17:17:10,2012,Q4,631913000.0,136345000.0,495568000.0,0.7842345386,80613000,93765000.0,327567000.0,421332000.0,0.0,501945000.0,638290000.0,2488000.0,5669000.0,45901000.0,44035000.0,0.0696852257,-6377000.0,-0.0100915791,-1158000.0,-7535000.0,-0.0119241098,-3457000.0,-4078000.0,-0.00645342,0.0,0.0,541208000,541208000,https://www.sec.gov/Archives/edgar/data/1108524/000119312512107281/0001193125-12-107281-index.htm,https://www.sec.gov/Archives/edgar/data/1108524/000119312512107281/d279348d10k.htm,1.1675973008529068,-0.0075349957872019,0.444093583243411,0.3495513739634299,1.4372773499283085,3.078485536060073,1.1662392278015108,3.078485536060073,1.0604222406172858,15803273600.0,15764229600.0,-968.8127513487004,25.0086223894745,65.75190703441274,83.53564647425732,9.48518343125657,9.48518343125657,24.946835402974777,357.9931781537413,65.58945857447773,83.32926102124961,-0.0002580478009315,0.011970937464501,0.3410597556810781,0.1364598907725314,-0.8866583399568525,0.7270432441997521,-1.1248897512788851,-58.93746934771947,0.0,0.0,0.1483827678810216,0.1275697762191947,0.2485313943720621,0.2128880327193599,0.0809715894434835,1.114725169386288,0.1109329923581252,,-0.0014622388802632,-0.0013031955774437,-2.2308950532882,-627809000.0,631178000.0,-825831000.0,935060000.0,498038000.0,30761500.0,0.0,97.38215545494396,21.95328028163849,0.0,0.924193961198985,4.099615130194239,0.0,-0.0024476307258683,0.094542209279981,2012-02-23,0.1,amc,574454545.0,2025-04-25,2012-01-31,0.0999999999999999,38.69629032258064,6964789.806451613
2011-10-31,CRM,USD,1108524,2011-11-29,2011-11-29 17:10:32,2012,Q3,584260000.0,128565000.0,455695000.0,0.7799524184,76049000,85232000.0,304571000.0,389803000.0,0.0,465852000.0,594417000.0,5136000.0,3859000.0,41553000.0,36562000.0,0.0625783042,-10157000.0,-0.0173843837,1307000.0,-8850000.0,-0.0151473659,-5094000.0,-3756000.0,-0.0064286448,-0.0075,-0.0075,543388000,543388000,https://www.sec.gov/Archives/edgar/data/1108524/000119312511324675/0001193125-11-324675-index.htm,https://www.sec.gov/Archives/edgar/data/1108524/000119312511324675/d238283d10q.htm,1.0752169720347156,-0.006912187976179,0.236863898356239,0.1608003857280617,1.1885577156654177,2.7574937245577744,1.0432950304386552,2.7574937245577744,1.0057951224539372,18089386520.0,18129077520.0,-1204.0326490947816,30.961192825112107,140.5448455041994,207.02686656671665,12.072556939486342,12.072556939486342,31.029126621709512,495.8447984245938,140.8532233177167,207.48111654096616,-0.0002076355655205,0.0048302909500769,0.362174308540706,0.1545528437224281,1.0855806575132652,0.6265671135208167,-2.632029023062969,-34.26757188498402,0.0,0.0,0.1458802587888953,0.1301629411563345,0.2652809034203501,0.3211275046811023,0.0707424776640536,0.994681491107742,0.0975695751891281,,-0.0019875893398663,-0.0014559251229648,-2.084684884465612,-684349000.0,566914000.0,-864649000.0,751953000.0,327364000.0,25293000.0,0.0,48.11178242563242,19.786489324466224,0.0,1.87064364408272,4.548558287634884,0.0,-0.0025066921874092,0.0760635126281772,2011-11-17,0.08,amc,519377777.0,2025-04-25,2011-10-31,0.1249999999999999,35.34968253968254,9463550.15873016
2011-07-31,CRM,USD,1108524,2011-09-06,2011-09-06 15:52:57,2012,Q2,546002000.0,120910000.0,425092000.0,0.7785539247,73393000,84446000.0,283001000.0,367447000.0,0.0,440840000.0,561750000.0,5255000.0,3846000.0,40239000.0,26372000.0,0.0483001894,-15748000.0,-0.0288423852,-1965000.0,-17713000.0,-0.0324412731,-13445000.0,-4268000.0,-0.0078168212,-0.0075,-0.0075,540372000,540372000,https://www.sec.gov/Archives/edgar/data/1108524/000119312511241110/0001193125-11-241110-index.htm,https://www.sec.gov/Archives/edgar/data/1108524/000119312511241110/d10q.htm,1.0104187485658027,-0.007898262678303,0.1534739031630062,0.0600697297417334,1.0684787516747722,2.624345821026996,1.0146010526082032,2.624345821026996,0.9883228590674572,19680348240.0,19760770240.0,-1152.7851593252108,36.044461815158186,237.30418820011337,606.2953863216267,13.877744201313991,13.877744201313991,36.19175431591826,749.3087456393145,238.27391074722968,608.7729587184227,-0.0002168660812274,0.0016493610582573,0.3738857630826099,0.1549737411905552,3.049522220536933,0.6145462904418109,-4.09464378575143,-19.4313495782568,0.0,0.0,0.1546624371339299,0.1344189215424119,0.2542465966431748,0.6085997130213546,0.0924410533294749,1.2543303760033797,0.099988644730239,,-0.0018143488685073,-0.0016727631593902,-2.1633823551183258,-699235000.0,548262000.0,-888383000.0,640696000.0,306606500.0,19645000.0,0.0,56.43885919831796,16.614754776279877,0.0,1.5946459811271712,5.416872003942475,0.0,-0.0030096120012156,0.0934041734212727,2011-08-18,0.07,amc,477750000.0,2025-04-25,2011-07-31,0.1428571428571427,36.289206349206346,10501127.61904762
2011-04-30,CRM,USD,1108524,2011-05-26,2011-05-26 16:45:57,2012,Q1,504364000.0,103066000.0,401298000.0,0.7956515532,65292000,84338000.0,254471000.0,338809000.0,0.0,404101000.0,507167000.0,8055000.0,3671000.0,29593000.0,34045000.0,0.0675008526,-2803000.0,-0.0055574942,3584000.0,781000.0,0.0015484848,251000.0,530000.0,0.0010508284,0.0,0.0,533816000,564248000,https://www.sec.gov/Archives/edgar/data/1108524/000119312511151778/0001193125-11-151778-index.htm,https://www.sec.gov/Archives/edgar/data/1108524/000119312511151778/d10q.htm,0.9448274311747868,0.0009928514694201,0.2613597194538942,0.2082927450657155,1.430897537728356,2.352200008991862,1.3564449173497983,2.352200008991862,0.994915851154705,18496724400.0,18359543400.0,8724.87,36.673363681785375,132.57589988388594,166.3524093893336,14.730890174110137,14.730890174110137,36.40137559381717,539.2728271405492,131.5926504106997,165.11865635398863,2.8653722061188305e-05,0.0060113346339311,0.4200488674319591,0.1686123831067611,-4.029402261712439,0.7050323638806275,-0.7635521656224462,263.2415094339623,0.0,0.0,0.1672165340904584,0.1294541244022174,0.1699291703377292,0.2030419014034031,0.0561657850282732,0.9572534045213396,0.094293010603453,0.2292295089952396,-0.0009900786698307,0.0002041195169838,-1.696236156278568,-497083000.0,724092000.0,-684297000.0,480735000.0,348879500.0,17537500.0,0.0,48.325098539943376,14.81778666097452,0.0,1.862386269644334,6.073781601744358,0.0,0.0004220948327628,0.0530669743881787,2011-05-19,0.07,amc,504400000.0,2025-04-25,2011-04-30,0.0,32.57403225806451,10596020.064516127
2011-01-31,CRM,USD,1108524,2011-06-24,2011-06-24 16:32:04,2011,Q4,456867000.0,92311000.0,364556000.0,0.7979477616,57530000,74200000.0,233217000.0,307417000.0,0.0,364947000.0,457258000.0,-36000.0,3290000.0,23738000.0,31407000.0,0.0687442954,-391000.0,-0.0008558289,4770000.0,4379000.0,0.0095848464,-6491000.0,10913000.0,0.0238866016,0.0,0.0,520888000,548714894,https://www.sec.gov/Archives/edgar/data/1108524/000119312511173291/0001193125-11-173291-index.htm,https://www.sec.gov/Archives/edgar/data/1108524/000119312511173291/d10ka.htm,0.8770925803627652,0.0209507610081245,0.3182296386171308,-0.2587082059866996,0.9540822595260402,2.450605504446253,1.372442828400731,2.450605504446253,0.9624237839996314,16814264640.0,16887997640.0,385.1888719875378,36.80341245920585,101.43618344373256,-124.7737769928316,13.17225475150236,13.17225475150236,36.96480078447338,537.7144470977807,101.8809958856674,-125.32092818237136,0.0006490322493223,-0.0080145045225123,0.3901515952717254,0.1611123961354376,2.3476613493807115,0.8421093863839695,-0.1188449848024316,15.24949402023919,0.0,0.0,0.1624105045888628,0.1259228615767827,0.1816797226935475,1.8129607509561905,0.6577844317930601,12.659870250231696,0.0913044715420461,1.0748005073496574,-0.000534843542155,0.004314183912399,-1.9149927623596628,-201542000.0,714889000.0,-739750000.0,747234000.0,342853500.0,20713000.0,0.0,84.10515532966924,17.65271744429158,0.0,1.0700889814331187,5.098365182812327,0.0,0.0085492181300142,0.5769378446038304,2011-02-24,0.06,amc,342675000.0,2025-04-25,2011-01-31,0.3333333333333334,30.035238095238096,12655357.07936508
2010-10-31,CRM,USD,1108524,2010-11-24,2010-11-24 17:02:26,2011,Q3,429087000.0,82131000.0,346956000.0,0.8085912647,47305000,63951000.0,200544000.0,264495000.0,0.0,311800000.0,393931000.0,11699000.0,7374000.0,19710000.0,65644000.0,0.152985292,35156000.0,0.0819321023,3404000.0,38560000.0,0.0898652255,16192000.0,21072000.0,0.049108922,0.04,0.0375,523552000,561920000,https://www.sec.gov/Archives/edgar/data/1108524/000119312510268895/0001193125-10-268895-index.htm,https://www.sec.gov/Archives/edgar/data/1108524/000119312510268895/d10q.htm,0.8195690208422468,0.0402481510910091,0.1414186174439215,0.1017090947986064,1.4704327363853065,2.31584637247112,1.806752719882648,2.311686327241611,0.9591597396247172,14889818880.0,14754311880.0,176.65407744874716,34.70116521824245,201.1050632090762,279.62101183098594,12.302707190354694,12.302707190354694,34.385362129358384,224.7625354944854,199.27487682333876,277.0762794366197,0.0014151951860411,0.0035762691560691,0.4088250069404968,0.1805367545592466,-2.064270915849125,1.2012909787572568,4.7675617032818005,3.310085836909871,0.0,0.0,0.1490397052346027,0.1102457077469137,0.0972516450212975,0.2807941653160454,0.0484517125897545,1.0547945205479452,0.0597361374266757,1.44686722366339,0.011669046536446,0.0085168402813564,-1.0778432705824827,199891000.0,945929000.0,-335292000.0,582506000.0,243657000.0,22032500.0,0.0,54.27514699816122,25.554297402929468,0.0,1.6582175263947072,3.521912521440824,0.0,0.0174107319910632,0.039709522645315,2010-11-18,0.08,amc,429100000.0,2025-04-25,2010-10-31,0.0,33.5803125,11712598.5625
2010-07-31,CRM,USD,1108524,2010-09-09,2010-09-09 10:33:11,2011,Q2,394372000.0,77790000.0,316582000.0,0.8027496881,42930000,61569000.0,182401000.0,243970000.0,0.0,286900000.0,364690000.0,8735000.0,7185000.0,17793000.0,54445000.0,0.1380549329,29682000.0,0.075263964,-215000.0,29467000.0,0.0747187934,12884000.0,14744000.0,0.0373860213,0.0275,0.0275,517848000,536704000,https://www.sec.gov/Archives/edgar/data/1108524/000119312510207193/0001193125-10-207193-index.htm,https://www.sec.gov/Archives/edgar/data/1108524/000119312510207193/d10q.htm,0.7615593764965781,0.0284716750861256,0.1469465943674592,0.0941685591138712,1.4333684787814185,2.42456280607437,1.944257774482088,2.395733883301664,0.9325979824195516,12811559520.0,12877393520.0,217.23344275637547,32.48597648920309,168.36048570227078,262.7203838818825,10.326689526094084,10.326689526094084,32.65291024717779,236.5211409679493,169.22562973086627,264.070409515021,0.0011508356946695,0.0038063281776019,0.3834830158323298,0.1763065522909968,1.2091835797593902,1.1976919249681768,4.131106471816284,4.588795754688537,0.0,0.0,0.1561190956761636,0.1088566125384155,0.092172396567544,0.3591647392767031,0.0693025874047853,1.5360535041870398,0.0,1.2388452389863749,0.0094377649159135,0.0060185708669983,-1.022001629821878,183570000.0,1006830000.0,-330785000.0,533241000.0,206081000.0,16939000.0,0.0,52.15760753806051,24.001156961048977,0.0,1.7255392693064977,3.749819233550253,0.0,0.0118843229143996,0.0527780352535879,2010-08-19,0.07,amc,394400000.0,2025-04-25,2010-07-31,0.0,34.78380952380952,9621367.80952381
2010-04-30,CRM,USD,1108524,2010-05-28,2010-05-28 15:43:29,2011,Q1,376813000.0,71581000.0,305232000.0,0.8100357472,40122000,56193000.0,175867000.0,232060000.0,0.0,272182000.0,343763000.0,7875000.0,7060000.0,14505000.0,53457000.0,0.1418661246,33050000.0,0.0877092882,-1158000.0,31892000.0,0.0846361458,12016000.0,17745000.0,0.0470923243,0.035,0.0325,512128000,529004000,https://www.sec.gov/Archives/edgar/data/1108524/000095013010001306/0000950130-10-001306-index.htm,https://www.sec.gov/Archives/edgar/data/1108524/000095013010001306/d10q.htm,0.7357789458885279,0.034649540739815,0.2795844007748063,0.2557817576855786,1.8584260184953765,2.2423437109472637,2.0806673331667085,2.215286022244439,0.9265535178705324,10959539200.0,10736199200.0,154.40320090166242,29.084822445085493,76.54218168357976,83.66507523302772,9.66015213616451,9.66015213616451,28.49211465634147,200.83804179059808,74.98235963766648,81.96009863122457,0.0016191374177483,0.0119524185834382,0.4120316259883121,0.1878761157623678,-4.177937407636044,1.5078773416060136,4.681303116147308,7.203813644596498,0.0,0.0,0.1491270205645771,0.1064772181426861,0.0332780434203328,0.0851358052282743,0.0323502639240153,0.8403998621165115,0.0,1.3141801527025447,0.0124834763229133,0.0073774642476732,-0.4886844695076231,425652000.0,1065568000.0,-75978000.0,595161000.0,252284000.0,13962000.0,0.0,43.85485638765117,16.512342660761934,0.0,2.052224255495283,5.450468285997107,0.0,0.0156411137848057,0.0238026430892276,2010-05-20,0.08,amc,376800000.0,2025-04-25,2010-04-30,0.0,33.332741935483874,11756189.806451611
2010-01-31,CRM,USD,1108524,2010-03-11,2010-03-11 15:32:20,2010,Q4,354049000.0,68059000.0,285990000.0,0.807769546,36447000,55472000.0,168552000.0,224024000.0,0.0,260471000.0,328530000.0,0.0,0.0,15287000.0,69915000.0,0.1974726662,25519000.0,0.0720775938,9159000.0,34678000.0,0.0979468944,12263000.0,20394000.0,0.0576021963,0.0,0.0,497848000,512456000,https://www.sec.gov/Archives/edgar/data/1108524/000119312510053838/0001193125-10-053838-index.htm,https://www.sec.gov/Archives/edgar/data/1108524/000119312510053838/d10k.htm,0.7111588275939644,0.0409643103919268,0.1839115553341582,0.1697385547395992,2.4946670469701595,2.122467098391477,1.940664620526747,2.0966278864231653,0.9313746364352172,8109943920.0,7562320920.0,99.41580759046778,22.90627545904663,88.57518479685453,95.9711246804885,7.7696190656848705,7.7696190656848705,21.35953192919624,108.16449860544948,82.59415596330275,89.49068588469184,0.0025146906317941,0.0104198007820502,0.4442250541769416,0.1884736247160293,-7.83269684617035,1.8787607501128696,0.0,4.084764666517957,0.0,0.0,0.1566788777824538,0.1029433778940203,0.0367896769410304,0.0770642201834862,0.0199294447943646,0.4615686531039445,0.0,1.3901279074623611,0.0106276383800124,0.0086061853634081,0.1589782423550963,798029000.0,966156000.0,302624000.0,978250000.0,256126500.0,15204000.0,0.0,81.58768983954198,19.55935291438311,0.0,1.1031075910716734,4.601379217091474,0.0,0.019538188277087,0.0141730005945589,2010-02-24,0.03742,amc,328400000.0,2025-04-25,2010-01-31,0.0689470871191875,31.02359375,13475974.25
2009-10-31,CRM,USD,1108524,2009-11-25,2009-11-25 15:34:43,2010,Q3,330549000.0,65570000.0,264979000.0,0.8016330408,32763000,49909000.0,152166000.0,202075000.0,0.0,234838000.0,300408000.0,7503000.0,292000.0,13601000.0,50909000.0,0.1540134746,30141000.0,0.0911846655,6875000.0,37016000.0,0.1119833973,15573000.0,20691000.0,0.0625958632,0.0425,0.04,498244000,514384000,https://www.sec.gov/Archives/edgar/data/1108524/000119312509242413/0001193125-09-242413-index.htm,https://www.sec.gov/Archives/edgar/data/1108524/000119312509242413/d10q.htm,0.6634279589919798,0.04152784579443,0.0712903717857114,0.043013061873299,0.8938070503608674,1.7472162233764983,1.5903011375952345,1.723836112426843,0.069327478103098,7070082360.0,6861444360.0,85.42460925039873,21.38890863381829,199.0451114864865,329.8997881573422,8.231640988204557,8.231640988204557,20.757722334661427,134.77861203323576,193.1712939189189,320.1644514954972,0.0029265571384376,0.0030312235287737,0.0398770041833014,0.0208434634594307,-4.09825374688169,1.0501556826221854,103.22260273972604,1.6564846336799888,0.0,0.0,0.1509882044719542,0.09911692366336,0.0475790849689112,0.3966497747747747,0.0426230301710185,1.0358797147268584,0.0,1.2691382925686086,0.0190465178657091,0.0132209257523391,-0.3690044436059441,36437000.0,792358000.0,-9746000.0,210217000.0,180069500.0,14503000.0,0.0,52.08525816142237,21.43556504499009,0.0,1.7279361411836045,4.198629698405584,0.0,0.0240903676950858,0.0282773099124123,2009-11-17,0.04008,amc,330500000.0,2025-04-25,2009-10-31,-0.0019960079840318,26.32578125,10513018.5
2009-07-31,CRM,USD,1108524,2009-08-25,2009-08-25 13:09:38,2010,Q2,316061000.0,62496000.0,253565000.0,0.8022660183,31103000,46759000.0,146214000.0,192973000.0,0.0,224076000.0,286572000.0,7747000.0,293000.0,12144000.0,48308000.0,0.152843913,29489000.0,0.0933016095,6382000.0,35871000.0,0.1134939141,14030000.0,21198000.0,0.0670693316,0.0425,0.0425,495384000,506264000,https://www.sec.gov/Archives/edgar/data/1108524/000119312509180950/0001193125-09-180950-index.htm,https://www.sec.gov/Archives/edgar/data/1108524/000119312509180950/d10q.htm,0.6380121279653763,0.0427910469453999,0.0925645559808148,0.0535483584451657,0.8480814882999854,1.6197333785507808,1.470651050498199,1.5969772943817322,0.0639261663679085,5369962560.0,5155168560.0,63.3310048117747,16.990272637244075,117.10745960091592,202.43384325404304,6.787823495134095,6.787823495134095,16.310675977105685,106.71459302806988,112.42325940464508,194.3366592528367,0.0039475135558487,0.0049398854654211,0.0396591148970379,0.0201570547764349,-4.446344290800695,0.9841844095045104,100.64505119453923,2.099491781511836,0.0,0.0,0.1479429603779017,0.0984082186666498,0.0474472977339936,0.4215025624250354,0.0611527521586022,1.5915678524374175,0.0,1.2399868682486503,0.0212754141780988,0.0142971415159367,-0.4186237343151979,-11270000.0,728537000.0,-52819000.0,159053000.0,157355500.0,14573000.0,0.0,48.07863039096883,19.28139400921659,0.0,1.8719335236493289,4.667712301142729,0.0,0.0267950252617501,0.0390161975356491,2009-08-20,0.03496,amc,316100000.0,2025-04-25,2009-07-31,0.1441647597254005,21.583492063492063,10447886.476190476
2009-04-30,CRM,USD,1108524,2009-05-27,2009-05-27 17:12:59,2010,Q1,304924000.0,61800000.0,243124000.0,0.7973265469,31584000,43150000.0,138267000.0,181417000.0,0.0,213001000.0,274801000.0,5334000.0,208000.0,12145000.0,47169000.0,0.154691005,30123000.0,0.0987885506,4693000.0,34816000.0,0.1141792709,15823000.0,18436000.0,0.0604609673,0.0375,0.0375,492824000,501396000,https://www.sec.gov/Archives/edgar/data/1108524/000119312509119430/0001193125-09-119430-index.htm,https://www.sec.gov/Archives/edgar/data/1108524/000119312509119430/d10q.htm,0.618727984026752,0.0374088924240702,0.1988052529909257,0.1715582033342532,1.0482728113890558,1.4991213901920362,1.3493316072269208,1.476906562992062,0.0591042644027076,5273216800.0,4960431800.0,71.50706226947277,17.29354462095473,53.8215154731771,62.36950371386668,7.244872673815526,7.244872673815526,16.267764426545632,105.16296296296296,50.62904997142157,58.67000756966457,0.0034961581704738,0.0160334769471264,0.0397331886158644,0.0197042992437146,-6.631156055884161,1.1054436062333537,144.8221153846154,5.158532090770284,0.0,0.0,0.1415106715115897,0.1035799084362004,0.0502963820944334,0.1370539724014044,0.0440372027128071,1.105640181144504,0.0,1.114949492822837,0.0211326185231711,0.0132263896461675,-0.2087586034771034,72766000.0,664983000.0,33963000.0,235065000.0,206212000.0,16068000.0,0.0,43.05403969513715,22.947087378640777,0.0,2.0903961773920434,3.92206638319477,0.0,0.0253292207926029,0.0272470496566725,2009-05-21,0.02901,amc,228675000.0,2025-04-25,2009-04-30,0.3788348845225784,17.56590163934426,7644014.68852459
2009-01-31,CRM,USD,1108524,2009-03-09,2009-03-09 17:24:17,2009,Q4,289583000.0,58734000.0,230849000.0,0.7971773205,29460000,0.0,0.0,185299000.0,0.0,214759000.0,273493000.0,0.0,0.0,26351000.0,66860000.0,0.230883719,16090000.0,0.0555626539,5649000.0,21739000.0,0.0750700145,7864000.0,13753000.0,0.0474924288,0.0,0.0,484732000,500912000,https://www.sec.gov/Archives/edgar/data/1108524/000119312509048665/0001193125-09-048665-index.htm,https://www.sec.gov/Archives/edgar/data/1108524/000119312509048665/d10k.htm,0.5974084648836883,0.0283723789640461,0.1558159972933497,0.1305814346896842,1.439151943754487,1.4079677017403431,1.2535297855309735,1.3858874594621358,0.041478590231303,3223467800.0,2759739800.0,58.59572093361449,11.13141241025889,42.678544664963134,50.92607548541005,4.798369416360021,4.798369416360021,9.530047689263528,41.27639545318576,36.53881025831138,43.59985149375168,0.0042665231524881,0.0196363059683735,0.0299292629773855,0.0135867692195412,-6.935806162129824,1.3932260360954722,0.0,5.491819966552752,0.0,0.0,0.0,0.1017324912028675,0.0505878409700626,0.1619510386738868,0.0422400486216387,0.4641949072141474,0.0,0.9405959783727672,0.014406141095852,0.0097888838195508,0.2066796704158174,301591000.0,607626000.0,271222000.0,453479000.0,212117500.0,18627000.0,0.0,82.8430881647058,25.09806926141588,0.0,1.0863911763050778,3.585933207155504,0.0,0.020472354209091,0.0252345626036655,2009-02-25,0.01892,bmo,193066666.0,2025-04-25,2009-01-31,0.5856236786469344,15.91703125,6628762.75
2008-10-31,CRM,USD,1108524,2008-11-25,2008-11-25 16:57:06,2009,Q3,276487000.0,56348000.0,220139000.0,0.796200183,26270000,0.0,0.0,177736000.0,0.0,204006000.0,260354000.0,0.0,0.0,22694000.0,16133000.0,0.0583499405,16133000.0,0.0583499405,4374000.0,20507000.0,0.0741698525,8824000.0,10124000.0,0.0366165498,0.02,0.02,486540000,500532000,https://www.sec.gov/Archives/edgar/data/1108524/000119312508243442/0001193125-08-243442-index.htm,https://www.sec.gov/Archives/edgar/data/1108524/000119312508243442/d10q.htm,0.5682718789822009,0.0208081555473342,0.0351892958441238,0.0113186993875118,1.2361943519546184,1.2985879886545812,1.1759896411394746,1.270989024540634,0.0,3765819600.0,3383505600.0,92.99238443303042,13.62024109632641,219.95325039425268,683.824151080443,6.089745741744248,6.089745741744248,12.23748530672328,209.72575466435256,197.62312949009987,614.4008716179408,0.002688392189578,0.0014623642619524,0.0,0.0,-23.697638380958285,1.3787798037832972,0.0,1.6911299881469777,0.0,0.0,0.0,0.0950135087725643,0.046756722224356,0.6783482273231703,0.0420055915829677,0.5117652242883581,0.0,0.7713987877459446,0.013919810303066,0.0083250964984269,0.1557980844329346,233117000.0,572166000.0,204643000.0,359599000.0,152331000.0,17651500.0,0.0,51.32682549269947,33.34191098175623,0.0,1.7534690512430238,2.699305389221557,0.0,0.0163716248886215,0.0238705964566119,2008-11-20,0.01724,bmo,276500000.0,2025-04-25,2008-10-31,0.1600928074245941,12.01484375,7809395.6875
2008-07-31,CRM,USD,1108524,2008-08-22,2008-08-22 16:58:34,2009,Q2,263077000.0,54091000.0,208986000.0,0.7943909958,24033000,0.0,0.0,168855000.0,0.0,192888000.0,246979000.0,0.0,0.0,37500000.0,16098000.0,0.0611912102,16098000.0,0.0611912102,5868000.0,21966000.0,0.0834964668,10558000.0,9996000.0,0.0379964801,0.02,0.02,483452000,502504000,https://www.sec.gov/Archives/edgar/data/1108524/000119312508183002/0001193125-08-183002-index.htm,https://www.sec.gov/Archives/edgar/data/1108524/000119312508183002/d10q.htm,0.5441636398236019,0.0206763029214896,0.109783391112251,0.0828189768580955,1.1962738803438604,1.1952479253369517,1.1274562934893226,1.1706974011897768,0.0,7711059400.0,7284016400.0,192.8536264505802,29.31103593244563,145.2860932642487,192.5887110067684,13.624357569932291,13.624357569932291,27.687773541586683,452.4795875264008,137.24006406029204,181.9230350408352,0.0012963199323817,0.0051924123422003,0.0,0.0,-26.527705305006837,1.3372700370941524,0.0,5.309623849539816,0.0,0.0,0.0,0.0913534820603853,0.0272312663527601,0.2456146961846443,0.0495520322947274,0.5723317381569126,0.0,0.737989239195946,0.0138482958046625,0.0085379780298248,0.1300635843889362,202303000.0,545071000.0,176430000.0,291720000.0,145445500.0,16871500.0,0.0,50.28330108675407,24.00621175426596,0.0,1.789858622144208,3.74902966454117,0.0,0.0176615262838,0.0269644142541555,2008-08-20,0.02032,bmo,263100000.0,2025-04-25,2008-07-31,-0.015748031496063,9.826666666666668,8700113.587301588
2008-04-30,CRM,USD,1108524,2008-05-23,2008-05-23 17:03:13,2009,Q1,247622000.0,51298000.0,196324000.0,0.79283747,19767000,38432000.0,122704000.0,161136000.0,0.0,180903000.0,232201000.0,7052000.0,330000.0,8158000.0,29868000.0,0.1206193311,15421000.0,0.0622763729,5959000.0,21380000.0,0.0863412782,10311000.0,9555000.0,0.0385870399,0.02,0.02,479112000,497656000,https://www.sec.gov/Archives/edgar/data/1108524/000119312508121851/0001193125-08-121851-index.htm,https://www.sec.gov/Archives/edgar/data/1108524/000119312508121851/d10q.htm,0.5168353119938554,0.0199431448179131,0.1749737013474928,0.1245115964534388,1.0333345856501197,1.0718245420694952,1.0031412279383527,1.049998747683214,0.0006887742323298,7991588160.0,7613040160.0,209.09440502354784,32.27333661790956,95.32861150873175,133.96342569776212,15.885733232352749,15.885733232352749,30.74460330665288,254.8895192178921,90.8130565893692,127.61780504567932,0.0011956321833281,0.0074647240079999,0.0,0.0,-12.674032409267443,1.227942834422587,46.73030303030303,8.773626373626374,0.0,0.0,0.1552043033333064,0.0798273174435227,0.0293919308177167,0.2883982250214715,0.0976367204852557,1.0566408810803725,0.0,0.6864082126422002,0.0148229821646338,0.0087927883491643,-0.0063748142396767,132430000.0,480617000.0,107340000.0,222153000.0,181985000.0,13396500.0,0.0,52.30476290474999,33.8872860540372,0.0,1.720684599295388,2.65586331866425,0.0,0.018993493908366,0.050462104894054,2008-05-21,0.01654,bmo,247600000.0,2025-04-25,2008-04-30,0.2091898428053205,7.518688524590163,11768399.278688524
2008-01-31,CRM,USD,1108524,2008-02-29,2008-02-29 16:53:44,2008,Q4,216906000.0,46731000.0,170175000.0,0.7845564438,17703000,0.0,0.0,141742000.0,0.0,159445000.0,206176000.0,0.0,0.0,19036000.0,29766000.0,0.1372299521,10730000.0,0.0494684333,6720000.0,17450000.0,0.0804495957,8296000.0,7379000.0,0.0340193448,0.0,0.0,467360000,489688000,https://www.sec.gov/Archives/edgar/data/1108524/000119312508043828/0001193125-08-043828-index.htm,https://www.sec.gov/Archives/edgar/data/1108524/000119312508043828/d10k.htm,0.4641090380006847,0.0157886853817185,0.1728710201985621,0.1549640534063676,0.9646589352961314,0.9863959260527216,0.9155169462512838,0.9672607839780896,0.0,6066332800.0,5787237800.0,205.52692776799023,27.96756567360977,75.08488111593827,83.76136087484812,13.41933862615278,13.41933862615278,26.680856223433192,194.42443727743063,71.63043580508213,79.90773500497073,0.0012163856226285,0.0119386789989497,0.0,0.0,-9.376301820869449,1.222627851669453,0.0,10.94904458598726,0.0,0.0,0.0,0.0816159995574119,0.0304021776938728,0.1035857066825096,0.038583533881036,0.4396406808152973,0.0,0.5861868000107576,0.011637525899729,0.0069846005601689,-0.0271787273194111,134894000.0,427876000.0,112220000.0,209400000.0,171011000.0,10048000.0,0.0,91.30909241791376,14.402002953071838,0.0,0.9856630661498402,6.249130783631987,0.0,0.0163230905700362,0.0179069667921944,2008-02-27,0.01449,bmo,108450000.0,2025-04-25,2008-01-31,0.3802622498274673,7.7021875,11534376.625
2007-10-31,CRM,USD,1108524,2007-11-19,2007-11-19 17:01:20,2008,Q3,192803000.0,44281000.0,148522000.0,0.7703303372,16892000,0.0,0.0,125512000.0,0.0,142404000.0,186685000.0,0.0,0.0,17802000.0,6118000.0,0.0317318714,6118000.0,0.0317318714,8113000.0,14231000.0,0.0738110922,6594000.0,6512000.0,0.0337754081,0.015,0.0125,469444000,488676000,https://www.sec.gov/Archives/edgar/data/1108524/000119312507250417/0001193125-07-250417-index.htm,https://www.sec.gov/Archives/edgar/data/1108524/000119312507250417/d10q.htm,0.4107050042177554,0.0138717291093293,0.1107650752805446,0.0913335775939196,0.7968319970007072,0.8700995219877131,0.8011967348608141,0.8548303951056995,2.7692333909901928e-05,6614465960.0,6453717960.0,253.9337361793612,34.306862237620784,127.20616100619254,154.26966041608358,16.48280182907836,16.48280182907836,33.47312002406601,1054.8738084341287,124.11473441286203,150.52052336971732,0.0009845088083271,0.0064821559683406,3.239512079642158e-05,1.5027008157353582e-05,-26.27459954233409,1.2333839325600469,0.0,7.98495085995086,0.0,0.0,0.0,0.0876127446149696,0.0373895081429045,0.1754298242240086,0.0473125418172953,0.5124143354679249,0.0,0.5165311730136553,0.0079078673197526,0.007819751838158,0.0189431540290215,105009000.0,376117000.0,98304000.0,176268000.0,118003500.0,9916500.0,0.0,56.93111621707131,25.645762290824507,0.0,1.5808578152032209,3.5093517197654145,0.0,0.0162274635866382,0.019431497686625,2007-11-15,0.00678,bmo,192800000.0,2025-04-25,2007-10-31,0.966076696165192,15.26546875,10467193.9375
2007-07-31,CRM,USD,1108524,2007-08-17,2007-08-17 17:15:42,2008,Q2,176579000.0,41412000.0,135167000.0,0.7654760759,15096000,0.0,0.0,116724000.0,0.0,131820000.0,173232000.0,0.0,0.0,15689000.0,3347000.0,0.0189546888,3347000.0,0.0189546888,5895000.0,9242000.0,0.0523391796,4653000.0,3735000.0,0.0211520056,0.0075,0.0075,465176000,485332000,https://www.sec.gov/Archives/edgar/data/1108524/000119312507185336/0001193125-07-185336-index.htm,https://www.sec.gov/Archives/edgar/data/1108524/000119312507185336/d10q.htm,0.379596109859494,0.0080292190482742,0.0744965346449515,0.0527757235970901,0.6617495313601733,0.7680684300135863,0.7006487866957882,0.7546734999226099,4.084475553338951e-05,4521510720.0,4398580720.0,302.6446265060241,25.606163360308983,130.47586772089804,184.17558940936863,12.879742035458731,12.879742035458731,24.909987710882948,1314.186053181954,126.92851388007156,179.16825743380855,0.000826051342415,0.0054296011931162,5.412241921516795e-05,2.4491511113345423e-05,-36.72841350463101,1.1578616596378672,0.0,9.27817938420348,0.0,0.0,0.0,0.0854914797342832,0.0404264616598283,0.2915680729497316,0.0572208473261259,0.6440181018548027,0.0,0.3692389117064228,0.0045696570825612,0.0050173491470506,-0.0540171891929076,65057000.0,325925000.0,58679000.0,133109000.0,109529500.0,9410500.0,0.0,58.12775018546939,15.680237612286296,0.0,1.5483138382757835,5.739708939708939,0.0,0.0106393281983501,0.0217208110478614,2007-08-15,,bmo,,2025-04-25,2007-07-31,,16.91140625,7630359.5625
2007-04-30,CRM,USD,1108524,2007-05-18,2007-05-18 17:10:03,2008,Q1,162412000.0,39167000.0,123245000.0,0.7588417112,14121000,0.0,0.0,109010000.0,0.0,123131000.0,162298000.0,0.0,0.0,13887000.0,114000.0,0.0007019186,114000.0,0.0007019186,5176000.0,5290000.0,0.0325714849,3842000.0,730000.0,0.0044947418,0.0025,0.0025,459948000,482540000,https://www.sec.gov/Archives/edgar/data/1108524/000119312507118825/0001193125-07-118825-index.htm,https://www.sec.gov/Archives/edgar/data/1108524/000119312507118825/d10q.htm,0.3531094819414369,0.0015871359371059,0.0800742692652212,0.0453812170071399,0.5443506657274301,0.684118639498378,0.6212202248949882,0.672428187534243,5.435397044883335e-05,4829454000.0,4741987000.0,1653.922602739726,29.73582001329951,131.1282650013576,231.3732573180664,15.615050342405958,15.615050342405958,29.197269906164568,41596.37719298246,128.75338039641596,227.1828199108897,0.0001511558035338,0.0043220206673466,8.08323795112551e-05,3.581820969126136e-05,-767.2543859649123,1.0604690485718904,0.0,50.45205479452055,0.0,0.0,0.0,0.0869455458956234,0.0414488322547276,0.4332609285908227,0.0982501293007905,1.149060272197019,0.0,0.1549605955882611,9.73083098008394e-05,0.001091117259233,-0.1177899458199622,22816000.0,285729000.0,16823000.0,85595000.0,116853000.0,10238000.0,0.0,58.19255966307908,26.668879413792222,0.0,1.5465894698751583,3.3747199724280543,0.0,0.0023603054817286,0.0346930522580813,2007-05-16,0.00287,amc,,2025-04-25,2007-04-30,-0.4738675958188153,13.85409836065574,7695066.295081967
2007-01-31,CRM,USD,1108524,2007-03-09,2007-03-09 17:16:13,2007,Q4,144222000.0,33839000.0,110383000.0,0.7653686677,13331000,0.0,0.0,99128000.0,0.0,112459000.0,146298000.0,0.0,0.0,10513000.0,8437000.0,0.0585000901,-2076000.0,-0.0143944752,5966000.0,3890000.0,0.0269723066,2659000.0,516000.0,0.0035778175,0.0,0.0,449544000,480616000,https://www.sec.gov/Archives/edgar/data/1108524/000119312507051045/0001193125-07-051045-index.htm,https://www.sec.gov/Archives/edgar/data/1108524/000119312507051045/d10k.htm,0.3208184293417329,0.0011478298008648,0.0848837933550442,0.0679221611232715,0.5615112202587511,0.6371456409161284,0.5966735180538502,0.6268374174719271,0.0004048546972042,4927002240.0,4840576240.0,2387.1134883720933,34.16262595165786,129.11769805288398,161.36117901355863,17.484597591832244,17.484597591832244,33.56336925018375,573.7319236695508,126.85280641526244,158.53069496299207,0.0001047289964292,0.006197277474751,0.0006458687466952,0.0002737533692722,-10.243688514874956,1.1230067177397096,0.0,73.9515503875969,0.0,0.0,0.0,0.0924338866469748,0.027366312090874,0.1998217982651537,0.0528698811554409,0.7252924950061829,0.0,0.127235254672625,-0.0022512577057638,0.0007979735184137,-0.065540303062659,45905000.0,268231000.0,40689000.0,94254000.0,105750500.0,7265000.0,0.0,80.30931480634023,23.59112266910961,0.0,1.1206670137458914,3.814994363021421,0.0,0.0018311443587623,0.0169616322317726,2007-02-21,0.01966,bmo,144200000.0,2025-04-25,2007-01-31,0.017293997965412,13.89328125,6451528.8125
2006-10-31,CRM,USD,1108524,2006-11-17,2006-11-17 17:17:51,2007,Q3,130053000.0,31360000.0,98693000.0,0.7588675386,11450000,0.0,0.0,87366000.0,0.0,98816000.0,130176000.0,0.0,0.0,9166000.0,9043000.0,0.0695331903,-123000.0,-0.0009457683,4441000.0,4318000.0,0.0332018485,3418000.0,339000.0,0.0026066296,0.0,0.0,451540000,481116000,https://www.sec.gov/Archives/edgar/data/1108524/000119312506238445/0001193125-06-238445-index.htm,https://www.sec.gov/Archives/edgar/data/1108524/000119312506238445/d10q.htm,0.2880209948177348,0.0007507640519112,0.0678278779288656,0.0477078442662887,0.54236169553085,0.5764716304203393,0.5412300128449307,0.5677924436373301,0.0007529786951322,4407030400.0,4337046400.0,3250.022418879056,33.8864186139497,143.8936363339537,204.57851638659363,17.189379868242966,17.189379868242966,33.34829953941855,479.6026097534004,141.60859372449147,201.32979296258472,7.692254630238086e-05,0.0048880987977754,0.0013261513138649,0.0006118530329014,-7.739024659957979,1.2094791818870694,0.0,90.34513274336284,0.0,0.0,0.0,0.0880410294264645,0.0286365215075338,0.2966336892284585,0.0698561355754961,0.9911629936722672,0.0,0.0979349707799479,-9.795196145935934e-05,0.0006280382973677,0.025723081011649,61647000.0,244387000.0,60545000.0,105711000.0,79256000.0,5843000.0,0.0,57.305252473991374,16.243622448979593,0.0,1.5705366631243358,5.540636042402827,0.0,0.0013222508688241,0.0201200336625769,2006-11-15,0.01813,bmo,65050000.0,2025-04-25,2006-10-31,0.1031439602868174,10.854920634920637,6919374.285714285
2006-07-31,CRM,USD,1108524,2006-08-18,2006-08-18 17:04:12,2007,Q2,118137000.0,29131000.0,89006000.0,0.7534134099,11008000,0.0,0.0,79277000.0,0.0,90285000.0,119416000.0,0.0,0.0,8754000.0,7475000.0,0.0632739954,-1279000.0,-0.0108264134,3307000.0,2028000.0,0.0171665101,1713000.0,-145000.0,-0.0012273885,0.0,0.0,447352000,447352000,https://www.sec.gov/Archives/edgar/data/1108524/000119312506176211/0001193125-06-176211-index.htm,https://www.sec.gov/Archives/edgar/data/1108524/000119312506176211/d10q.htm,0.2640806344891718,-0.0003241295445197,0.0671104633487723,0.0608111733042436,0.596150235161573,0.5219089218333661,0.5057270337452386,0.5144025286575225,0.0011065112037053,2876473360.0,2726976360.0,-4959.436827586207,24.3486237165325,95.81218306575178,105.737147478312,12.499938553531,12.499938553531,23.08316920185886,364.8128909698997,90.8326014256212,100.24174239082488,-5.040894938098784e-05,0.0094574141997268,0.002151060972801,0.000987332228319,-19.99959866220736,1.3859835930352884,0.0,-207.04827586206892,0.0,0.0,0.0,0.0931799520895231,0.0144389858602057,0.0938644993671307,0.0238536614269873,0.3219099840073109,0.0,,-0.0008449714712413,-0.0002934557347322,0.1242712673688728,102948000.0,226238000.0,101790000.0,135029000.0,74020500.0,6873000.0,0.0,57.6733792122705,18.617280560227936,0.0,1.560511994082215,4.834218386989711,0.0,-0.0006301087698104,0.0062992900445286,2006-07-31,,,,,,,11.032222222222222,7861413.142857143
2006-04-30,CRM,USD,1108524,2006-05-19,2006-05-19 17:03:53,2007,Q1,104686000.0,24560000.0,80126000.0,0.7653936534,8825000,0.0,0.0,71421000.0,0.0,80246000.0,104806000.0,0.0,0.0,7452000.0,7332000.0,0.0700380185,-120000.0,-0.0011462851,2380000.0,2260000.0,0.021588369,2005000.0,-229000.0,-0.002187494,0.0,0.0,443828000,443828000,https://www.sec.gov/Archives/edgar/data/1108524/000119312506116421/0001193125-06-116421-index.htm,https://www.sec.gov/Archives/edgar/data/1108524/000119312506116421/d10q.htm,0.2358706525951494,-0.0005159656443487,0.027974801049055,0.0221279414547978,0.5253318853249457,0.4839149400218102,0.4676045675351712,0.4773853835269518,0.0014600250547509,3887933280.0,3760008280.0,-4244.468646288209,37.1389992931242,313.138956185567,395.87957234497503,18.34995436031282,18.34995436031282,35.917011634793575,512.8216421167485,302.83571842783505,382.8539130434783,-5.890018771104016e-05,0.002526020714018,0.0030583782099991,0.0014165296771711,-17.447490452809603,1.3751982557677258,0.0,-54.21834061135371,0.0,0.0,0.0,0.0842997153392048,0.0158244727361757,0.2090045103092783,0.0247884148787803,0.3482286634460547,0.0,,-6.17926633207353e-05,-0.0005086436096371,0.10077946862298,89657000.0,207536000.0,85935000.0,121682000.0,74232500.0,8966000.0,0.0,62.189117933630094,28.289902280130296,0.0,1.4471985291068197,3.181347150259068,0.0,-0.0010808157563114,0.0058468595942572,2006-05-17,0.00932,bmo,104700000.0,2025-04-25,2006-04-30,0.0729613733905579,10.937704918032788,6846335.213114754
2006-01-31,CRM,USD,1108524,2006-03-15,2006-03-15 17:09:23,2006,Q4,91064000.0,21340000.0,69724000.0,0.7656593165,6956000,0.0,0.0,57801000.0,-285000.0,64472000.0,85812000.0,0.0,0.0,6197000.0,11449000.0,0.125724765,5252000.0,0.057673724,2302000.0,7554000.0,0.0829526487,1330000.0,5957000.0,0.0654155319,0.0,0.0,429096000,474948000,https://www.sec.gov/Archives/edgar/data/1108524/000119312506055150/0001193125-06-055150-index.htm,https://www.sec.gov/Archives/edgar/data/1108524/000119312506055150/d10k.htm,0.2122229058299308,0.013882674273356,0.0916811156477804,0.078597796297332,0.4837262524003952,0.4632646307586181,0.4632646307586181,0.4576388500475418,0.0018620541790182,4402524960.0,4303481960.0,184.76267248615076,48.34539400860933,111.90963294356888,130.53801103006583,22.41942527155232,22.41942527155232,47.25777431257138,375.8827810289108,109.3920172852059,127.60131530569886,0.0013530871611458,0.0076606039276152,0.0040688289003977,0.0018378420651916,-8.65079919643637,1.2923473628129996,0.0,6.603995299647473,0.0,0.0,0.0,0.0763858385311429,0.0,0.1427046263345195,0.0616489501888781,0.90592222042924,0.0560155495036457,0.378084844348426,0.0215568631439265,0.0137021591769043,0.0668778082293938,68592000.0,198785000.0,67253000.0,92808000.0,64767500.0,8040000.0,0.0,75.23851357287182,43.06841611996251,0.0,1.19619588062211,2.08969839404622,0.0,0.0303354364952055,0.0130833193504483,2006-02-22,0.00993,bmo,91100000.0,2025-04-25,2006-01-31,0.0070493454179255,9.9115873015873,6258000.126984127
2005-10-31,CRM,USD,1108524,2005-11-18,2005-11-18 14:27:25,2006,Q3,82673000.0,19584000.0,63089000.0,0.7631149226,6602000,0.0,0.0,50100000.0,0.0,56702000.0,76286000.0,0.0,0.0,5119000.0,6387000.0,0.077256178,6387000.0,0.077256178,1950000.0,8337000.0,0.1008430806,-5101000.0,13097000.0,0.1584193146,0.03,0.0275,431124000,474620000,https://www.sec.gov/Archives/edgar/data/1108524/000119312505229314/0001193125-05-229314-index.htm,https://www.sec.gov/Archives/edgar/data/1108524/000119312505229314/d10q.htm,0.1917615349644185,0.0303787309451573,0.0569928837179094,0.044720312485503,0.4006387953349848,0.4270836232731186,0.4270836232731186,0.4221036175207133,0.0047874857349625,2694525000.0,2609234000.0,51.434011605711234,32.59256347295973,109.66281388628872,139.75752074688796,14.80679089345474,14.80679089345474,31.56089654421637,408.5226240801628,106.19160799316268,135.33371369294605,0.0048605969512251,0.0071552499976804,0.0113419680292781,0.0057422657467171,-13.353843745107248,1.4083975612561832,0.0,1.87607849125754,0.0,0.0,0.0,0.0798567851656526,0.0,0.2153351511944976,0.0639991290989803,1.0336003125610471,0.0,0.5371376686864227,0.0552923946934534,0.0364372356999777,0.0869036518495838,71004000.0,184126000.0,69550000.0,91857000.0,51795500.0,4904500.0,0.0,58.14026344755845,26.966911764705884,0.0,1.5479806017937725,3.3374233128834354,0.0,0.0719698426741547,0.0122725712324064,2005-11-16,0.02168,bmo,82700000.0,2025-04-25,2005-10-31,0.2726014760147601,7.421428571428572,8410120.698412698
2005-07-31,CRM,USD,1108524,2005-08-19,2005-08-19 16:04:41,2006,Q2,71943000.0,16237000.0,55706000.0,0.7743074378,5470000,0.0,0.0,46043000.0,0.0,51513000.0,67750000.0,0.0,0.0,4794000.0,4193000.0,0.0582822512,4193000.0,0.0582822512,2359000.0,6552000.0,0.0910720987,1310000.0,5040000.0,0.0700554606,0.0125,0.01,426456000,471896000,https://www.sec.gov/Archives/edgar/data/1108524/000119312505171607/0001193125-05-171607-index.htm,https://www.sec.gov/Archives/edgar/data/1108524/000119312505171607/d10q.htm,0.168699701727728,0.0118183353030558,0.0329975425366274,0.0250905134410115,0.3151790571594725,0.3920873431256683,0.3920873431256683,0.3878524396420733,0.0053135610707786,2567265120.0,2544391120.0,127.3445,35.68471039572995,182.4378283115406,239.93131962616823,15.521366851670477,15.521366851670477,35.36676424391532,606.8187741473885,180.8123308698124,237.79356261682244,0.00196317862177,0.0041678593755833,0.0136999552605168,0.007000849617672,-5.455282613880277,1.2907749649563651,0.0,2.792063492063492,0.0,0.0,0.0,0.0760324145504079,0.0,0.2396247868106878,0.0468704390976189,0.7033792240300375,0.0,0.3211461179050137,0.0197945170522085,0.0155711747895265,0.0365360084041495,45014000.0,167208000.0,43354000.0,62294000.0,46283500.0,3788000.0,0.0,62.77970059630541,21.844552565129025,0.0,1.4335844093735055,4.120020299416392,0.0,0.0304712155838502,0.0079070290956159,2005-08-17,0.01029,bmo,71900000.0,2025-04-25,2005-07-31,0.0379008746355684,7.741269841269841,7819250.793650794
2005-04-30,CRM,USD,1108524,2005-05-20,2005-05-20 06:06:34,2006,Q1,64177000.0,11965000.0,52212000.0,0.8135624912,4302000,0.0,0.0,43925000.0,-285000.0,47942000.0,59907000.0,0.0,0.0,4523000.0,4270000.0,0.0665347399,4270000.0,0.0665347399,1485000.0,5755000.0,0.0896738707,1151000.0,4380000.0,0.0682487496,0.01,0.01,420884000,465468000,https://www.sec.gov/Archives/edgar/data/1108524/000119312505111788/0001193125-05-111788-index.htm,https://www.sec.gov/Archives/edgar/data/1108524/000119312505111788/d10q.htm,0.1524814438182492,0.0104066678704821,0.0425532925936837,0.020796704079984,0.2982888396802919,0.3673244884576273,0.3673244884576273,0.3635134621415877,0.0056571406848442,1519391240.0,1481168240.0,86.72324429223744,23.675011920158312,84.83479843662758,173.5851982177539,9.930856422021346,9.930856422021346,23.07942471601976,346.8778079625293,82.70062758235622,169.2183525648349,0.002882733482128,0.0057608598559512,0.0155623966483002,0.0080812126231188,-8.95152224824356,1.3066699465333498,0.0,4.089041095890411,0.0,0.0,0.0,0.0670333608613677,0.0,0.5112786152987158,0.1426835159013353,2.0245412336944506,0.0,0.2917476426751775,0.0217603179962161,0.0148659014234609,0.0411021801731593,42387000.0,154601000.0,40571000.0,57676000.0,45628500.0,3080000.0,0.0,59.43671408760148,27.34224822398663,0.0,1.5142156053134512,3.291609353507565,0.0,0.0286280123139669,0.0217565885136997,2005-05-18,0.00601,bmo,64200000.0,2025-04-25,2005-04-30,0.5657237936772047,9.422419354838713,6891051.612903226
2005-01-31,CRM,USD,1108524,2005-03-25,2005-03-25 17:26:13,2005,Q4,54594000.0,10004000.0,44590000.0,0.8167564201,3159000,0.0,0.0,38210000.0,0.0,41369000.0,51373000.0,0.0,0.0,4795000.0,8016000.0,0.1468293219,3221000.0,0.0589991574,1318000.0,4539000.0,0.0831410045,603000.0,3586000.0,0.0656848738,0.0,0.0,302012000,443496000,https://www.sec.gov/Archives/edgar/data/1108524/000119312505061027/0001193125-05-061027-index.htm,https://www.sec.gov/Archives/edgar/data/1108524/000119312505061027/d10k.htm,0.180767651616492,0.0118737003827662,0.069957485133041,0.0624577831344449,0.3934214534521807,0.4851164854376647,0.4851164854376647,0.4805471305775929,0.0095360449253672,1035901160.0,1003050160.0,72.21843000557725,18.9746338425468,49.02977849299508,54.917094841753695,7.13769739063329,7.13769739063329,18.37290105139759,125.13100798403194,47.47492237788716,53.17553729523406,0.0034617202282117,0.0182092662199548,0.0198441408107158,0.010267416283124,-4.098178642714571,1.3572844438031153,0.0,5.891801450083658,0.0,0.0,0.0,0.0578635014836795,0.0,0.107203710715638,0.0414880756127046,0.4723670490093847,0.0,0.3583045277221859,0.0186965380391735,0.0127843593025287,0.0711412129319364,47044000.0,146511000.0,44727000.0,54681000.0,43204500.0,3184500.0,0.0,80.57039235080778,22.71591363454618,0.0,1.117035642672996,3.961980198019802,0.0,0.0247087114400093,0.007499701998596,2005-02-17,,bmo,,2025-04-25,2005-01-31,,7.123015873015873,6253428.825396826
2004-10-31,CRM,USD,1108524,2004-11-22,2004-11-22 16:16:58,2005,Q3,46361000.0,8905000.0,37456000.0,0.8079204504,2462000,0.0,0.0,33221000.0,0.0,35683000.0,44588000.0,0.0,0.0,5055000.0,1773000.0,0.0382433511,1773000.0,0.0382433511,799000.0,2572000.0,0.0554776644,342000.0,2153000.0,0.0464398956,0.005,0.005,409348000,464704000,https://www.sec.gov/Archives/edgar/data/1108524/000119312504201626/0001193125-04-201626-index.htm,https://www.sec.gov/Archives/edgar/data/1108524/000119312504201626/d10q.htm,0.1132557139646462,0.0052595835328375,0.032124256134145,0.028994889433929,0.279461485093368,0.3380619912641566,0.3380619912641566,0.3355457947760829,0.0074875167339281,2222759640.0,2203068640.0,258.10028332559216,47.94460084985224,169.03115133079845,187.27438200353865,16.182589931200173,16.182589931200173,47.51986885528785,1242.5655047941343,167.5337368821293,185.61535428427,0.0009686157519037,0.0053397586434491,0.0223144406829019,0.0124238456767854,-11.106034968979133,1.5396828396998508,0.0,6.107756618671621,0.0,0.0,0.0,0.0531049804792821,0.0,0.0974144486692015,0.0276309829382455,0.2534124629080119,0.0,0.1992704207255474,0.0108677510806482,0.0087270929011807,0.0836213930445489,57106000.0,138385000.0,54602000.0,63631000.0,33739500.0,2895500.0,0.0,72.86620219581113,38.850084222347,0.0,1.2351405355002,2.316597294484912,0.0,0.0156747115139601,0.0031293667002159,2004-11-17,,bmo,,2025-04-25,2004-10-31,,5.490625,5457600.0
2004-07-31,CRM,USD,1108524,2004-08-25,2004-08-25 16:51:33,2005,Q2,40581000.0,8182000.0,32399000.0,0.7983785515,2074000,0.0,0.0,29160000.0,0.0,31234000.0,39416000.0,0.0,0.0,4554000.0,1165000.0,0.0287080161,1165000.0,0.0287080161,353000.0,1518000.0,0.0374066681,202000.0,1170000.0,0.0288312264,0.005,0.0025,258096000,430996000,https://www.sec.gov/Archives/edgar/data/1108524/000119312504146497/0001193125-04-146497-index.htm,https://www.sec.gov/Archives/edgar/data/1108524/000119312504146497/d10q.htm,0.1572321926724939,0.0045331969499721,0.0578660653400285,0.0559907941231169,0.4500263467856921,0.5197290930506479,0.5197290930506479,0.5160366685264398,0.0060520116545781,838812000.0,779281000.0,179.23333333333335,20.670067272861683,56.1641781051222,58.04525638364128,6.29800205725784,6.29800205725784,19.20309997289372,668.9107296137339,52.17817207900904,53.92574908310844,0.0013948298307606,0.0172279366532667,0.0117278713387943,0.0068958514522345,-51.09957081545064,1.7503122212310438,0.0,12.764957264957266,0.0,0.0,0.0,0.0511076612207683,0.0,0.0324070974221627,0.0119267637564377,0.1062801932367149,0.0,0.2294213518100505,0.0073510903155146,0.005165266452698,0.1791387700700514,67288000.0,134140000.0,64595000.0,73274000.0,27217000.0,1864500.0,0.0,66.40940341539144,21.416524077242727,0.0,1.355229762222816,4.20236260914227,0.0,0.0087846411436551,0.0018752712169115,2004-08-25,,amc,,2025-04-25,2004-07-31,,4.341875,4130831.3125
2004-04-30,CRM,USD,1108524,2004-04-30,2004-04-30 00:00:00,2005,Q1,34839000.0,6363000.0,28476000.0,0.8173598553,2127000,0.0,0.0,25988000.0,0.0,28115000.0,34478000.0,0.0,0.0,4341000.0,4702000.0,0.1349636901,361000.0,0.0103619507,163000.0,524000.0,0.0150406154,70000.0,437000.0,0.012543414,0.0025,0.0025,126752000,401592000,,,0.2748595682908356,0.0034476773542034,0.0525356601868215,0.0503424009088614,0.3450280863418328,-0.3413279474880081,-0.3413279474880081,-0.3475763696036354,0.0001577884372633,545033600.0,539493600.0,311.804118993135,15.644352593358018,81.84916654152275,85.41507600689548,-12.371381877610313,-12.371381877610313,15.48533539998278,114.73704806465334,81.01720979125994,84.54687353079454,0.0008017854312101,0.011707535095084,-0.0004539676775013,0.0002151069619368,-1.1782220331773714,1.100095432856169,0.0,15.237986270022883,0.0,0.0,0.0,0.0610522690088693,0.0,0.0417480102117435,0.0079795631332701,0.064040543653536,0.0,,0.0159197235791879,0.0047000871183195,-0.584925681646049,7342000.0,-43264000.0,-55549000.0,11890000.0,25513000.0,1908500.0,0.0,63.265306122448976,25.205091937765204,0.0,1.4225806451612903,3.5707070707070705,0.0,-0.0099191937534047,0.0021932592779601,2004-08-19,,bmo,,2025-04-25,2004-04-30,,3.781147540983607,3606668.721311476
2004-01-31,CRM,USD,1108524,2004-01-31,2004-01-31 00:00:00,2004,Q4,24005000.0,0.0,0.0,0.0,0,0.0,0.0,0.0,0.0,0.0,0.0,0.0,0.0,0.0,-68300000.0,-2.8452405749,-68300000.0,-2.8452405749,68300000.0,0.0,0.0,0.0,878000.0,0.0365757134,0.0,0.0,118420000,381636000,,,0.2027106907616956,0.0074142881270055,,,0.3024151325789562,-0.3839047458199628,-0.3839047458199628,-0.3904492484377639,0.0006586725215335,509206000.0,498821000.0,144.99031890660592,21.21249739637576,0.0,0.0,-11.01295499275472,-11.01295499275472,20.77987919183504,-7.303382137628112,0.0,0.0,0.0017242530527919,,-0.0016869606592123,0.0008913165202088,0.1520497803806735,1.0591377881895838,0.0,0.0,,,0.0,0.0,0.0,0.0,,0.0,,,,0.0100330244197872,-0.6524151325789562,4140000.0,-45462000.0,-58827000.0,9209000.0,,,,99.4892730681108,0.0,0.0,0.9046201386795296,0.0,0.0,-0.0189891212665181,,2004-01-31,,amc,,2025-04-25,2004-01-31,,4.5096875,2902350.0
2003-10-31,CRM,USD,1108524,2003-10-31,2003-10-31 00:00:00,2004,Q3,24006000.0,0.0,0.0,0.0,0,0.0,0.0,0.0,0.0,0.0,0.0,0.0,0.0,0.0,24006000.0,1.0,24006000.0,1.0,-24006000.0,0.0,0.0,0.0,879000.0,0.036615846,0.0075,0.0025,117200000,351600000,,,0.2048293515358361,0.0075,,,,,,,,503960000.0,,143.33333333333334,20.993085062067816,0.0,0.0,0.0,0.0,,,0.0,0.0,0.0017441860465116,,0.0,0.0,,0.0,0.0,0.0,,,0.0,0.0,0.0,0.0,,0.0,,,0.0,0.0,,,,,,,,,,0.0,0.0,0.0,0.0,0.0,0.0,,2003-10-31,,amc,,2025-04-25,2003-10-31,,3.47234375,2276387.5
2003-07-31,CRM,USD,1108524,2003-07-31,2003-07-31 00:00:00,2004,Q2,24006000.0,0.0,0.0,0.0,0,0.0,0.0,0.0,0.0,0.0,0.0,0.0,0.0,0.0,24006000.0,1.0,24006000.0,1.0,-24006000.0,0.0,0.0,0.0,879000.0,0.036615846,0.0075,0.0025,117200000,351600000,,,0.2048293515358361,0.0075,,,,,,,,503960000.0,,143.33333333333334,20.993085062067816,0.0,0.0,0.0,0.0,,,0.0,0.0,0.0017441860465116,,0.0,0.0,,0.0,0.0,0.0,,,0.0,0.0,0.0,0.0,,0.0,,,0.0,0.0,,,,,,,,,,0.0,0.0,0.0,0.0,0.0,0.0,,2003-07-31,,amc,,2025-04-25,2003-07-31,,4.093333333333333,10942334.666666666
2003-04-30,CRM,USD,1108524,2003-04-30,2003-04-30 00:00:00,2004,Q1,18913000.0,3355000.0,15558000.0,0.8226087876,1240000,0.0,0.0,0.0,0.0,1240000.0,4595000.0,0.0,0.0,0.0,14318000.0,0.7570454185,17000.0,0.0008988526,384000.0,401000.0,0.0212023476,49000.0,368000.0,0.019457516,0.0025,0.001,114640000,366472000,,,0.1649773203070481,0.0032100488485694,,,,,,,,492952000.0,,334.8858695652174,26.064188653307248,0.0,0.0,0.0,0.0,,,0.0,0.0,0.0007465229880394,,0.0,0.0,,0.0,0.0,0.0,,,0.0,0.0655633691111933,0.0,0.0,,0.0,,,0.0,0.0,,,,,,,,,,,,0.0,0.0,0.0,0.0,,2003-04-30,,amc,,2025-04-25,2003-04-30,,,
