date,symbol,reportedCurrency,cik,fillingDate,acceptedDate,calendarYear,period,revenue,costOfRevenue,grossProfit,grossProfitRatio,researchAndDevelopmentExpenses,generalAndAdministrativeExpenses,sellingAndMarketingExpenses,sellingGeneralAndAdministrativeExpenses,otherExpenses,operatingExpenses,costAndExpenses,interestIncome,interestExpense,depreciationAndAmortization,ebitda,ebitdaratio,operatingIncome,operatingIncomeRatio,totalOtherIncomeExpensesNet,incomeBeforeTax,incomeBeforeTaxRatio,incomeTaxExpense,netIncome,netIncomeRatio,eps,epsdiluted,weightedAverageShsOut,weightedAverageShsOutDil,link,finalLink,revenuePerShare,netIncomePerShare,operatingCashFlowPerShare,freeCashFlowPerShare,cashPerShare,bookValuePerShare,tangibleBookValuePerShare,shareholdersEquityPerShare,interestDebtPerShare,marketCap,enterpriseValue,peRatio,priceToSalesRatio,pocfratio,pfcfRatio,pbRatio,ptbRatio,evToSales,enterpriseValueOverEBITDA,evToOperatingCashFlow,evToFreeCashFlow,earningsYield,freeCashFlowYield,debtToEquity,debtToAssets,netDebtToEBITDA,currentRatio,interestCoverage,incomeQuality,dividendYield,payoutRatio,salesGeneralAndAdministrativeToRevenue,researchAndDdevelopementToRevenue,intangiblesToTotalAssets,capexToOperatingCashFlow,capexToRevenue,capexToDepreciation,stockBasedCompensationToRevenue,grahamNumber,roic,returnOnTangibleAssets,grahamNetNet,workingCapital,tangibleAssetValue,netCurrentAssetValue,investedCapital,averageReceivables,averagePayables,averageInventory,daysSalesOutstanding,daysPayablesOutstanding,daysOfInventoryOnHand,receivablesTurnover,payablesTurnover,inventoryTurnover,roe,capexPerShare,report_date,epsEstimated,time,revenueEstimated,updatedFromDate,fiscalDateEnding,surprise(%),QuarterAvgPrice,QuarterAvgVolume
2025-03-31,CSGP,USD,1057352,2025-05-01,2025-04-30 18:06:16,2025,Q1,732200000.0,153300000.0,578900000.0,0.7906309751,94500000,141100000.0,368900000.0,510000000.0,17200000.0,621700000.0,775000000.0,0.0,0.0,47300000.0,4500000.0,0.0061458618,-42800000.0,-0.0584539743,36100000.0,-6700000.0,-0.0091505053,8100000.0,-14800000.0,-0.0202130565,-0.0360535931790499,-0.0360535931790499,410500000,410500000,https://www.sec.gov/Archives/edgar/data/1057352/000105735225000067/0001057352-25-000067-index.htm,https://www.sec.gov/Archives/edgar/data/1057352/000105735225000067/csgp-20250331.htm,1.7836784409257005,-0.0360535931790499,0.1295980511571254,-0.0633373934226552,9.662362971985385,20.843361753958582,9.563459196102317,20.843361753958582,2.7812423873325214,32523915000.0,29984815000.0,-549.3904560810812,44.41944140945097,611.3517857142858,-1250.9198076923076,3.8012102335148783,3.8012102335148783,40.95167304015296,6663.292222222222,563.6243421052632,-1153.2621153846153,-0.0004550497687624,-0.000799411755934,0.133435403567004,0.1094830314247082,-564.2444444444444,6.009525124240751,0.0,-3.5945945945945947,0.0,0.0,0.192706910680142,0.0,0.4440310315397819,0.0,0.0,0.0,0.0415187107347719,,-0.0097147816543624,-0.0025527364299636,5.480511571254568,3628900000.0,3925800000.0,2481400000.0,9453600000.0,197450000.0,42850000.0,0.0,25.44386779568424,22.720156555772995,0.0,3.53719806763285,3.9612403100775193,0.0,-0.0017297398377784,0.0,2025-04-29,0.1147,amc,716791778.0,2025-05-11,2025-03-31,0.2205754141238013,76.07483333333333,3210554.533333333
2024-12-31,CSGP,USD,1057352,2025-02-20,2025-02-19 17:48:29,2024,Q4,709400000.0,140900000.0,568500000.0,0.8013814491,82300000,124800000.0,308500000.0,433400000.0,12800000.0,528500000.0,669400000.0,0.0,0.0,39300000.0,79300000.0,0.1117846067,40000000.0,0.056385678,45000000.0,85000000.0,0.1198195658,25200000.0,59800000.0,0.0842965887,0.15,0.15,406900000,408400000,https://www.sec.gov/Archives/edgar/data/1057352/000105735225000016/0001057352-25-000016-index.htm,https://www.sec.gov/Archives/edgar/data/1057352/000105735225000016/csgp-20241231.htm,1.743425903170312,0.1469648562300319,0.2324895551732612,0.0388301794052592,11.504055050380927,18.563529122634552,11.287048414843944,18.563529122634552,0.3895305971983288,29129971000.0,24607471000.0,121.78081521739132,41.06282915139555,307.92781183932345,1843.6690506329112,3.8564865294234463,3.8564865294234463,34.68772342824923,310.3085876418663,260.1212579281184,1557.4348734177215,0.0020528685044005,0.0005423966951426,0.020983649963593,0.017122547748682,-57.03026481715006,8.962882491399602,0.0,1.5819397993311035,0.0,0.0,0.1759233154778686,0.116013532562729,0.3198513525192291,0.8329809725158562,0.1110797857344234,2.005089058524173,0.0305892303354947,7.834806554355695,0.0032211041573385,0.0094980940279542,7.664352420742197,4397900000.0,4592700000.0,3246900000.0,8476600000.0,186200000.0,65700000.0,0.0,23.838455032421766,30.021291696238467,0.0,3.775412453432677,2.997872340425532,0.0,0.0079168597338981,0.1936593757680019,2025-02-18,0.22,amc,701011185.0,2025-05-11,2024-12-31,0.1818181818181818,75.5209375,2823456.5
2024-09-30,CSGP,USD,1057352,2024-10-23,2024-10-23 16:52:54,2024,Q3,692600000.0,140600000.0,552000000.0,0.7969968236,81000000,105800000.0,331200000.0,437000000.0,10300000.0,518000000.0,674300000.0,55600000.0,0.0,35500000.0,59200000.0,0.0854750217,23700000.0,0.0342188854,54000000.0,77700000.0,0.1121859659,24700000.0,53000000.0,0.0765232457,0.13,0.13,406800000,408000000,https://www.sec.gov/Archives/edgar/data/1057352/000105735224000125/0001057352-24-000125-index.htm,https://www.sec.gov/Archives/edgar/data/1057352/000105735224000125/csgp-20240930.htm,1.7025565388397246,0.1302851524090462,0.2465585054080629,0.033677482792527,12.137659783677485,18.414700098328417,11.725172074729596,18.414700098328417,2.729596853490659,30688992000.0,26861792000.0,144.7593962264151,44.30983540282992,305.9720039880359,2240.0724087591243,4.096727049431992,4.096727049431992,38.78399075945712,453.7464864864865,267.8144765702891,1960.7147445255475,0.0017270036109364,0.0004464141409401,0.1482292320219994,0.1215052469169575,-64.64864864864865,9.631256952169077,0.0,1.8924528301886792,0.0,0.0,0.1527577245163153,0.1169506208489748,0.2977775832448817,0.8634097706879362,0.1250360958706324,2.4394366197183097,0.0314755991914525,7.347186209682309,0.0018630675186436,0.0082587963972948,8.42766715830875,4655700000.0,4769800000.0,3547500000.0,8394000000.0,197000000.0,92700000.0,0.5,23.974877274039848,54.02560455192034,0.0,3.753929539295393,1.6658767772511849,0.0,0.0070750624073901,0.2128810226155359,2024-10-22,0.1626,amc,695908961.0,2025-04-16,2024-09-30,0.3530135301353014,75.8359375,2247984.546875
2024-06-30,CSGP,USD,1057352,2024-07-25,2024-07-24 17:31:45,2024,Q2,677800000.0,151300000.0,526500000.0,0.7767778106,79600000,109900000.0,358400000.0,468300000.0,-1500000.0,547900000.0,699200000.0,53500000.0,0.0,38800000.0,22700000.0,0.0334907052,-21400000.0,-0.0315727353,52000000.0,35900000.0,0.0529654765,16700000.0,19200000.0,0.0283269401,0.0473,0.0471,406000000,407400000,https://www.sec.gov/Archives/edgar/data/1057352/000105735224000091/0001057352-24-000091-index.htm,https://www.sec.gov/Archives/edgar/data/1057352/000105735224000091/csgp-20240630.htm,1.6694581280788177,0.0472906403940886,0.1347290640394088,-0.0923645320197044,12.116995073891626,18.21600985221675,11.501477832512316,18.21600985221675,2.674876847290641,29995280000.0,26161780000.0,390.5635416666666,44.25388020064916,548.3597806215721,-799.8741333333334,4.0557729491461245,4.0557729491461245,38.59808203009737,1152.501321585903,478.27751371115176,-697.6474666666667,0.0006401007091782,-0.0012501966976137,0.1468420839136255,0.1197710454049165,-168.87665198237886,9.27042905465551,0.0,2.848958333333333,0.0,0.0,0.162142224845087,0.1174387724992623,0.3006517927056566,1.6855575868372945,0.1360283269401003,2.3762886597938144,0.0334907052227795,4.402562021717363,-0.0013326880937962,0.0030278180785971,8.386761084975369,4645500000.0,4669600000.0,3535600000.0,8294100000.0,206350000.0,107300000.0,1.0,27.81794039539687,60.07931262392598,5.948446794448117e-07,3.235322195704057,1.498019801980198,151300000.0,0.0025961031410143,0.2270935960591133,2024-07-23,0.1048,amc,677268143.0,2025-04-16,2024-06-30,0.431297709923664,84.74904761904762,2293314.793650794
2024-03-31,CSGP,USD,1057352,2024-04-24,2024-04-24 17:30:26,2024,Q1,656400000.0,155800000.0,500600000.0,0.7626447288,82400000,98500000.0,366100000.0,464600000.0,3200000.0,547000000.0,702800000.0,56200000.0,0.0,33300000.0,-9500000.0,-0.0144728824,-46400000.0,-0.0706886045,54300000.0,11500000.0,0.017519805,4800000.0,6700000.0,0.0102071907,0.0165,0.0164,405600000,407300000,https://www.sec.gov/Archives/edgar/data/1057352/000105735224000059/0001057352-24-000059-index.htm,https://www.sec.gov/Archives/edgar/data/1057352/000105735224000059/csgp-20240331.htm,1.618343195266272,0.0165187376725838,0.3441814595660749,-0.5934418145956607,12.20808678500986,18.103057199211044,11.326183431952662,18.103057199211044,2.6947731755424065,38337312000.0,34478712000.0,1430.4967164179102,58.4054113345521,274.6225787965616,-159.27425010386372,5.221217552365648,5.221217552365648,52.52698354661791,-3629.338105263158,246.9821776504298,-143.2435064395513,0.0001747644696633,-0.0062784787832803,0.1488573529812328,0.1209806851513642,406.1684210526316,9.090623910770304,0.0,20.83582089552239,0.0,0.0,0.1500609384521633,0.125533211456429,0.304244839227406,2.724212034383954,0.5793723339427178,11.420420763376,0.0347349177330895,2.5939144533455254,-0.0031622402796051,0.0010658945559833,8.412475346400395,4642400000.0,4593900000.0,3524300000.0,8257000000.0,208200000.0,68350000.0,0.5,27.861060329067644,65.62259306803595,5.776636713735559e-07,3.2303149606299213,1.3714788732394363,155800000.0,0.0009124833165363,0.9376232741617356,2024-04-23,0.06621,amc,649509727.0,2025-04-16,2024-03-31,0.5103458692040477,86.08491803278689,2230226.180327869
2023-12-31,CSGP,USD,1057352,2024-02-22,2024-02-21 18:04:05,2023,Q4,640100000.0,136276000.0,503824000.0,0.7871020153,69750000,107058000.0,246747000.0,353805000.0,3745000.0,434444000.0,570800000.0,59719000.0,59719000.0,28700000.0,98024000.0,0.1531385721,69339000.0,0.1083252617,63464000.0,132700000.0,0.207311356,36300000.0,96475000.0,0.1507186377,0.24,0.24,405800000,407500000,https://www.sec.gov/Archives/edgar/data/1057352/000105735224000013/0001057352-24-000013-index.htm,https://www.sec.gov/Archives/edgar/data/1057352/000105735224000013/csgp-20231231.htm,1.5773780187284376,0.2377402661409561,0.3659807787087235,0.3384820108427797,12.853376047313947,18.084277969443075,11.431000492853622,18.084277969443075,2.686591917200591,35462862000.0,31277462000.0,91.896506867064,55.40206530229651,238.783032016968,258.18211071959,4.832374294824626,4.832374294824626,48.863399468833,319.07963355912835,210.6013668652998,227.7109263519613,0.0027204516093483,0.0038732350479777,0.1404218788324748,0.1155307913943294,-42.69770668407737,12.014260640631855,1.1610877610140826,1.5394143560507905,0.0,0.0,0.1672519918762693,0.1089673488517419,0.3026895523392042,0.0751371915294751,0.0174332135603811,0.3890186508628203,0.0331666927042649,9.835426975581925,0.0058955934434679,0.0155109489051094,9.351158206012814,5020300000.0,4638700000.0,3895000000.0,8272200000.0,213471000.0,24483000.0,0.0,29.97656616153726,15.255804396959112,0.0,3.00234521575985,5.899393939393939,0.0,0.0131462404273294,0.0274987678659438,2024-02-20,0.32,amc,634250000.0,2025-04-16,2023-12-31,0.03125,80.94079365079365,2038602.761904762
2023-09-30,CSGP,USD,1057352,2023-10-25,2023-10-25 15:35:48,2023,Q3,624669000.0,123666000.0,501003000.0,0.8020295549,67891000,94371000.0,266893000.0,361264000.0,465000.0,439409000.0,563075000.0,58422000.0,58422000.0,27125000.0,88719000.0,0.1420256168,61594000.0,0.0986026199,58887000.0,120481000.0,0.1928717449,29907000.0,90574000.0,0.1449951895,0.22,0.22,405649000,407229000,https://www.sec.gov/Archives/edgar/data/1057352/000105735223000127/0001057352-23-000127-index.htm,https://www.sec.gov/Archives/edgar/data/1057352/000105735223000127/csgp-20230930.htm,1.5399249104521398,0.2232817041333764,0.1050292247731413,0.0918651346361016,12.892623918708043,17.774386230460323,11.388550199803278,17.774386230460323,2.8751309629753803,31190351610.0,27068343610.0,86.09079760748118,49.931006036797086,732.081953057153,836.9878333556957,4.325887769234589,4.325887769234589,43.33229856131808,305.1019917943169,635.3325574463091,726.3744427747216,0.0029039108353931,0.0011947604972831,0.1536542452166816,0.1263013650217661,-46.46138933035765,13.312071040010846,1.0542946150422785,0.4703888533133128,0.0,0.0,0.1510736085831056,0.1086831586007949,0.2953157642428937,0.1253374017134139,0.0085485273000581,0.1968663594470046,0.0350105415828222,9.449637192395008,0.0054869898373342,0.014653030367497,9.438439389718695,5085661000.0,4619754000.0,3937231000.0,8165022000.0,204998500.0,43706000.0,0.5,30.79515711520821,18.824414147785163,0.0,2.9225374516940983,4.781025284156808,0.0,0.0125619923657748,0.0131640901370396,2023-10-24,0.3,amc,625870000.0,2025-04-16,2023-09-30,0.0,82.84666666666666,1912366.380952381
2023-06-30,CSGP,USD,1057352,2023-07-26,2023-07-26 15:50:28,2023,Q2,605906000.0,112362000.0,493544000.0,0.8145553931,63369000,90563000.0,250026000.0,340589000.0,10440000.0,414398000.0,526760000.0,51911000.0,51911000.0,33441000.0,105200000.0,0.1736242916,79146000.0,0.1306242222,52520000.0,131666000.0,0.2173043343,31146000.0,100500000.0,0.1658673128,0.25,0.25,405429000,406751000,https://www.sec.gov/Archives/edgar/data/1057352/000105735223000111/0001057352-23-000111-index.htm,https://www.sec.gov/Archives/edgar/data/1057352/000105735223000111/csgp-20230630.htm,1.4944811545301395,0.2478855730596479,0.4320460549196037,0.4199995560258392,12.838980438005176,17.51495822943105,11.061973859788027,17.51495822943105,2.8458965688196947,36083181000.0,31979784000.0,89.7591567164179,59.552440477565824,205.99655751181749,211.9049859055673,5.0813709535687,5.0813709535687,52.78010780550118,303.9903422053232,182.57052819072413,187.80704721634956,0.0027852311579735,0.0047190961351217,0.1551734723996602,0.1267762688752477,-39.00567490494296,12.29718028343967,1.5246479551540135,1.7425785913251095,0.0,0.0,0.1494670790518661,0.1045855297686439,0.3010038112336012,0.0278824415975885,0.0080606562734153,0.1873920884011817,0.0361442203906216,9.883742853843984,0.0072541395210665,0.0165419927126349,9.278774459893102,5002109000.0,4484845000.0,3854282000.0,8057282000.0,189006500.0,46605000.0,0.5,29.1513039976498,49.29727131948523,8.009825385806589e-07,3.0873404499248425,1.8256588567900431,112362000.0,0.0141527927051014,0.0120464988937643,2023-07-25,0.3,amc,607200000.0,2025-04-16,2023-06-30,0.0333333333333333,77.2058064516129,2691687.096774193
2023-03-31,CSGP,USD,1057352,2023-04-26,2023-04-26 16:24:54,2023,Q1,584400000.0,119200000.0,465200000.0,0.7960301164,66600000,89500000.0,226300000.0,315800000.0,10600000.0,393000000.0,512200000.0,0.0,0.0,25600000.0,97800000.0,0.1673511294,72200000.0,0.1235455168,44100000.0,116300000.0,0.1990075291,29200000.0,87100000.0,0.1490417522,0.22,0.21,404490000,406200000,https://www.sec.gov/Archives/edgar/data/1057352/000105735223000075/0001057352-23-000075-index.htm,https://www.sec.gov/Archives/edgar/data/1057352/000105735223000075/csgp-20230331.htm,1.4447823184751167,0.2153328883285124,0.3045810774061163,0.2561249969096887,12.498815792726644,17.220719918910234,10.717337882271504,17.220719918910234,2.713733343222329,27849136500.0,23891168500.0,79.93437571756601,47.65423767967145,226.04818587662336,268.81405888030883,3.9980906909934215,3.9980906909934215,40.88153405201916,244.2859764826175,193.9218222402597,230.6097345559845,0.0031275655530648,0.0037200435281,0.1575853597294938,0.1288821582282404,-40.47002044989775,13.210370529224155,0.0,1.4144661308840414,0.0,0.0,0.1531485284052019,0.1139630390143737,0.3088622965694608,0.1590909090909091,0.0335386721423682,0.765625,0.0342231348391512,9.134233168843128,0.0066330704513422,0.0147969228516303,9.000621770624738,4896615000.0,4335056000.0,3746333000.0,7934178000.0,173949000.0,30062000.0,0.5,27.99147843942505,23.90738255033557,0.0,3.2152642524675668,3.764527539161192,0.0,0.0125042907231801,0.0484560804964276,2023-04-25,0.25,amc,579380000.0,2025-04-16,2023-03-31,0.1599999999999999,73.78645161290324,2184129.0322580645
2022-12-31,CSGP,USD,1057352,2023-02-22,2023-02-22 16:33:56,2022,Q4,573345000.0,109194000.0,464151000.0,0.8095492243,58403000,92161000.0,173486000.0,265647000.0,12939000.0,336989000.0,446183000.0,32561000.0,10352000.0,43283000.0,202818000.0,0.3537451273,127162000.0,0.2217896729,32373000.0,159535000.0,0.2782530588,35163000.0,124372000.0,0.2169234928,0.31,0.31,404185000,406087000,https://www.sec.gov/Archives/edgar/data/1057352/000105735223000030/0001057352-23-000030-index.htm,https://www.sec.gov/Archives/edgar/data/1057352/000105735223000030/csgp-20221231.htm,1.4185212217177778,0.3077105780768707,0.4577878941573784,0.4208864752526689,12.29132699135297,16.997466506673923,10.455746749631976,16.997466506673923,2.76094362729938,31235416800.0,27373026800.0,62.78627182967227,54.479269549747535,168.81180342753376,183.6124573820217,4.546559922307045,4.546559922307045,47.742679887327874,134.9634983088286,147.93751749706806,160.9080086529192,0.0039817621386758,0.0054462535617581,0.1609258410441388,0.1315779764759648,-19.043625319251746,13.917493928049058,12.283809891808346,1.4877223169202072,0.0,0.0,0.1607426593063513,0.1018636248680986,0.3146771128013548,0.0806081143159794,0.0260140055289572,0.534549494659881,0.0368190182176525,10.848122210951756,0.0122359275968451,0.0215983419019676,8.808407042567142,4813252000.0,4226056000.0,3653518000.0,7858959000.0,161594000.0,29947500.0,0.5,26.079585589828117,23.45733282048464,8.242211110500576e-07,3.450975081256771,3.836753338018271,109194000.0,0.0181033201598632,0.0369014189047094,2023-02-21,0.36,amc,569737303.0,2025-04-16,2022-12-31,0.0555555555555556,78.13746031746031,2616109.523809524
2022-09-30,CSGP,USD,1057352,2022-10-26,2022-10-26 16:32:44,2022,Q3,556921000.0,108364000.0,448557000.0,0.8054230313,56912000,91270000.0,185395000.0,276665000.0,29651000.0,363228000.0,471592000.0,10656000.0,10656000.0,53884000.0,85329000.0,0.1532156266,85329000.0,0.1532156266,12045000.0,97374000.0,0.1748434697,25084000.0,72290000.0,0.1298029703,0.18,0.18,394712000,396209000,https://www.sec.gov/Archives/edgar/data/1057352/000105735222000121/0001057352-22-000121-index.htm,https://www.sec.gov/Archives/edgar/data/1057352/000105735222000121/csgp-20220930.htm,1.4109553294554005,0.1831461926670585,0.2064543261922617,0.1737393339954194,12.096072579501003,16.991913091063864,10.290898173858409,16.991913091063864,2.8439723139909603,27491690800.000004,23829119800.000004,95.07432148291603,49.363717295630806,337.36275371211195,400.8879186899399,4.099008724134148,4.099008724134148,42.787253129258914,279.26167891338235,292.4177175113512,347.4797643524798,0.0026295217899075,0.002494462799647,0.165783299378313,0.1354999468063261,-42.92293358647119,15.36205838493308,8.00760135135135,1.1272651819062112,0.0,0.0,0.1638832078517419,0.1021904363455499,0.3223269752370957,0.1584611608786354,0.0231864124355159,0.2815989183531053,0.0325683535007658,8.367801040121154,0.0079702047153194,0.0129997129956848,8.596901031638257,4680681000.0,4061941000.0,3507636000.0,7726233000.0,159249500.0,31783500.0,-3142000.0,25.37939851433148,26.10784024214684,0.0,3.546183332484336,3.4472403372037537,0.0,0.0107784327571317,0.0327149921968422,2022-10-25,0.24,amc,555645211.0,2025-04-16,2022-09-30,0.25,69.4234375,2913481.25
2022-06-30,CSGP,USD,1057352,2022-07-27,2022-07-27 16:04:36,2022,Q2,536308000.0,100971000.0,435337000.0,0.811729454,51587000,77345000.0,181344000.0,258689000.0,1343000.0,325154000.0,426125000.0,0.0,3399000.0,39480000.0,142120000.0,0.2649969793,110183000.0,0.205447243,-2056000.0,108127000.0,0.201613625,24654000.0,83473000.0,0.1556437719,0.21,0.21,393342000,394478000,https://www.sec.gov/Archives/edgar/data/1057352/000105735222000084/0001057352-22-000084-index.htm,https://www.sec.gov/Archives/edgar/data/1057352/000105735222000084/csgp-20220630.htm,1.3634648728078873,0.2122148156057578,0.2069242542113478,0.1602854513375129,10.095934326870765,14.959889866833445,8.097106334945162,14.959889866833445,2.85629553925083,23761790220.0,20917776220.0,71.1660962826303,44.30623861661582,291.9425769117358,376.8901013529589,4.038131332365682,4.038131332365682,39.00328956495148,147.1839024767802,257.0003958620012,331.78067505194537,0.0035129087171951,0.0026532933510596,0.1903526182062836,0.1509419266090157,-20.01135660005629,11.946738105443634,32.41629891144454,0.9750697830436188,0.0,0.0,0.1442175018832462,0.0961891301267182,0.3637666984514229,0.2253907017888736,0.0342060905300685,0.5744121238688669,0.0337716386852331,8.451685102119065,0.0119104425656083,0.0176799870036538,6.489788148735705,3830811000.0,3184932000.0,2644366000.0,6927088000.0,148214500.0,25661500.0,-3141999.5,27.09374091007406,28.640698814511097,-5.601212229253944,3.321800422419186,3.1423814266152124,-16.06795035009548,0.0141855867586461,0.0466388028738349,2022-07-26,0.21,amc,532203036.0,2025-04-16,2022-06-30,0.3333333333333335,60.56967741935484,2047940.322580645
2022-03-31,CSGP,USD,1057352,2022-04-28,2022-04-27 17:38:22,2022,Q1,515825000.0,95479000.0,420346000.0,0.8149004023,54021000,77961000.0,143997000.0,221958000.0,16092000.0,292071000.0,387550000.0,7718000.0,7718000.0,39727000.0,128275000.0,0.2486793002,128275000.0,0.2486793002,-6854000.0,121421000.0,0.235391848,32103000.0,89318000.0,0.1731556245,0.23,0.23,392895000,394234000,https://www.sec.gov/Archives/edgar/data/1057352/000105735222000054/0001057352-22-000054-index.htm,https://www.sec.gov/Archives/edgar/data/1057352/000105735222000054/csgp-20220331.htm,1.3128825767698749,0.2273330024561269,0.3326766693391364,0.3010753509207294,10.000374145764136,14.75533666755749,7.809178024663078,14.75533666755749,2.8659641889054326,26170735950.0,23359943950.0,73.25157289124253,50.73568739398052,200.2244405425876,221.24029681040824,4.514298894070996,4.514298894070996,45.28656802210052,182.1083137789905,178.7199151537408,197.47862432475844,0.0034128959984405,0.0045199722402151,0.1929010721891474,0.1519964411544121,-21.91223543168973,11.075941058091006,16.620238403731538,1.463389238451376,0.0,0.0,0.1511384675035137,0.1047273784713807,0.3709320440446557,0.0949910869349002,0.0240701788397227,0.3857098477788133,0.0345989434401202,8.687544946931418,0.0134418276890026,0.0192981011945774,6.2871416039908885,3730063000.0,3068187000.0,2540114000.0,6838447000.0,129897500.0,20717500.0,1.0,23.55066156157612,18.08973701023261,9.42615653703956e-07,3.821548696824668,4.9751967067896405,95479000.0,0.0154068326313396,0.0316013184184069,2022-04-26,0.28,amc,512475299.0,2025-04-16,2022-03-31,0.107142857142857,66.39177419354839,2768445.1612903224
2021-12-31,CSGP,USD,1057352,2022-02-23,2022-02-23 16:40:08,2021,Q4,506786000.0,86330000.0,420456000.0,0.8296519636,52522000,69964000.0,138653000.0,208617000.0,909000.0,280071000.0,366401000.0,7923000.0,7923000.0,40423000.0,181717000.0,0.3585675216,140385000.0,0.2770104147,-7014000.0,133371000.0,0.2631702533,40471000.0,92900000.0,0.1833120883,0.24,0.24,392538000,394532000,https://www.sec.gov/Archives/edgar/data/1057352/000105735222000027/0001057352-22-000027-index.htm,https://www.sec.gov/Archives/edgar/data/1057352/000105735222000027/csgp-20211231.htm,1.291049528962801,0.2366649853007861,0.3834354890481941,0.2721418053793518,9.749695570874668,14.55062185062338,7.527920863712557,14.55062185062338,2.877553255990503,31022278140.0,28316778140.0,83.48298745963402,61.213763087378105,206.1102904068087,290.4000724542714,5.4313829890792045,5.4313829890792045,55.87521782369679,155.8289986077252,188.13509889511204,265.0738410124876,0.0029946221093355,0.0034435253116456,0.196374371637587,0.1545605537152307,-14.88853546998905,11.77518313260838,17.718667171525937,1.6201614639397202,0.0,0.0,0.1380543266783218,0.1036374327625467,0.379871297147214,0.2902539979935288,0.0862040387856018,1.1753928110202323,0.0329942026812106,8.802358257529018,0.0140280562649546,0.0206435544778736,6.051744673127188,3649436000.0,2954995000.0,2442926000.0,6778224000.0,120234000.0,19865500.0,0.5,22.16622006132766,23.18962122089656,1.0425112938723503e-06,4.06023217991139,3.88104657435713,86330000.0,0.0162649395833654,0.1112936836688422,2022-02-22,0.29,amc,501282497.0,2025-04-16,2021-12-31,0.2068965517241379,83.91109374999999,1660568.75
2021-09-30,CSGP,USD,1057352,2021-10-27,2021-10-27 16:11:20,2021,Q3,499319000.0,92597000.0,406722000.0,0.8145534218,53143000,64671000.0,180055000.0,244726000.0,1546000.0,316990000.0,409587000.0,7943000.0,7943000.0,41856000.0,89732000.0,0.1797087633,89732000.0,0.1797087633,-6397000.0,83335000.0,0.1668973141,19031000.0,64304000.0,0.128783403,0.16,0.16,392419000,394295000,https://www.sec.gov/Archives/edgar/data/1057352/000105735221000104/0001057352-21-000104-index.htm,https://www.sec.gov/Archives/edgar/data/1057352/000105735221000104/csgp-20210930.htm,1.2724129055932565,0.1638656639969012,0.2521004334652501,0.2305928102359977,9.585639329390268,14.279183729635925,7.2932477785224465,14.279183729635925,2.891322795277497,33771579140.0,31136659140.0,131.29657229721323,67.63527752799313,341.37188428064576,373.21198311396967,6.026955155803872,6.026955155803872,62.35825021679528,346.99615677796106,314.73742926745444,344.0933057056659,0.0019040862653602,0.0026794423685335,0.2010676331235389,0.1579886517439418,-29.36432933624571,12.176143096632526,11.296991061311846,1.538457949738741,0.0,0.0,0.1295184040663383,0.1064309589661118,0.384419088987222,0.0853137098323039,0.0169030219158493,0.2491586467497195,0.0326424590291977,7.255827194178976,0.0100792749360518,0.0146481629886043,5.91314959265479,3593320000.0,2862009000.0,2386944000.0,6679564000.0,111960000.0,16931500.0,0.5,20.84557166861265,16.996554963983716,0.0,4.317463748692186,5.295190713101161,0.0,0.0114758425341081,0.0215076232292524,2021-10-26,0.23,amc,497470000.0,2025-04-16,2021-09-30,0.0869565217391303,86.4371875,1668395.3125
2021-06-30,CSGP,USD,1057352,2021-07-28,2021-07-28 14:56:14,2021,Q2,480333000.0,89566000.0,390767000.0,0.8135335278,48573000,58226000.0,164612000.0,222838000.0,847000.0,289756000.0,379322000.0,7877000.0,7877000.0,39759000.0,141617000.0,0.2948308777,101011000.0,0.2102936921,-7030000.0,93981000.0,0.1956580123,32833000.0,61148000.0,0.12730335,0.16,0.16,392306000,394098000,https://www.sec.gov/Archives/edgar/data/1057352/000105735221000082/0001057352-21-000082-index.htm,https://www.sec.gov/Archives/edgar/data/1057352/000105735221000082/csgp-20210630.htm,1.2243835169485044,0.1558681233526889,0.3375834170265048,0.3312771153130464,9.367455506670812,14.08907077638374,7.026647565930676,14.08907077638374,2.9413417077485438,32490782920.0,29961902920.0,132.836654183293,67.64220430409736,245.33195596363527,250.00217694402977,5.8783152781675145,5.8783152781675145,62.37735679205883,211.56995925630395,226.2368458727234,230.543565965436,0.0018820106659344,0.0039999651691988,0.2073424883761785,0.1619688411493334,-17.857178163638547,11.616022368397031,12.823536879522662,2.16582717341532,0.0,0.0,0.1212200702429356,0.1011235955056179,0.3915746393175207,0.0186807212540396,0.0051505934424659,0.0747296562556636,0.0315281273616428,7.02928395985027,0.0096586188954011,0.0142040049867792,5.627555404454686,3489253000.0,2756596000.0,2269544000.0,6618299000.0,109033500.0,16623000.0,-1674499.5,20.286363835089407,16.455351361007526,1.0048455887278657e-06,4.436477662119351,5.469345383488031,89566000.0,0.0110630520512365,0.0063063017134583,2021-07-27,0.23,amc,497470000.0,2025-04-16,2021-06-30,0.1304347826086956,86.44825396825397,2295903.1746031744
2021-03-31,CSGP,USD,1057352,2021-04-28,2021-04-28 12:33:34,2021,Q1,457697000.0,88748000.0,368949000.0,0.8060987946,46784000,63850000.0,138687000.0,202537000.0,-50000.0,267740000.0,356488000.0,7878000.0,7878000.0,41893000.0,143052000.0,0.312547384,101209000.0,0.2211266406,-7928000.0,93281000.0,0.2038051375,19069000.0,74212000.0,0.1621422032,0.19,0.19,391578000,393715000,https://www.sec.gov/Archives/edgar/data/1057352/000105735221000067/0001057352-21-000067-index.htm,https://www.sec.gov/Archives/edgar/data/1057352/000105735221000067/csgp-20210331.htm,1.1688526934608174,0.1895203509900964,0.2243563223674466,0.1972378427797271,9.424165811153845,13.910191583796845,7.113801081776811,13.910191583796845,2.88385200394302,32183795820.0,29614874820.0,108.41843576510536,70.31681619062392,366.33690164251647,416.7050239531813,5.908617397889635,5.908617397889635,64.70410516127481,207.0217460783491,337.0957715729685,383.4434940570215,0.0023058808977989,0.0023997790823667,0.2058730384574783,0.1615355350807429,-17.95795235299052,13.174305064883589,12.847042396547348,1.1838112434646688,0.0,0.0,0.1395027714841915,0.1022160949274301,0.3833661938374562,0.1208723663392257,0.0232009386122259,0.2998870375600113,0.0339635173488137,7.701684802967785,0.0120040126893606,0.0173366032386639,5.81218556711562,3532192000.0,2785608000.0,2327281000.0,6523938000.0,106873500.0,16301000.0,-32724000.0,21.59030974640428,17.107991165998108,-3.396245549195475,4.168536767518534,5.260699466508595,-26.499850701702,0.0136245679901963,0.0271184795877194,2021-04-27,0.24,amc,454030000.0,2025-04-16,2021-03-31,0.1666666666666668,86.33262295081967,3513836.0655737706
2020-12-31,CSGP,USD,1057352,2021-02-24,2021-02-24 16:27:24,2020,Q4,444393000.0,78154000.0,366239000.0,0.8241331434,41573000,118100000.0,133576000.0,251676000.0,-856000.0,311029000.0,389183000.0,7913000.0,0.0,33033000.0,88243000.0,0.1985697344,55210000.0,0.1242368804,-8769000.0,46441000.0,0.1045043464,10652000.0,35789000.0,0.0805345719,0.091,0.091,391370000,393950000,https://www.sec.gov/Archives/edgar/data/1057352/000105735221000032/0001057352-21-000032-index.htm,https://www.sec.gov/Archives/edgar/data/1057352/000105735221000032/csgp-20201231.htm,1.1354804916064083,0.0914454352658609,0.3341288294963845,0.318261491683062,9.59683164269106,13.73472417405524,6.931075452896236,13.73472417405524,2.922007307662825,36174329100.0,33562003100.0,252.6916727206684,81.40166271745954,276.6298261042457,290.42156344835337,6.729658260964524,6.729658260964524,75.52324879104756,380.3361524426867,256.6530274990823,269.4487957417428,0.0009893479959521,0.003443270493163,0.2127459765943074,0.1653675409447293,-29.60377593690151,11.753096569442343,0.0,3.653860124619297,0.0,0.0,0.2657557612293623,0.0935500784215773,0.3850444369250168,0.0474886822464211,0.013974117504101,0.1879938243574607,0.0285040493437115,5.315966627335337,0.0063981269666453,0.0084156422920532,5.78164716253162,3557662000.0,2712615000.0,2348451000.0,6455471000.0,104481500.0,17999000.0,-31049500.0,21.05210928164935,18.116539140670984,-71.51150293011234,4.275106061626374,4.9678362573099415,-1.2585387848435563,0.0066579739139283,0.0158673378133224,2021-02-23,0.24,amc,363259008.0,2025-04-16,2020-12-31,0.2083333333333333,87.68015625,1700578.125
2020-09-30,CSGP,USD,1057352,2020-10-28,2020-10-28 14:32:49,2020,Q3,425620000.0,77865000.0,347755000.0,0.8170551196,40732000,65322000.0,146634000.0,211956000.0,-338000.0,270946000.0,348811000.0,7537000.0,7537000.0,31676000.0,108485000.0,0.2548869884,76809000.0,0.180463794,-7875000.0,68934000.0,0.161961374,10748000.0,58186000.0,0.1367088013,0.15,0.15,391586000,394013000,https://www.sec.gov/Archives/edgar/data/1057352/000105735220000126/0001057352-20-000126-index.htm,https://www.sec.gov/Archives/edgar/data/1057352/000105735220000126/csgp-20200930.htm,1.0869132195737334,0.1485906033412839,0.2724612218005751,0.1974968461589535,9.877281108109074,13.580817496028969,7.376083414626672,13.580817496028969,2.949673890282084,33226072100.0,30505781100.0,142.75801782215652,78.06510995723885,311.4204635774004,429.6271138006387,6.247782950091932,6.247782950091932,71.67374911893238,281.198148131078,285.9237909121583,394.4526048333915,0.0017512151248236,0.0023275998368762,0.2157768869764113,0.1688184690300964,-25.075273079227543,16.348646123592985,10.190924771129096,1.833636957343691,0.0,0.0,0.1534749306893473,0.095700390019266,0.3574475253132666,0.2751377797773029,0.0689699732155443,0.926726859451951,0.0393073633757812,6.738292957126694,0.0098006306720931,0.013322074769017,6.3007832251408376,3762122000.0,2888371000.0,2527966000.0,6425409000.0,109340500.0,23565000.0,0.5,22.205864386072083,23.42438836447698,0.0,4.052983411735578,3.842149412809632,0.0,0.0109412119988161,0.0749643756416215,2020-10-27,0.21,amc,389837787.0,2025-04-16,2020-09-30,0.0952380952380953,79.69953125,2399437.5
2020-06-30,CSGP,USD,1057352,2020-07-29,2020-07-29 17:21:56,2020,Q2,397159000.0,74040000.0,323119000.0,0.813575923,39001000,57403000.0,130461000.0,187864000.0,-474000.0,241800000.0,315840000.0,3596000.0,3596000.0,27979000.0,109298000.0,0.2751996052,81319000.0,0.2047517493,-4070000.0,77249000.0,0.1945039644,16889000.0,60360000.0,0.1519794339,0.16,0.16,375239000,377336000,https://www.sec.gov/Archives/edgar/data/1057352/000105735220000093/0001057352-20-000093-index.htm,https://www.sec.gov/Archives/edgar/data/1057352/000105735220000093/csgp-20200630.htm,1.058416102803813,0.1608574801659742,0.3122863028629753,0.2972318975373029,9.456386463027563,13.922649298180628,7.402359562838617,13.922649298180628,2.4282470638712925,26668235730.0,24027407730.0,110.4549193588469,67.1475044755375,227.57962596644532,239.10623519496468,5.104631918674215,5.104631918674215,60.49820784622782,219.8339194678768,205.04350267105863,215.4286868460455,0.002263366823779,0.0041822414174377,0.1737215228543575,0.1400791476501884,-24.16172299584622,14.013433827577696,22.613737486095665,1.9413850231941685,0.0,0.0,0.1445340531122296,0.0981999652532109,0.3776285956385447,0.0482070625181341,0.0142235225690466,0.2019014260695521,0.0223411782182954,7.098602071897528,0.0101219317012215,0.0149688904495949,6.339816091877443,3427283000.0,2777654000.0,2435939000.0,6090907000.0,112957500.0,24675000.0,0.5,25.758021346614328,32.6547811993517,1.2155591572123175e-06,3.4940572021782925,2.756104824300179,74040000.0,0.0115536545323306,0.0150544053256724,2020-07-28,0.2,amc,339452136.0,2025-04-16,2020-06-30,0.15,64.64698412698412,3216222.222222222
2020-03-31,CSGP,USD,1057352,2020-04-29,2020-04-29 16:49:03,2020,Q1,391847000.0,78909000.0,312938000.0,0.7986229319,41610000,58873000.0,125107000.0,183980000.0,11484000.0,237074000.0,315983000.0,1651000.0,2026000.0,24256000.0,104638000.0,0.2670379,75864000.0,0.1936061779,2492000.0,78356000.0,0.199965803,5563000.0,72793000.0,0.1857689353,0.2,0.2,364710000,367760000,https://www.sec.gov/Archives/edgar/data/1057352/000105735220000071/0001057352-20-000071-index.htm,https://www.sec.gov/Archives/edgar/data/1057352/000105735220000071/csgp-03312020x10q.htm,1.0744070631460612,0.1995914562254942,0.3604617367223273,0.340903731732061,5.286180801184503,9.494697156645003,3.257752735049765,9.494697156645003,2.4825313262592195,21415771200.0,20391226200.0,73.5502424683692,54.6534009447565,162.90217245785917,172.24804111605312,6.184504785274161,6.184504785274161,52.03874522453917,194.87400561937343,155.10882218706263,164.00757815830323,0.0033990370610608,0.0058055812624669,0.2608799613955252,0.1928400671391797,-9.791328198168925,8.747670896023727,37.44521224086871,1.805997829461624,0.0,0.0,0.1502448659808547,0.1061894055588022,0.4855649269296804,0.0542581999634881,0.0182035335220124,0.2940715699208443,0.0387396101029228,6.529843774401025,0.015650353347386,0.0302055544559344,2.166990211400839,1833711000.0,1188135000.0,848604000.0,4327607000.0,102244000.0,15063000.0,0.5,25.78128708398941,25.646504201041708,0.0,3.49090406956026,3.509250200124522,0.0,0.0210213609694551,0.0195580049902662,2020-04-28,0.23,amc,364546184.0,2025-04-16,2020-03-31,0.0434782608695651,65.17548387096774,3068838.709677419
2019-12-31,CSGP,USD,1057352,2020-02-26,2020-02-26 16:15:47,2019,Q4,374726000.0,74996000.0,299730000.0,0.7998644343,36580000,50797000.0,99845000.0,150642000.0,11522000.0,198744000.0,273740000.0,3438000.0,482000.0,23930000.0,138717000.0,0.37018248,100986000.0,0.2694929095,13319000.0,114305000.0,0.3050362131,26378000.0,87927000.0,0.2346434461,0.24,0.24,363590000,366740000,https://www.sec.gov/Archives/edgar/data/1057352/000105735220000036/0001057352-20-000036-index.htm,https://www.sec.gov/Archives/edgar/data/1057352/000105735220000036/csgp20191231-10k.htm,1.0306279050578948,0.2418300833356252,0.2963860392200005,0.2907890756071399,2.9448857229296737,9.36657498831101,3.0319233202233287,9.36657498831101,0.4507054649467807,21753589700.0,20846248700.0,61.85127918614305,58.0519891867658,201.86510861798573,205.75050790708232,6.387607004125273,6.387607004125273,55.63064399054242,150.27897590057455,193.44532631793845,197.1686658217312,0.0040419535907675,0.00486025531685,0.0479769602533244,0.0423950683785566,-6.54095028006661,5.791500850011591,209.5145228215768,1.2255962332389367,0.0,0.0,0.13555771416982,0.097617992880131,0.5976191921818087,0.018884032552917,0.0054306346503845,0.0850396991224404,0.0354152100468075,7.138990910824463,0.0209595108886876,0.0566989302088639,1.9019169957919635,992109000.0,1102377000.0,750772000.0,3517938000.0,91782500.0,7861000.0,0.5,22.153787033725976,9.168488986079256,1.2000640034135157e-06,4.062510841283608,9.816230366492146,74996000.0,0.0258184110667363,0.0055969636128606,2020-02-25,0.26,amc,348149687.0,2025-04-16,2019-12-31,0.0769230769230769,58.384375,3109406.25
2019-09-30,CSGP,USD,1057352,2019-10-23,2019-10-23 15:26:07,2019,Q3,352808000.0,71172000.0,281636000.0,0.7982698805,32639000,45530000.0,101582000.0,147112000.0,7616000.0,187367000.0,258539000.0,4414000.0,704000.0,18822000.0,118449000.0,0.3357321829,94269000.0,0.2671963221,4654000.0,98923000.0,0.2803876329,20304000.0,78619000.0,0.2228379175,0.22,0.22,363330000,366520000,https://www.sec.gov/Archives/edgar/data/1057352/000105735219000094/0001057352-19-000094-index.htm,https://www.sec.gov/Archives/edgar/data/1057352/000105735219000094/csgp-09302019x10q.htm,0.9710401012853328,0.2163845539867338,0.3205075275919962,0.238557234470041,3.824674538298516,9.080356700520188,3.917056119780915,9.080356700520188,0.4011174414444169,21552735600.0,20308150600.0,68.53539093603328,61.089135167003015,185.081456419064,248.6615010095183,6.532783012434052,6.532783012434052,57.561479898415,171.4505871725384,174.39373636753973,234.3022855494664,0.0036477504043616,0.0040215312621382,0.0439608070645732,0.0390359991720925,-10.507349154488429,7.598224565230564,133.90482954545453,1.4811941133822613,0.0,0.0,0.1290503616698034,0.0925120745561325,0.5049218238403441,0.2556891369686561,0.0843943447994376,1.5819254064392732,0.0372412190199768,6.648992482350728,0.0209764888940825,0.0427414457578494,2.867607271626345,1306686000.0,1423184000.0,1088497000.0,3396173000.0,93454000.0,7539000.0,0.0,23.296665608489604,10.220030349013657,0.0,3.863213796879277,8.806236080178174,0.0,0.0238299618752133,0.0819502931219552,2019-10-22,0.25,amc,340642206.0,2025-04-16,2019-09-30,0.04,59.85515625,2610625.0
2019-06-30,CSGP,USD,1057352,2019-07-24,2019-07-24 15:27:19,2019,Q2,343760000.0,71918000.0,271842000.0,0.7907900861,28455000,42337000.0,119075000.0,161412000.0,7175000.0,197042000.0,268960000.0,4678000.0,697000.0,18754000.0,99467000.0,0.289350128,74800000.0,0.21759367,5216000.0,80016000.0,0.2327670468,16768000.0,63248000.0,0.1839888294,0.17,0.17,363100000,366270000,https://www.sec.gov/Archives/edgar/data/1057352/000105735219000065/0001057352-19-000065-index.htm,https://www.sec.gov/Archives/edgar/data/1057352/000105735219000065/csgp-06302019x10q.htm,0.9467364362434592,0.1741889286697879,0.2342963370972184,0.2206416965023409,3.5742550261635917,8.824210961167722,3.618950702285872,8.824210961167722,0.4188074910492977,20311814000.0,19165374000.0,80.28638850240323,59.08719455434024,238.7574671164764,253.5332209948199,6.339376998824308,6.339376998824308,55.75219339073772,192.6807282817417,225.28151117275752,239.22329151844224,0.0031138528543043,0.0039442562835599,0.047243647222549,0.0418085631158167,-11.525832688228256,7.166997870830376,107.3170731707317,1.3450701998482166,0.0,0.0,0.1231585990225739,0.0827757737956714,0.5220215003156937,0.0582793600789909,0.0144228531533628,0.264370267676229,0.0401908308121945,5.880841496575564,0.017002016081808,0.0365475381493243,2.624544891214541,1216502000.0,1314041000.0,997235000.0,3302054000.0,94212000.0,7457500.0,0.0,25.024639283220857,8.754970939125116,0.0,3.596455436636222,10.27987421383648,0.0,0.0197398871623007,0.0136546405948774,2019-07-23,0.2,amc,308304932.0,2025-04-16,2019-06-30,0.0999999999999999,51.1068253968254,2427539.6825396824
2019-03-31,CSGP,USD,1057352,2019-04-24,2019-04-24 16:48:08,2019,Q1,328425000.0,71153000.0,257272000.0,0.7833508411,27928000,40076000.0,88094000.0,128170000.0,7682000.0,163780000.0,234933000.0,4213000.0,732000.0,19659000.0,118096000.0,0.3595828576,93492000.0,0.2846677324,4213000.0,97705000.0,0.297495623,12536000.0,85169000.0,0.259325569,0.24,0.23,362370000,365670000,https://www.sec.gov/Archives/edgar/data/1057352/000105735219000052/0001057352-19-000052-index.htm,https://www.sec.gov/Archives/edgar/data/1057352/000105735219000052/csgp-03312019x10q.htm,0.9063250269062008,0.2350332533046334,0.4097855782763474,0.3837652123520159,3.402094544250352,8.633755553715815,3.424121754008334,8.633755553715815,0.4252890691834313,17375641500.0,16296204500.0,51.00342113914687,52.90596483215346,117.01241464301587,124.94618703483982,5.553782441681844,5.553782441681844,49.619257060211616,137.99116396829697,109.743184909828,117.18408298277784,0.004901631977156,0.0080034455130764,0.0490249036793928,0.0432265286544143,-9.140334981709795,6.792066671038759,127.72131147540983,1.7435217039063509,0.0,0.0,0.1220248154068661,0.0850361574179797,0.5320360489746593,0.0634975150511131,0.0287097510847225,0.4796276514573477,0.0366263226002892,6.757029100174309,0.023954206798268,0.0512921349329617,2.436122609487541,1148144000.0,1240799000.0,926701000.0,3233979000.0,91016500.0,7123000.0,0.0,25.441699018040648,10.016583980998693,0.0,3.537499596083627,8.985099128677863,0.0,0.0272225976103156,0.0260203659243314,2019-04-23,0.24,amc,316741897.0,2025-04-16,2019-03-31,0.0416666666666667,41.31409836065573,1898540.9836065571
2018-12-31,CSGP,USD,1057352,2019-02-28,2019-02-28 14:04:18,2018,Q4,315571000.0,68248000.0,247323000.0,0.7837317117,25580000,39001000.0,69152000.0,108153000.0,7933000.0,141666000.0,209914000.0,3912000.0,695000.0,19743000.0,130007000.0,0.4119738506,105657000.0,0.3348121342,3912000.0,109569000.0,0.3472087106,26060000.0,83509000.0,0.2646282453,0.23,0.23,361360000,364740000,https://www.sec.gov/Archives/edgar/data/1057352/000105735219000017/0001057352-19-000017-index.htm,https://www.sec.gov/Archives/edgar/data/1057352/000105735219000017/csgp20181231-10k.htm,0.873287026787691,0.2310964135488155,0.317616781049369,0.2959458711534204,3.0452069957936683,8.362690945317688,3.103542174009298,8.362690945317688,0.012992583573168,12188672799.999998,11092256799.999998,36.4890993785101,38.62418536557541,106.19715963545752,113.97354478553994,4.03339071365367,4.03339071365367,35.14979766835355,85.32045812917765,96.64433408263194,103.72120475393432,0.0068513612080882,0.0087739659399175,0.0013236521415698,0.0012073805968504,-8.4335151184167,7.870432475560947,152.0244604316547,1.37439078422685,0.0,0.0,0.1235886694277991,0.0810594129371837,0.5736404064405303,0.0682297384425044,0.0248153347424192,0.3966469128298637,0.0336564513215726,6.594181330104717,0.0254930622259203,0.0591209555182225,2.424991698029665,1059139000.0,1121496000.0,922283000.0,3042888000.0,85735500.0,8220500.0,0.5,25.437318384769195,8.343541202672606,0.0,3.5381087989954256,10.786786786786786,0.0,0.02763421667259,0.0216709098959486,2019-02-26,0.25,amc,284126202.0,2025-04-16,2018-12-31,0.1200000000000001,36.52904761904762,2781174.603174603
2018-09-30,CSGP,USD,1057352,2018-10-24,2018-10-24 16:28:22,2018,Q3,305525000.0,72072000.0,233453000.0,0.7641044104,26173000,39012000.0,89251000.0,128263000.0,8329000.0,162765000.0,234837000.0,2318000.0,717000.0,20433000.0,94156000.0,0.3081777269,70688000.0,0.231365682,2318000.0,73006000.0,0.2389526225,14247000.0,58759000.0,0.192321414,0.16,0.16,361290000,365180000,https://www.sec.gov/Archives/edgar/data/1057352/000105735218000115/0001057352-18-000115-index.htm,https://www.sec.gov/Archives/edgar/data/1057352/000105735218000115/csgp-9302018x10q.htm,0.8456503086163469,0.1626366630684491,0.2805696255085942,0.26410086080434,2.966553184422486,8.10516205818041,3.0263223449306653,8.10516205818041,0.0019845553433529,14971857600.0,13900071600.0,63.70027400057863,49.00370706161525,147.6995235135695,156.90974983493507,5.112791046315388,5.112791046315388,45.49569298748057,147.62810229831345,137.12620083459117,145.6770973725856,0.0039246299003004,0.006373090270375,0.0,0.0,-11.383087641785972,7.684029452010165,98.58856345885634,1.7251314692217363,0.0,0.0,0.1276884052041567,0.0856656574748384,0.572125658903562,0.0586976037566466,0.0194746747402012,0.2911956149366221,0.0293036576384911,5.446046409309965,0.0186306399017754,0.0428182713832664,2.365377537435301,1025798000.0,1093380000.0,900360000.0,2942669000.0,76131500.0,9754000.0,1.0,24.2373291874642,12.62987012987013,1.2487512487512488e-06,3.71328042392348,7.125964010282776,72072000.0,0.0200658126143576,0.0164687647042542,2018-10-23,0.21,amc,294209259.0,2025-04-16,2018-09-30,0.0476190476190476,42.740476190476194,1695253.9682539685
2018-06-30,CSGP,USD,1057352,2018-07-25,2018-07-25 17:27:31,2018,Q2,297018000.0,67136000.0,229882000.0,0.7739665609,26271000,38056000.0,112965000.0,151021000.0,8816000.0,186108000.0,253244000.0,1924000.0,728000.0,20584000.0,67010000.0,0.2256092223,43774000.0,0.1473782734,1924000.0,45698000.0,0.1538559953,1863000.0,43835000.0,0.1475836481,0.12,0.12,360730000,364500000,https://www.sec.gov/Archives/edgar/data/1057352/000105735218000082/0001057352-18-000082-index.htm,https://www.sec.gov/Archives/edgar/data/1057352/000105735218000082/csgp-6302018x10q.htm,0.8233803675879466,0.1215174784464835,0.1284395531283785,0.1083857732930446,2.678673800349292,7.9023591051478945,2.776286973636792,7.9023591051478945,0.0020181299032517,14883719800.0,13917441800.0,84.88490817839626,50.11049768027527,321.2406069239402,380.6772673794056,5.221225643000921,5.221225643000921,46.85723356833593,207.69201313236832,300.3850859017526,355.963010895698,0.0029451642861484,0.0026268970744799,0.0,0.0,-14.419907476496045,7.373800712719298,60.12912087912088,1.0569636135508156,0.0,0.0,0.1281269148671124,0.0884491848978849,0.5921806817068226,0.1561339894673228,0.0243554262704617,0.3514380101049358,0.0378024227487896,4.648245037141878,0.0141062538527035,0.0344223469232303,2.0702741676600227,930065000.0,1001490000.0,804029000.0,2863841000.0,69449000.0,8619500.0,0.5,21.205987515908127,12.593243565300288,1.3405624404194472e-06,4.244084362139918,7.146689376197573,67136000.0,0.0153773672936885,0.0200537798353339,2018-07-24,0.13,amc,234393722.0,2025-04-16,2018-06-30,0.3076923076923077,38.484375,2143078.125
2018-03-31,CSGP,USD,1057352,2018-04-25,2018-04-25 16:06:30,2018,Q1,273718000.0,62477000.0,211241000.0,0.7717468343,22913000,40590000.0,88490000.0,129080000.0,5803000.0,157796000.0,220273000.0,2297000.0,690000.0,16983000.0,73415000.0,0.2682140013,53445000.0,0.1952557011,2297000.0,55742000.0,0.2036475497,3511000.0,52231000.0,0.1908204795,0.15,0.14,358930000,363500000,https://www.sec.gov/Archives/edgar/data/1057352/000105735218000066/0001057352-18-000066-index.htm,https://www.sec.gov/Archives/edgar/data/1057352/000105735218000066/csgp-3312018x10q.htm,0.76259437773382,0.1455186248014933,0.2033404842169782,0.1793330175800295,2.5950157412308807,7.803649736717466,2.607346836430502,7.803649736717466,0.0019223804084361,13018391100.000002,12086962100.000002,62.31161139936054,47.561326255489234,178.37077618688775,202.2494267337808,4.647825213033799,4.647825213033799,44.15844811082941,164.6388626302527,165.6088525039392,187.77905325627643,0.0040120933223461,0.0049443897871527,0.0,0.0,-12.687175645304093,6.2302904439064735,77.45652173913044,1.3973502326204743,0.0,0.0,0.1482913071116989,0.0837102419278235,0.602600562178928,0.1180653558950469,0.0314813055772729,0.5073897426838603,0.0380391497818923,5.0547471259888335,0.0170948678403713,0.0424645383584107,1.9195344496141309,866361000.0,935855000.0,737868000.0,2814871000.0,64907000.0,8553500.0,0.5,22.6593062933384,11.30095875282104,0.0,3.971877992860667,7.963926067558955,0.0,0.0186475085006447,0.0240074666369487,2018-04-23,0.14,amc,227268884.0,2025-04-16,2018-03-31,0.2142857142857142,34.471803278688526,2329803.2786885244
2017-12-31,CSGP,USD,1057352,2018-02-23,2018-02-22 19:09:26,2017,Q4,253991000.0,58301000.0,195690000.0,0.7704603706,21796000,41578000.0,77529000.0,119107000.0,4029000.0,144932000.0,203233000.0,1721000.0,734000.0,15366000.0,79124000.0,0.3115228492,50758000.0,0.1998417267,-2067000.0,48691000.0,0.191703643,4487000.0,44204000.0,0.1740376628,0.12,0.12,356750000,361190000,https://www.sec.gov/Archives/edgar/data/1057352/000105735218000011/0001057352-18-000011-index.htm,https://www.sec.gov/Archives/edgar/data/1057352/000105735218000011/csgp20171231-10k.htm,0.7119579537491241,0.1239074982480728,0.2001289418360196,0.1868283111422564,3.3958318149964963,7.431674842326559,3.32137631394534,7.431674842326559,0.0020574632095304,10595475000.0,9384012000.0,59.92373427744095,41.715946628030125,148.40432237100117,158.9694828284647,3.996407355021217,3.996407355021217,36.94623825253651,118.59880693594864,131.43610286290547,140.79326641760815,0.0041719696379822,0.0062905155266753,0.0,0.0,-15.31094231838633,8.781414915522344,69.15258855585832,1.6151479504117274,0.0,0.0,0.1636987137339512,0.0858140642778681,0.5103111565541105,0.0664603058994901,0.0186817643144835,0.3087986463620981,0.0386903472957703,4.55180242803673,0.0168992750304558,0.0314151455626213,2.901042748423265,1141269000.0,1184901000.0,1065744000.0,2692114000.0,60885500.0,10292500.0,0.5,21.57950478560264,14.297867961098438,1.5437128008095915e-06,4.170623973727422,6.294644785143597,58301000.0,0.0166728901461574,0.0133006306937631,2018-02-21,0.12,amc,253991000.0,2025-04-16,2017-12-31,0.0833333333333334,29.295714285714286,2384507.936507937
2017-09-30,CSGP,USD,1057352,2017-10-26,2017-10-26 17:24:41,2017,Q3,247533000.0,55483000.0,192050000.0,0.7758561485,21536000,35998000.0,72705000.0,108703000.0,4298000.0,134537000.0,190020000.0,2346000.0,2901000.0,15119000.0,73187000.0,0.2956656284,57513000.0,0.2323447783,-2346000.0,55167000.0,0.2228672541,20990000.0,34177000.0,0.1380704795,0.11,0.1,324440000,328140000,https://www.sec.gov/Archives/edgar/data/1057352/000105735217000075/0001057352-17-000075-index.htm,https://www.sec.gov/Archives/edgar/data/1057352/000105735217000075/csgp-9302017x10q.htm,0.7629546295154728,0.1053415115275551,0.209419307113796,0.1875970903711009,1.920216372827025,5.432212427567501,0.8878652447293799,5.432212427567501,0.9505517198865738,8704725200.0,8387226200.0,63.67385376130145,35.16591807960959,128.1161721417638,143.01927576235542,4.939055745287606,4.939055745287606,33.88326485761495,114.59994534548484,123.44322088778996,137.8027438222923,0.0039262583498902,0.0069920644938912,0.1733382432293649,0.1339544575189994,-4.338188476095482,3.96451041129868,19.82523267838676,1.9880036281709923,0.0,0.0,0.145427074369882,0.0870025410753313,0.6464836384874831,0.10420346167432,0.0286022469731308,0.4682849394801243,0.0393604085111884,3.588222823532764,0.0166425686236979,0.0423912342414304,0.4638122611268647,523494000.0,288059000.0,181912000.0,2082188000.0,56191500.0,14008500.0,0.5,22.131958163154003,18.36724762539877,0.0,4.066517717796652,4.900026494745209,0.0,0.0193920088605088,0.0218222167426951,2017-10-25,0.11,amc,198377510.0,2025-04-16,2017-09-30,0.2727272727272728,27.754761904761903,2082126.984126984
2017-06-30,CSGP,USD,1057352,2017-07-27,2017-07-27 13:31:00,2017,Q2,237153000.0,55273000.0,181880000.0,0.7669310529,23144000,34557000.0,91726000.0,126283000.0,4570000.0,153997000.0,209270000.0,2088000.0,2693000.0,4570000.0,43743000.0,0.1844505446,27883000.0,0.1175738869,-2088000.0,25795000.0,0.1087694442,3611000.0,22184000.0,0.093542987,0.068,0.068,324060000,327390000,https://www.sec.gov/Archives/edgar/data/1057352/000105735217000045/0001057352-17-000045-index.htm,https://www.sec.gov/Archives/edgar/data/1057352/000105735217000045/csgp-6302017x10q.htm,0.7318181818181818,0.0684564586804912,0.0950626427204838,0.074918225020058,1.742387212244646,5.297583780781337,0.7355644016540147,5.297583780781337,0.9489569832747022,8542221600.0,8282409600.0,96.26556978002162,36.01987577639751,277.290839446861,351.8503006837466,4.975853349526863,4.975853349526863,34.92432986299983,189.3425142308484,268.8570278517172,341.1487601944147,0.0025969824992599,0.0028421177928701,0.1775614757082485,0.1373078338518724,-5.939510321651464,4.214597650114976,10.35388043074638,1.3886584926072845,0.0,0.0,0.1457160567228751,0.0975910066497155,0.6659258321663013,0.2119067714081672,0.0275265335036874,0.4116015132408575,0.0426011899491045,2.856520797561032,0.0114677100994929,0.0299116430774043,0.3085478013330864,485086000.0,238367000.0,132703000.0,2049233000.0,50599000.0,16820500.0,0.5,19.54889881215924,27.182530349356828,1.6282814394007923e-06,4.60383988196925,3.3109500419312328,55273000.0,0.012922204067605,0.0201444177004258,2017-07-26,0.06,amc,173728360.0,2025-04-16,2017-06-30,0.5,24.32095238095238,1885746.031746032
2017-03-31,CSGP,USD,1057352,2017-04-27,2017-04-27 15:03:43,2017,Q1,226553000.0,51346000.0,175207000.0,0.7733598761,22374000,33995000.0,76402000.0,110397000.0,4774000.0,137545000.0,188891000.0,2257000.0,2686000.0,17298000.0,55389000.0,0.2444858378,37662000.0,0.1662392464,-2257000.0,35405000.0,0.1562768977,13275000.0,22130000.0,0.0976813373,0.069,0.068,322760000,325630000,https://www.sec.gov/Archives/edgar/data/1057352/000105735217000027/0001057352-17-000027-index.htm,https://www.sec.gov/Archives/edgar/data/1057352/000105735217000027/csgp-3312017x10q.htm,0.701924030239187,0.0685648779278721,0.2000154913867889,0.1809734787458173,1.773677035568224,5.216761680505639,0.7089044491262858,5.216761680505639,0.9505421985376132,6687587200.0,6419226200.0,75.54888386805241,29.51886401857402,103.59197608315132,114.49191419424425,3.9718126433545833,3.9718126433545833,28.334324418568723,115.89352037408148,99.4350140186192,109.89755696700963,0.0033091157301096,0.0087342412522112,0.1806140060174775,0.138537369798488,-4.8450233800935205,4.401128453546717,14.021593447505584,2.917171260732038,0.0,0.0,0.1500531884371427,0.0987583479362445,0.6628033100168326,0.0952026890964573,0.0271283099318923,0.3553011908891201,0.041301593887523,2.836890749669447,0.0114385124221567,0.0298973654382132,0.3046954393357293,490072000.0,228806000.0,122770000.0,2030532000.0,49176000.0,14212500.0,0.0,19.738162813999377,29.70494293615861,0.0,4.559694883870708,3.0297987844456244,0.0,0.013143187695173,0.0190420126409716,2017-04-26,0.09,amc,202818876.0,2025-04-16,2017-03-31,0.2222222222222222,20.320483870967745,1729951.6129032257
2016-12-31,CSGP,USD,1057352,2017-02-24,2017-02-23 18:21:15,2016,Q4,218311000.0,46013000.0,172298000.0,0.7892318756,19861000,35022000.0,65397000.0,100419000.0,22731000.0,120280000.0,166293000.0,2176000.0,2554000.0,17124000.0,70013000.0,0.3207030337,46889000.0,0.2147807486,-1368000.0,45521000.0,0.2085144587,15948000.0,29573000.0,0.1354627115,0.092,0.091,322130000,324730000,https://www.sec.gov/Archives/edgar/data/1057352/000105735217000008/0001057352-17-000008-index.htm,https://www.sec.gov/Archives/edgar/data/1057352/000105735217000008/csgp20161231-10k.htm,0.6777108620743179,0.0918045509576878,0.1620836308322726,0.1401235526029863,1.7608512091391677,5.1352342222084255,0.6313662186073945,5.1352342222084255,1.0582466705988265,6072150500.0,5843266500.0,51.331877895377545,27.81422145471369,116.29798705278482,134.52413709069964,3.67071864385058,3.67071864385058,26.76579054651392,83.45973604901947,111.91424385198803,129.45337631264124,0.004870267955315,0.007433610217665,0.2045317017820558,0.154841759711276,-3.269164298058932,4.049739909387787,18.35904463586531,1.7655293680045987,0.0,0.0,0.1604225165016879,0.0909757181268923,0.663976736597526,0.1354860951505401,0.0324033145375175,0.413104414856342,0.0429112596250303,3.2568930157788283,0.0147730265890651,0.0402774599853997,0.2262207804302611,472545000.0,203382000.0,96641000.0,2010944000.0,48588000.0,10669500.0,0.5,20.062846123191225,22.450611783626368,0.0,4.485903916492007,4.00879944241157,0.0,0.0178773833841228,0.0219600782292863,2017-02-22,0.13,amc,213234000.0,2025-04-16,2016-12-31,0.0,19.63904761904762,2733873.015873016
2016-09-30,CSGP,USD,1057352,2016-10-27,2016-10-27 17:02:30,2016,Q3,212711000.0,42222000.0,170489000.0,0.8015053288,19357000,30572000.0,75414000.0,105986000.0,0.0,125343000.0,167565000.0,2154000.0,2498000.0,18080000.0,57676000.0,0.2711472373,39596000.0,0.1861492824,-2154000.0,37442000.0,0.1760228667,14241000.0,23201000.0,0.1090728735,0.072,0.072,321860000,324400000,https://www.sec.gov/Archives/edgar/data/1057352/000105735216000165/0001057352-16-000165-index.htm,https://www.sec.gov/Archives/edgar/data/1057352/000105735216000165/csgp-9302016x10q.htm,0.6608805070527558,0.072084135959734,0.1906667495184241,0.177313117504505,1.625768967874231,5.029199030634437,0.4822966507177033,5.029199030634437,1.056412726029951,6968269000.0,6783689000.0,75.08586914357139,32.75932603391456,113.5489017077304,122.10038549150168,4.304860449571199,4.304860449571199,31.891575894053435,117.61718912545946,110.54114522226568,118.86611179253548,0.0033295212914426,0.0081899823327715,0.2085126441127375,0.1567969145962509,-3.2002912823358067,3.80194709987684,15.851080864691754,2.645058402655058,0.0,0.0,0.1437255243029274,0.0910014056630827,0.6798638103825768,0.0700365011080693,0.0202058191630898,0.2377212389380531,0.0437730065675964,2.856015231154825,0.0121406731488188,0.0336675271831797,0.0800456735847884,429984000.0,155232000.0,49554000.0,1978816000.0,47277000.0,11949500.0,0.5,20.52503161566633,21.01961062952963,2.131590166264033e-06,4.384889713461142,4.28171585031944,42222000.0,0.0143331245235368,0.013353632013919,2016-10-26,0.1,amc,197380477.0,2025-04-16,2016-09-30,0.0999999999999999,21.28890625,1437687.5
2016-06-30,CSGP,USD,1057352,2016-07-28,2016-07-28 15:29:30,2016,Q2,206869000.0,42679000.0,164190000.0,0.7936906931,19547000,30227000.0,80468000.0,110695000.0,0.0,130242000.0,172921000.0,2296000.0,2455000.0,17440000.0,45559000.0,0.2202311608,28119000.0,0.1359266009,-2296000.0,25823000.0,0.1248277896,10247000.0,15576000.0,0.0752940267,0.048,0.048,321860000,324480000,https://www.sec.gov/Archives/edgar/data/1057352/000105735216000143/0001057352-16-000143-index.htm,https://www.sec.gov/Archives/edgar/data/1057352/000105735216000143/csgp-6302016x10q.htm,0.6427297582799976,0.0483937115516062,0.1069968309202759,0.0958118436587336,1.4456005716771267,4.927424967377121,0.3433169701112284,4.927424967377121,1.0538028956689245,7039078200.0,6911649200.0,112.97955508474575,34.02674252787996,204.3985771531448,228.2598806667099,4.438423749685517,4.438423749685517,33.4107536653631,151.70765820145306,200.69833323654103,224.1276736493936,0.0022127897371562,0.0043809713607102,0.2123168516357166,0.1597933594465541,-2.7970104699400777,3.946540691108936,11.453767820773932,2.2109655880842323,0.0,0.0,0.1461166245304999,0.0944897495516486,0.700179002426878,0.1045356873221441,0.0174023174086015,0.2064220183486238,0.0451445117441472,2.31630494703897,0.0085393072290878,0.0246536444689953,-0.0667339837196296,391389000.0,110500000.0,2926000.0,1953338000.0,46756500.0,10346000.0,0.5,20.03180756904128,29.602849176409944,0.0,4.492854660759273,3.0402478985610486,0.0,0.0098212985224544,0.0111849872615422,2016-07-27,0.08,amc,188682714.0,2025-04-16,2016-06-30,0.1249999999999999,19.77484375,1795734.375
2016-03-31,CSGP,USD,1057352,2016-04-28,2016-04-28 16:12:27,2016,Q1,199739000.0,42900000.0,156839000.0,0.7852197117,17635000,27476000.0,75204000.0,102680000.0,0.0,120315000.0,163215000.0,2425000.0,2509000.0,17521000.0,47822000.0,0.2394224463,30301000.0,0.1517029724,-2425000.0,27876000.0,0.1395621286,11155000.0,16721000.0,0.0837142471,0.052,0.052,320850000,323820000,https://www.sec.gov/Archives/edgar/data/1057352/000105735216000128/0001057352-16-000128-index.htm,https://www.sec.gov/Archives/edgar/data/1057352/000105735216000128/csgp-3312016x10q.htm,0.6225307776219418,0.0521146953405017,0.1493719806763285,0.1375471404082904,1.4424559763129188,4.879152251831074,0.269908056724326,4.879152251831074,1.101549010441016,6038397000.0,5927600000.0,90.28163686382392,30.23143702531804,125.9941785252264,136.82581800054382,3.8572274503090433,3.8572274503090433,29.676728130209924,123.95131947639162,123.68234361307016,134.31523610985226,0.0027691123985388,0.0073085621896009,0.224163768719546,0.1666290758888952,-2.3168625318890887,3.627248119881123,12.076923076923077,2.8662161353986004,0.0,0.0,0.1375595151672933,0.0882902187354497,0.7022159882203955,0.0791637107206944,0.0189947881985991,0.2165401518178186,0.0417094308072034,2.3919029025636145,0.0091821557499785,0.0266624357995143,-0.1312864251207729,376595000.0,86600000.0,-20600000.0,1941433000.0,44087500.0,8163500.0,0.5,21.388962596188023,13.95944055944056,2.097902097902098e-06,4.20777770755651,6.447249774571686,42900000.0,0.0106810963566352,0.011824840268038,2016-04-27,0.07,amc,145073589.0,2025-04-16,2016-03-31,0.4285714285714285,17.7072131147541,2072081.9672131147
2015-12-31,CSGP,USD,1057352,2016-02-26,2016-02-25 18:57:53,2015,Q4,193009000.0,45127000.0,147882000.0,0.7661922501,16720000,29161000.0,59808000.0,88969000.0,0.0,105689000.0,150816000.0,2287000.0,2351000.0,19525000.0,54047000.0,0.2800232114,35522000.0,0.1840432311,-2287000.0,33235000.0,0.1721940428,10245000.0,22990000.0,0.1191136165,0.072,0.071,319990000,322840000,https://www.sec.gov/Archives/edgar/data/1057352/000105735216000103/0001057352-16-000103-index.htm,https://www.sec.gov/Archives/edgar/data/1057352/000105735216000103/csgp20151231-10k.htm,0.6031719741241914,0.0718459951873496,0.1922841338791837,0.1700709397168661,1.318222444451389,4.824463264477015,0.1641207537735554,4.824463264477015,1.1171067845870184,6614193300.000001,6547487300.000001,71.92467703349283,34.26883357770882,107.49716881470528,121.53751860495032,4.284414424335074,4.284414424335074,33.92322275127067,121.14432438433218,106.41302962830537,120.31177854137192,0.0034758584996298,0.0082279119359877,0.2300275946054489,0.1707621427688691,-1.2342220659796104,3.494452288200117,15.109315185027649,2.676337538060026,0.0,0.0,0.1510862187773627,0.0866280847007134,0.7171012675210416,0.1155227616245997,0.0368272982088918,0.3640460947503201,0.0485365967390121,2.792653433712481,0.0125301171584582,0.0390781699381956,-0.2607690865339542,337452000.0,52517000.0,-63058000.0,1917026000.0,45886000.0,11941500.0,0.5,18.981187405768644,19.29155494493319,0.0,4.741536874170884,4.665253799234984,0.0,0.0148920182927619,0.0222131941623175,2016-02-24,0.08,amc,143879436.0,2025-04-16,2015-12-31,0.375,19.9003125,1503765.625
2015-09-30,CSGP,USD,1057352,2015-10-29,2015-10-29 15:50:02,2015,Q3,189078000.0,53728000.0,135350000.0,0.7158421392,17048000,31074000.0,80506000.0,111580000.0,0.0,128628000.0,182356000.0,2321000.0,2363000.0,22520000.0,22131000.0,0.117046933,-431000.0,-0.0022794825,-2321000.0,-2752000.0,-0.0145548398,2610000.0,-5362000.0,-0.0283586668,-0.017,-0.0168,315411764,319800000,https://www.sec.gov/Archives/edgar/data/1057352/000105735215000082/0001057352-15-000082-index.htm,https://www.sec.gov/Archives/edgar/data/1057352/000105735215000082/csgp-9302015x10q.htm,0.5994640073095054,-0.0170000000380455,0.1355688179087702,0.1037913094452621,1.1905358101988863,4.787259615338888,0.029168220878407,4.787259615338888,1.180561546841988,5459777634.839999,5454268634.839999,-254.5588229597165,28.87579535874083,127.68422906548174,166.7769690209854,3.61584735127732,3.61584735127732,28.846659235024696,246.4537813402015,127.55539370533208,166.60868848214557,-0.0009820912789165,0.005996031741494,0.2450399282629053,0.1769711718744021,-0.2489268446974831,2.924624657803312,-0.1823952602623783,-7.974636329727714,0.0,0.0,0.1643448735442516,0.0901638477242196,0.717813248540227,0.234401309635173,0.0530098689429759,0.4450710479573712,0.0492495160727318,,-0.0004311290383202,-0.0090884744854892,-0.5293699175405518,313556000.0,9200000.0,-104304000.0,1901941000.0,52724000.0,10494000.0,0.5,24.30711135087107,23.803231089934485,1.675104228707564e-06,3.702620138644108,3.780999296270232,53728000.0,-0.0035510921495829,0.031777508463508,2015-10-28,0.04203,amc,160537924.0,2025-04-16,2015-09-30,0.1896264572924103,19.15359375,1680953.125
2015-06-30,CSGP,USD,1057352,2015-07-30,2015-07-30 16:31:57,2015,Q2,170657000.0,44634000.0,126023000.0,0.7384578423,16844000,29909000.0,92434000.0,122343000.0,0.0,139187000.0,183821000.0,2217000.0,2354000.0,18674000.0,-1455000.0,-0.0085258735,-20129000.0,-0.1179500401,-2217000.0,-22346000.0,-0.1309410103,-7380000.0,-14966000.0,-0.0876963734,-0.047,-0.0468,318425531,319910000,https://www.sec.gov/Archives/edgar/data/1057352/000105735215000056/0001057352-15-000056-index.htm,https://www.sec.gov/Archives/edgar/data/1057352/000105735215000056/csgp-6302015x10q.htm,0.5359400656852481,-0.0470000001350394,-0.0100902713105627,-0.0295171055238029,1.104751239309388,4.730000748589472,-0.0140283977417627,4.730000748589472,1.1850620106212526,6409905939.03,6433124939.03,-107.07446777746225,37.560170043010245,-1994.99095519141,-681.9774379221193,4.255813279945663,4.255813279945663,37.6962265774624,-4421.391710673539,-2002.217534712107,-684.4478071103308,-0.0023348236530074,-0.001466324169091,0.2489786894160155,0.1808146495546896,-15.95807560137457,3.1867702628115318,-8.550977060322854,0.2146866230121609,0.0,0.0,0.1752579735961607,0.0987009029808329,0.7283792690941475,-1.92530345471522,0.0362481468676936,0.331262718217843,0.0493094335421342,,-0.0069041212724446,-0.0265671625894018,-0.5502903597262118,309030000.0,-4467000.0,-117446000.0,1905092000.0,50040500.0,6688500.0,0.5,28.67963224479512,13.667159564457588,0.0,3.1381155529403117,6.5851283564473295,0.0,-0.0099365735088002,0.0194268342132402,2015-07-29,0.00534,amc,85328500.0,2025-04-16,2015-06-30,0.8726591760299626,20.39174603174603,1725492.0634920634
2015-03-31,CSGP,USD,1057352,2015-04-30,2015-04-30 14:41:57,2015,Q1,159020000.0,45396000.0,113624000.0,0.7145264747,15148000,25363000.0,69478000.0,94841000.0,0.0,109989000.0,155385000.0,2049000.0,2343000.0,17813000.0,14600000.0,0.0918123506,-3507000.0,-0.0220538297,-2049000.0,-5556000.0,-0.0349390014,571000.0,-6127000.0,-0.0385297447,-0.0192,-0.0192,318310000,318310000,https://www.sec.gov/Archives/edgar/data/1057352/000105735215000041/0001057352-15-000041-index.htm,https://www.sec.gov/Archives/edgar/data/1057352/000105735215000041/csgp-3312015x10q.htm,0.4995758851434136,-0.0192485313059596,0.0947786748766925,0.0578838239452106,1.7020231849454934,4.759379221513619,0.4729728880650938,4.759379221513619,1.2011655304577298,6296171800.0,6134400800.0,-256.9027174800065,39.59358445478557,208.6967350591667,341.7189579375848,4.156004192855511,4.156004192855511,38.57628474405736,420.1644383561644,203.3345752262256,332.9389850746269,-0.000973131006368,0.0029263813925789,0.2508320362676721,0.1809781487935663,-11.080205479452054,4.620294719486522,-1.496798975672215,-4.923943202219683,0.0,0.0,0.1594956609231543,0.0952584580555905,0.6498096633758806,0.389273757830886,0.0738523456169035,0.6592937742098467,0.0467991447616652,,-0.0019494590178506,-0.0083327100007479,-0.0273247761616034,491846000.0,150552000.0,42961000.0,1935375000.0,42710000.0,7603500.0,1.0,25.86410514400704,13.082870737509912,1.982553528945281e-06,3.479726033392416,6.879224124867404,45396000.0,-0.0040443365426632,0.0368948509314818,2015-04-29,0.01845,amc,98218235.0,2025-04-16,2015-03-31,0.6260162601626015,18.88262295081967,1968622.950819672
2014-12-31,CSGP,USD,1057352,2015-02-26,2015-02-26 16:14:32,2014,Q4,156096000.0,42923000.0,113173000.0,0.7250217815,13705000,27381000.0,41003000.0,68384000.0,0.0,82089000.0,125012000.0,2144000.0,2415000.0,19639000.0,44786000.0,0.2869131816,23348000.0,0.1495746207,-2144000.0,21204000.0,0.1358394834,7281000.0,13923000.0,0.0891951107,0.044,0.043,317610000,321420000,https://www.sec.gov/Archives/edgar/data/1057352/000105735215000012/0001057352-15-000012-index.htm,https://www.sec.gov/Archives/edgar/data/1057352/000105735215000012/csgp-10k_20141231.htm,0.4914706715783508,0.0438367809577784,0.1507288813324517,0.1300147980227322,1.6593054374862253,4.76542300305406,0.4191272315103428,4.76542300305406,1.2197821227291332,5831319600.0,5689307600.0,104.7065934065934,37.3572647601476,121.8081089549433,141.21469462875962,3.852753467684497,3.852753467684497,36.44749128741287,127.0331710802483,118.84167693689554,137.77564779386836,0.0023876242351731,0.00708141601431,0.2543695401395134,0.1847690770472653,-3.17090162104229,5.028175035627463,9.667908902691511,3.438411261940674,0.0,0.0,0.1754112853628536,0.0877985342353423,0.6624940849899361,0.1374261065736427,0.0421471402214022,0.3349966902591781,0.0471568778187781,2.168010170181609,0.0077386951838617,0.0197979395809485,-0.0419799423821668,480521000.0,133119000.0,29675000.0,1934701000.0,39386000.0,8106000.0,1.0,22.90186808118081,18.04906460405843,2.096777951214966e-06,3.929810427733441,4.986407992565056,42923000.0,0.0091989275515907,0.0207140833097194,2015-02-25,0.09,amc,147703741.0,2025-04-16,2014-12-31,0.0,16.15578125,2231062.5
2014-09-30,CSGP,USD,1057352,2014-10-30,2014-10-30 16:01:32,2014,Q3,153056000.0,40932000.0,112124000.0,0.7325684717,14227000,25388000.0,40668000.0,66056000.0,0.0,80283000.0,121215000.0,2652000.0,2698000.0,20212000.0,43692000.0,0.2854641438,23480000.0,0.153407903,-2652000.0,20828000.0,0.1360809116,7871000.0,12957000.0,0.0846552896,0.041,0.04,317420000,320750000,https://www.sec.gov/Archives/edgar/data/1057352/000105735214000073/0001057352-14-000073-index.htm,https://www.sec.gov/Archives/edgar/data/1057352/000105735214000073/csgp-9302014x10q.htm,0.4821876378300044,0.0408197341062314,0.1660323861130363,0.1363304139625732,1.5317087770146809,4.701572049650306,0.3001669712053431,4.701572049650306,1.2371558187889862,4935881000.0,4839686000.0,95.2357991819094,32.248856627639555,93.65642670107395,114.06112215186948,3.3074043821484307,3.3074043821484307,31.620361174994773,110.76824132564312,91.8311639026982,111.83819383463512,0.0026250632865743,0.0087672291937346,0.2613287696842545,0.1889222759224372,-2.2016616314199395,4.681758055257443,8.702742772424017,4.0674538859303855,0.0,0.0,0.1658739284967593,0.0929529061258624,0.6767748157886706,0.1788926416454783,0.0615983692243361,0.4664555709479517,0.0434285490278068,2.078011241868134,0.0074367390409719,0.0194185961120844,-0.1779495605191859,442551000.0,95279000.0,-9216000.0,1910320000.0,39356000.0,7573500.0,1.0,22.96277179594397,16.71943711521548,2.198768689533861e-06,3.9193874676704814,5.382956338769069,40932000.0,0.008682145817433,0.0297019721504631,2014-10-29,0.08,amc,138981885.0,2025-04-16,2014-09-30,0.1249999999999999,14.89625,2715140.625
2014-06-30,CSGP,USD,1057352,2014-07-25,2014-07-24 17:48:39,2014,Q2,147708000.0,39481000.0,108227000.0,0.7327091288,15143000,26250000.0,40889000.0,67139000.0,0.0,82282000.0,121763000.0,3691000.0,3753000.0,20670000.0,37839000.0,0.256174344,16909000.0,0.1144758578,-3691000.0,13218000.0,0.089487367,4969000.0,8249000.0,0.0558466705,0.028,0.028,290610000,294860000,https://www.sec.gov/Archives/edgar/data/1057352/000105735214000050/0001057352-14-000050-index.htm,https://www.sec.gov/Archives/edgar/data/1057352/000105735214000050/csgp-6302014x10q.htm,0.5082688138742645,0.0283851209524792,0.1716699356525928,0.1465916520422559,1.5307697601596642,5.062595918929149,0.1921957262310313,5.062595918929149,1.3721241526444377,4597450200.0,4547593200.0,139.33356164383562,31.12526200341214,92.15358495860812,107.91883289124668,3.1248790646807696,3.1248790646807696,30.78772442927939,120.18270038848809,91.1542263825693,106.74850825098002,0.0017942554331529,0.0092662232643651,0.2684808267306308,0.1930224580408269,-1.3176088163006423,4.527513940282728,4.505462296829204,6.047884592071767,0.0,0.0,0.1777154927288975,0.1025198364340455,0.691649310934258,0.1460843071618994,0.0493405908955506,0.3525882922109337,0.043193327375633,1.7981390223165354,0.0054139915821678,0.0130727551358384,-0.3459972110388493,413728000.0,55854000.0,-44139000.0,1893755000.0,35973500.0,5743000.0,1.0,24.16585425298562,17.194853220536462,2.2795775182999417e-06,3.7242631300269786,5.234124353705422,39481000.0,0.0056068312397493,0.0250782836103368,2014-07-23,0.07,amc,129244499.0,2025-04-16,2014-06-30,0.1428571428571427,16.20285714285714,3762666.6666666665
2014-03-31,CSGP,USD,1057352,2014-04-24,2014-04-24 15:51:51,2014,Q1,119076000.0,33643000.0,85433000.0,0.7174661561,12351000,24897000.0,27745000.0,52642000.0,0.0,64993000.0,98636000.0,1478000.0,1615000.0,9851000.0,28092000.0,0.2359165575,17141000.0,0.1439500823,-1478000.0,15663000.0,0.1315378414,5923000.0,9740000.0,0.0817964997,0.034,0.034,282730000,288400000,https://www.sec.gov/Archives/edgar/data/1057352/000105735214000039/0001057352-14-000039-index.htm,https://www.sec.gov/Archives/edgar/data/1057352/000105735214000039/csgp-3312014x10q.htm,0.4211650691472429,0.0344498284582463,-0.0231846638135323,-0.0378594418703356,0.7903052382131363,3.2886251901107064,0.2610299579103738,3.2886251901107064,0.5318324903618293,5278569100.000001,5203876100.000001,135.48688655030804,44.32941230810575,-805.2736994660564,-493.1398636023917,5.677144375145867,5.677144375145867,43.702140649669126,185.24405880677776,-793.8788863463006,-486.1618180119583,0.0018451970250801,-0.0020278222747903,0.1599818454215077,0.1194974919585217,-2.658870852911861,2.831490734180991,10.613622291021672,-0.6729979466119097,0.0,0.0,0.2090849541469313,0.1037236722765292,0.6876564513382113,-0.6329519450800916,0.0348432933588632,0.4211755151761242,0.0661678255903792,1.596584763616573,0.0091591043342329,0.025051182601002,-0.2381972181940367,196475000.0,73801000.0,-11252000.0,1109805000.0,26523500.0,4441000.0,0.5,24.402398468205178,10.5481080759742,2.6751478762298246e-06,3.688162051663259,8.532335784935329,33643000.0,0.0104754499119696,0.0146747780568033,2014-04-23,0.07,amc,110447304.0,2025-04-16,2014-03-31,0.0,18.864262295081968,1768000.0
2013-12-31,CSGP,USD,1057352,2014-02-20,2014-02-20 16:40:09,2013,Q4,115610000.0,31754000.0,83856000.0,0.7253351786,11605000,22499000.0,24569000.0,47068000.0,0.0,58673000.0,90427000.0,1607000.0,1694000.0,9821000.0,31607000.0,0.2733933051,21699000.0,0.1876913762,-1607000.0,20092000.0,0.1737911945,7293000.0,12799000.0,0.1107084162,0.046,0.045,278570000,284380000,https://www.sec.gov/Archives/edgar/data/1057352/000105735214000006/0001057352-14-000006-index.htm,https://www.sec.gov/Archives/edgar/data/1057352/000105735214000006/csgp20131231-10k.htm,0.4150123846788958,0.0459453638223785,0.1273288580967082,0.1140072513192375,0.9188103528736044,3.330803747711527,0.2326273468069067,3.330803747711527,0.5557633628890405,5142402200.0,5039574200.0,100.44539026486444,44.480600294092206,144.9789173949817,161.91952517396643,5.542205845265783,5.542205845265783,43.591161664215896,159.44487613503338,142.07990414434732,158.68176579867125,0.0024889146165968,0.0061759074387452,0.1650299290196171,0.1218195646397482,-3.253329958553485,2.7651968122775723,12.809327036599765,2.7713102586139544,0.0,0.0,0.1946111928033907,0.1003805899143672,0.6866120596794545,0.1046236255990978,0.0320992993685667,0.377863761327767,0.0802612230775884,1.855609677495468,0.0118193973733079,0.0324911213612812,-0.2067568295222026,196913000.0,64803000.0,-20654000.0,1117691000.0,21860500.0,5643000.0,0.0,16.162010206729523,13.998551363607731,0.0,5.568614228601705,6.42923668758858,0.0,0.0137940771364707,0.0133216067774706,2014-02-19,0.07,amc,109681282.0,2025-04-16,2013-12-31,0.1428571428571427,17.68796875,1291437.5
2013-09-30,CSGP,USD,1057352,2013-10-24,2013-10-24 15:05:58,2013,Q3,112301000.0,31724000.0,80577000.0,0.717509194,11562000,21940000.0,23625000.0,45565000.0,0.0,57127000.0,88851000.0,1684000.0,1736000.0,10022000.0,29844000.0,0.2657500824,19770000.0,0.1760447369,-1684000.0,18086000.0,0.1610493228,7034000.0,11052000.0,0.0984140836,0.04,0.039,277580000,283490000,https://www.sec.gov/Archives/edgar/data/1057352/000105735213000078/0001057352-13-000078-index.htm,https://www.sec.gov/Archives/edgar/data/1057352/000105735213000078/csgp-9302013x10q.htm,0.404571655018373,0.0398155486706535,0.1126197852871244,0.0894949203833129,0.8031486418329851,3.2398551768859427,0.1098061820015851,3.2398551768859427,0.5736580445277037,4660568200.0,4595130200.0,105.42363825551936,41.50068298590396,149.0857042321103,187.60841317124223,5.182330407786336,5.182330407786336,40.91798113997204,153.97165929500068,146.99242506637663,184.97424522985267,0.0023713846736541,0.0053302513629132,0.1751325169378162,0.1280098571653822,-2.1926685430907384,2.5843784624265616,11.388248847926269,2.828537821208831,0.0,0.0,0.1953678061637919,0.1029554500850393,0.7061584526331018,0.2053357218259172,0.0571588854952315,0.6404909199760527,0.0693493379400005,1.7036501279095857,0.010552562862558,0.0305696543903079,-0.3274623531954752,170167000.0,30480000.0,-53485000.0,1094709000.0,24782000.0,5398500.0,0.0,18.40054852583681,18.006241331484052,0.0,4.891158536585366,4.998266897746967,0.0,0.0122892989028364,0.0231248649038115,2013-10-23,0.06,amc,99647366.0,2025-04-16,2013-09-30,0.1666666666666668,15.33890625,1152812.5
2013-06-30,CSGP,USD,1057352,2013-07-24,2013-07-24 16:24:36,2013,Q2,108999000.0,32101000.0,76898000.0,0.7054927109,11488000,22697000.0,23536000.0,46233000.0,0.0,57721000.0,89822000.0,1675000.0,1758000.0,10049000.0,25415000.0,0.2331672768,15283000.0,0.1402122955,-1675000.0,13608000.0,0.1248451821,5315000.0,8293000.0,0.0760832668,0.03,0.029,276360000,281680000,https://www.sec.gov/Archives/edgar/data/1057352/000105735213000048/0001057352-13-000048-index.htm,https://www.sec.gov/Archives/edgar/data/1057352/000105735213000048/csgp-6302013x10q.htm,0.3944094659140252,0.0300079606310609,0.1116623245042698,0.0962150817773918,0.6878745115067304,3.1357504704009265,-0.0257273122014763,3.1357504704009265,0.592100882906354,3620316000.0,3592090000.0,109.13770649945737,33.21421297443096,117.31799475031596,136.15329071079353,4.177628329694575,4.177628329694575,32.955256470242844,141.3373991737163,116.40331831880488,135.09176382098534,0.0022906840176382,0.0073446627310986,0.1867940770555137,0.135231884566481,-1.110603974031084,2.3818367644911667,8.693401592718999,3.721090075967683,0.0,0.0,0.2082312681767722,0.1053954623436912,0.72990214015161,0.1383388962701318,0.0391654969311645,0.4248183898895412,0.0656519784585179,1.4550578081141623,0.0083608819761461,0.0256501459890137,-0.4355478361557389,141963000.0,-7110000.0,-85724000.0,1065362000.0,26410000.0,4186500.0,0.5,21.966807034926926,12.476246845892652,0.0,4.097090663058187,7.213707865168539,0.0,0.009569626446464,0.0154472427268779,2013-07-24,0.05,amc,92917180.0,2025-04-16,2013-06-30,0.1999999999999999,11.315625,1125546.875
2013-03-31,CSGP,USD,1057352,2013-04-25,2013-04-25 14:24:27,2013,Q1,104033000.0,33606000.0,70427000.0,0.6769678852,12102000,29820000.0,26978000.0,56798000.0,0.0,68900000.0,102506000.0,1651000.0,1755000.0,10166000.0,7672000.0,0.0737458306,-2598000.0,-0.0249728452,-1651000.0,-4249000.0,-0.0408428095,-1839000.0,-2410000.0,-0.0231657263,-0.009,-0.0088,267777777,274280000,https://www.sec.gov/Archives/edgar/data/1057352/000105735213000039/0001057352-13-000039-index.htm,https://www.sec.gov/Archives/edgar/data/1057352/000105735213000039/mastercopycsgp-3312013x10q.htm,0.3885049803815497,-0.009000000026141,0.0399883818588874,0.0226493776591475,0.6251228233924729,3.176704988480056,-0.110502075009757,3.176704988480056,0.6274045661376896,2883966658.29,2882822658.29,-299.1666657977178,27.721652343871657,269.3282273337691,475.5097540461665,3.3903053758709505,3.3903053758709505,27.710655833149097,375.7589492035975,269.22139132330966,475.32113079802144,-0.0008356545985274,0.0021030062821864,0.1954385523557839,0.1404306935460165,-0.1491136600625651,2.30727903478341,-1.4803418803418804,-4.443153526970955,0.0,0.0,0.2866398162121634,0.1163284726961637,0.7435359646173781,0.4336010459469555,0.044630069304932,0.4567184733425142,0.1665433083733046,,-0.0013351879961056,-0.00793763195078,-0.545792115900641,127746000.0,-29590000.0,-107742000.0,1056640000.0,23982500.0,5078500.0,0.5,22.679726625205465,10.50615961435458,2.678093197643278e-06,3.96830180042722,8.566403262809075,33606000.0,-0.002833124277759,0.0173390041997398,2013-04-24,0.04638,amc,97392595.0,2025-04-16,2013-03-31,0.078050884001725,9.7185,1250616.6666666667
2012-12-31,CSGP,USD,1057352,2013-03-01,2013-02-28 17:58:52,2012,Q4,100083000.0,31478000.0,68605000.0,0.6854810507,10042000,17552000.0,26537000.0,44089000.0,-9038000.0,54131000.0,85609000.0,1724000.0,1810000.0,10553000.0,20984000.0,0.2096659772,9905000.0,0.0989678567,-1724000.0,8181000.0,0.081742154,3467000.0,4714000.0,0.0471009062,0.017,0.017,272950000,277240000,https://www.sec.gov/Archives/edgar/data/1057352/000105735213000013/0001057352-13-000013-index.htm,https://www.sec.gov/Archives/edgar/data/1057352/000105735213000013/csgp20121231-10k.htm,0.3666715515662209,0.0172705623740611,0.1083275325151126,0.0869609818648104,0.5717677230261953,3.0274519142700127,-0.2284923978750687,3.0274519142700127,0.6317457409782011,2440173000.0,2454771000.0,129.41095672464996,24.381493360510778,82.52749594155844,102.80472699696664,2.952978363706112,2.952978363706112,24.527352297593,116.98298703774304,83.02120535714286,103.4197421638018,0.0019318302431835,0.0097271791795089,0.2064820540622961,0.1464417550180708,0.6956728936332444,1.9634683878077093,5.472375690607735,6.272380144251167,0.0,0.0,0.1753744392154511,0.1003367205219667,0.76275019547024,0.1972402597402597,0.058271634543329,0.5526390599829433,0.036120020383082,1.0846337792993088,0.0052797282490298,0.0170532035350849,-0.6097096537827441,97925000.0,-62367000.0,-139233000.0,1032943000.0,24853000.0,4976000.0,11572000.0,19.55786697041456,17.823876993455748,0.0,4.601728815117936,5.049406480590311,0.0,0.0057046529104742,0.0213665506503022,2013-02-27,0.03764,amc,93555847.0,2025-04-16,2012-12-31,0.0626992561105207,8.34983870967742,1089903.2258064516
2012-09-30,CSGP,USD,1057352,2012-10-25,2012-10-25 16:10:13,2012,Q3,96001000.0,30882000.0,65119000.0,0.6783158509,9722000,19617000.0,22010000.0,41627000.0,4824000.0,56173000.0,87055000.0,59000.0,1763000.0,4824000.0,19700000.0,0.2052061958,8946000.0,0.0931865293,-1763000.0,7183000.0,0.0748221373,404000.0,6779000.0,0.0706138478,0.025,0.024,272430000,276730000,https://www.sec.gov/Archives/edgar/data/1057352/000105735212000158/0001057352-12-000158-index.htm,https://www.sec.gov/Archives/edgar/data/1057352/000105735212000158/csgp-9302012x10q.htm,0.3523877693352421,0.024883456300701,0.095363946701905,0.0847740704034063,0.4782109165657233,2.994717909187681,-0.2952464853356825,2.994717909187681,0.6327790625114709,2244823200.0,2285986200.0,82.78592712789496,23.383331423631,86.40581986143187,97.19953236631304,2.751511244087462,2.751511244087462,23.812108207206176,116.03990862944164,87.99023094688222,98.98186620480624,0.0030198369296967,0.0102881153402192,0.2091374527946892,0.1477709003264167,2.089492385786802,1.981478694586576,5.074305161656268,3.8324236613069775,0.0,0.0,0.2043416214414433,0.1012697784398079,0.7762335027051277,0.1110469591993841,0.0300517702940594,0.2697522206638616,0.0389475109634274,1.294865234335013,0.0078555895366271,0.0262371600857671,-0.6459980545461219,91305000.0,-80434000.0,-154475000.0,1030552000.0,26603500.0,5012500.0,11572000.0,26.20941448526578,10.835438119292792,67.44899941713619,3.4338806023536144,8.306078536847767,1.334341513999309,0.0083091152673711,0.0105898762984986,2012-10-24,0.04164,amc,79660404.0,2025-04-16,2012-09-30,0.2007684918347742,8.179206349206348,1336238.0952380951
2012-06-30,CSGP,USD,1057352,2012-07-26,2012-07-26 15:03:52,2012,Q2,85223000.0,28172000.0,57051000.0,0.6694319609,7977000,25491000.0,20016000.0,45507000.0,3580000.0,57064000.0,85236000.0,131000.0,1200000.0,8184000.0,8302000.0,0.0974150171,-13000.0,-0.000152541,-1069000.0,-1082000.0,-0.0126961032,5628000.0,-6710000.0,-0.0787346139,-0.0254,-0.0254,264650000,264650000,https://www.sec.gov/Archives/edgar/data/1057352/000105735212000117/0001057352-12-000117-index.htm,https://www.sec.gov/Archives/edgar/data/1057352/000105735212000117/csgp-6302012x10q.htm,0.3220215378802191,-0.0253542414509729,0.0914301908180615,0.0796977139618363,0.3935688645380691,3.0326544492726244,-0.380170035896467,3.0326544492726244,0.6575212544870583,2148958000.0,2218433000.0,-80.0654992548435,25.215704680661325,88.81092697441831,101.88498008723688,2.6775223276583864,2.6775223276583864,26.03091888340002,267.216694772344,91.68215067983634,105.17888298881093,-0.0031224435284449,0.009814989404167,0.2153186176787209,0.151419406336881,8.368465430016863,1.8720047853062949,-0.0108333333333333,-3.606110283159464,0.0,0.0,0.2991093953510202,0.0936014925548267,0.7913907719968772,0.1283216927718312,0.0364338265491709,0.3793988269794721,0.0321626790889783,,-7.555945998167613e-05,-0.0281834486292595,-0.8146589835631967,74348000.0,-100612000.0,-179086000.0,1020777000.0,20801000.0,5239000.0,0.0,26.665336822219352,20.14872923470112,0.0,3.375168316831683,4.466782939590931,0.0,-0.0083604122642637,0.0117324768562252,2012-07-25,0.34,amc,74296974.0,2025-04-16,2012-06-30,-0.8823529411764707,7.282857142857143,2125809.523809524
2012-03-31,CSGP,USD,1057352,2012-04-27,2012-04-26 18:32:29,2012,Q1,68629000.0,24334000.0,44295000.0,0.6454268604,5015000,14494000.0,15550000.0,30044000.0,634000.0,35693000.0,60027000.0,250000.0,0.0,3320000.0,12172000.0,0.1773594253,8602000.0,0.1253405995,250000.0,8852000.0,0.1289833744,3720000.0,5132000.0,0.0747788836,0.02,0.02,251280000,255280000,https://www.sec.gov/Archives/edgar/data/1057352/000105735212000063/0001057352-12-000063-index.htm,https://www.sec.gov/Archives/edgar/data/1057352/000105735212000063/csgp-3312012x10q.htm,0.2731176376950016,0.0204234320280165,0.0253939828080229,0.0134073543457497,2.1942892390958293,2.653235434574976,2.206876790830945,2.653235434574976,0.0,1736344800.0,1187248800.0,84.58421667965705,25.300453161200075,272.111706629055,515.3887800534283,2.60436744887169,2.60436744887169,17.299520610820498,97.53933618139992,186.0599905970851,352.40391807658057,0.0029556341574553,0.0019402828286179,0.0,0.0,-45.11140322050608,10.12950487504979,0.0,1.2433749025720966,0.0,0.0,0.2111935187748619,0.0730740648996779,0.1449574863231194,0.4720263281617301,0.0438881522388494,0.9072289156626506,0.0318669950021128,1.104189252315135,0.0069650911765834,0.0077570700887256,1.8170924864692768,527165000.0,554544000.0,477862000.0,677910000.0,16895500.0,5090500.0,0.0,21.443995978376485,15.426563655790254,0.0,4.196978962818004,5.834092543754496,0.0,0.00769755739045,0.0119866284622731,2012-04-25,0.3,amc,64339687.0,2025-04-16,2012-03-31,-0.9000000000000001,6.1937096774193545,1759870.9677419355
2011-12-31,CSGP,USD,1057352,2012-02-23,2012-02-23 17:23:31,2011,Q4,66164000.0,22014000.0,44150000.0,0.667281301,4617000,14987000.0,16171000.0,31158000.0,613000.0,36388000.0,58402000.0,0.0,0.0,3209000.0,10971000.0,0.165815247,7762000.0,0.1173145517,224000.0,7986000.0,0.1207000786,2810000.0,5176000.0,0.0782298531,0.0206,0.0206,250090000,251280000,https://www.sec.gov/Archives/edgar/data/1057352/000105735212000024/0001057352-12-000024-index.htm,https://www.sec.gov/Archives/edgar/data/1057352/000105735212000024/form_10-k.htm,0.2645607581270742,0.0206965492422727,0.0239033947778799,0.0125434843456355,2.1943900195929467,2.6357591267143827,2.186664800671758,2.6357591267143827,0.0,1668100300.0,1122820300.0,80.56898666924265,25.2115999637265,279.03986283037807,531.7501753267453,2.530580253862013,2.530580253862013,16.970260262378332,102.34438975480812,187.82540983606555,357.9280522792477,0.0031029309208804,0.001880582360665,0.0,0.0,-49.70194148208915,9.439367453303552,0.0,1.1549459041731067,0.0,0.0,0.2265129073212018,0.0697811498700199,0.1456665391324648,0.4752425560388089,0.0429387582371077,0.885322530383297,0.0301221207907623,1.1078809356281558,0.0070931218216629,0.0078576514184305,1.7994172098044705,521401000.0,546863000.0,471325000.0,671286000.0,18600000.0,5188500.0,0.0,23.721510186808537,24.57072771872445,0.0,3.7940248867480935,3.662895174708819,0.0,0.007852215717478,0.0113599104322443,2012-02-22,0.11,amc,44660696.0,2025-04-16,2011-12-31,-0.8181818181818181,6.12,1154873.015873016
2011-09-30,CSGP,USD,1057352,2011-10-27,2011-10-27 15:42:34,2011,Q3,63829000.0,21175000.0,42654000.0,0.6682542418,5017000,16631000.0,17467000.0,34098000.0,535000.0,39650000.0,60825000.0,0.0,0.0,535000.0,3004000.0,0.0470632471,3004000.0,0.0470632471,194000.0,3198000.0,0.0501026179,887000.0,2311000.0,0.0362061132,0.009,0.009,249730000,253170000,https://www.sec.gov/Archives/edgar/data/1057352/000105735211000139/0001057352-11-000139-index.htm,https://www.sec.gov/Archives/edgar/data/1057352/000105735211000139/form_10-q.htm,0.2555920394025547,0.0092539943138589,0.0177111280182597,0.0085612461458375,2.21963720818484,2.6015696952708924,2.216209506266768,2.6015696952708924,0.0,1298596000.0,747856000.0,140.4798788403289,20.344921587366244,293.60072349084334,607.3882132834425,1.9987932706367657,1.9987932706367657,11.716555170847109,248.95339547270305,169.08342753787022,349.79232927970065,0.0017796142911267,0.0016463934895841,0.0,0.0,-183.33555259653795,9.1226975822679,0.0,1.9138900908697536,0.0,0.0,0.2605555468517445,0.0786006360745115,0.1258393232847729,0.5166176803074836,0.0357987748515565,0.7609057609057609,0.0289053564993968,0.7359928676697585,0.0031005031871922,0.0034569053591756,1.8182346934689464,524775000.0,553454000.0,474318000.0,657791000.0,16974500.0,4247000.0,0.0,27.86335364802833,18.56103896103896,0.0,3.230049086584687,4.848866498740554,0.0,0.0035570810694331,0.0091498818724222,2011-10-26,,amc,,2025-04-16,2011-09-30,,5.33734375,1766984.375
2011-06-30,CSGP,USD,1057352,2011-07-28,2011-07-28 17:17:42,2011,Q2,62127000.0,22412000.0,39715000.0,0.6392550743,5135000,15845000.0,14280000.0,30125000.0,546000.0,35806000.0,58218000.0,0.0,0.0,546000.0,3909000.0,0.0629195036,3909000.0,0.0629195036,178000.0,4087000.0,0.0657846025,1450000.0,2637000.0,0.0424453136,0.012,0.012,220110000,224260000,https://www.sec.gov/Archives/edgar/data/1057352/000105735211000123/0001057352-11-000123-index.htm,https://www.sec.gov/Archives/edgar/data/1057352/000105735211000123/form10-q.htm,0.2822543273817636,0.0119803734496388,0.0345191040843214,0.0158239062287038,2.504302394257417,2.9342783153877607,2.4893962109854164,2.9342783153877607,0.0,1305252300.0,757635300.0,123.74405574516496,21.009421024675262,171.78893129770992,374.74944013781226,2.0209398573074204,2.0209398573074204,12.194944227147618,193.81818879508825,99.71509607791523,217.52377260981916,0.00202029906402,0.002668449616982,0.0,0.0,-140.09132770529547,9.609107214029494,0.0,2.88130451270383,0.0,0.0,0.2550420912002833,0.0826532747436702,0.1292105624287463,0.5415898920768624,0.0662352922239927,1.2827306733167083,0.0354274309076569,0.8893589688811009,0.0036152621062949,0.0039958601858067,2.0438462586888373,518406000.0,547941000.0,466630000.0,653475000.0,17684000.0,3739000.0,0.0,20.553382587280893,16.57281813314296,0.0,4.378841274316324,5.430579113157257,0.0,0.0040829029021589,0.0186951978556176,2011-07-27,0.00326,amc,30436250.0,2025-04-16,2011-06-30,2.6073619631901845,6.247936507936508,2166650.793650794
2011-03-31,CSGP,USD,1057352,2011-04-29,2011-04-29 16:09:12,2011,Q1,59618000.0,22566000.0,37052000.0,0.621490154,5268000,10899000.0,13246000.0,24145000.0,543000.0,29956000.0,52522000.0,202000.0,0.0,543000.0,7096000.0,0.1190244557,7096000.0,0.1190244557,202000.0,7298000.0,0.1224126942,2766000.0,4532000.0,0.0760173102,0.022,0.022,205310000,209650000,https://www.sec.gov/Archives/edgar/data/1057352/000105735211000072/0001057352-11-000072-index.htm,https://www.sec.gov/Archives/edgar/data/1057352/000105735211000072/form10-q.htm,0.2903804003701719,0.0220739369733573,0.037436072280941,0.0093224879450586,1.4412790414495154,1.8966343578004,1.4174273050508983,1.8966343578004,0.0,1287293700.0,995041700.0,71.01134708737864,21.592366399409578,167.48551912568306,672.5672413793103,3.305855962280237,3.305855962280237,16.69028984534872,140.22571871476887,129.46157949518604,519.8754963427377,0.0035205641105833,0.0014868401826249,0.0,0.0,-41.18545659526494,5.039279490461577,0.0,1.6959399823477492,0.0,0.0,0.1828139152604918,0.0883625750612231,0.1942548457092989,0.750975800156128,0.0968163977322285,1.681818181818182,0.0346204166526887,0.9705612879673174,0.0099778088864389,0.0111053117794228,0.948385368467196,261919000.0,291012000.0,209681000.0,397191000.0,19607000.0,3237000.0,0.0,31.973565030695426,13.364796596649828,0.0,2.814825306893296,6.734109221128022,0.0,0.0116384778555616,0.0281135843358823,2011-04-27,0.01572,amc,46068454.0,2025-04-16,2011-03-31,0.2722646310432569,5.832096774193548,1052919.3548387096
2010-12-31,CSGP,USD,1057352,2011-02-25,2011-02-24 21:50:42,2010,Q4,58185000.0,21277000.0,36908000.0,0.6343215605,4781000,10608000.0,13929000.0,24537000.0,543000.0,29861000.0,51138000.0,0.0,0.0,3388000.0,10435000.0,0.1793417547,7047000.0,0.1211136891,145000.0,7192000.0,0.1236057403,3425000.0,3767000.0,0.0647417719,0.0183,0.0183,203930000,205310000,https://www.sec.gov/Archives/edgar/data/1057352/000105735211000012/0001057352-11-000012-index.htm,https://www.sec.gov/Archives/edgar/data/1057352/000105735211000012/form_10-k.htm,0.2853184916392879,0.0184720247143627,0.0596969548374442,0.0388760849311038,1.030387878193498,1.8707497670769384,1.3883489432648457,1.8707497670769384,0.0,1174636800.0,968231800.0,77.95572073267853,20.187965970610986,96.4873336619024,148.1630676084763,3.0789794024670907,3.0789794024670907,16.640574031107676,92.78694777192142,79.53275833744044,122.12812815338044,0.0032069487351324,0.0067493203005388,0.0,0.0,-19.78006708193579,4.354458726286276,0.0,3.231749402707725,0.0,0.0,0.1823150296468162,0.0821689438858812,0.2237608268432928,0.3487760801708559,0.0729741342270344,1.2532467532467533,0.0443241385236744,0.8817721125473724,0.0095940768122302,0.011038116224009,0.811584857549159,184247000.0,283126000.0,181027000.0,352544000.0,15853500.0,2508000.0,0.0,27.89481825212684,13.210039009258823,0.0,3.226405678163469,6.813000320204931,0.0,0.0098741291002406,0.0208208699063404,2011-02-23,0.01921,amc,54952500.0,2025-04-16,2010-12-31,0.0411244143675168,5.2646875,1133750.0
2010-09-30,CSGP,USD,1057352,2010-10-22,2010-10-21 19:34:10,2010,Q3,57144000.0,20762000.0,36382000.0,0.6366722666,4249000,12441000.0,13017000.0,25458000.0,540000.0,30247000.0,51009000.0,0.0,0.0,540000.0,6135000.0,0.1073603528,6135000.0,0.1073603528,156000.0,6291000.0,0.1100902982,2909000.0,3382000.0,0.0591838163,0.017,0.016,203280000,206880000,https://www.sec.gov/Archives/edgar/data/1057352/000105735210000076/0001057352-10-000076-index.htm,https://www.sec.gov/Archives/edgar/data/1057352/000105735210000076/form_10-q.htm,0.2811097992916174,0.0166371507280598,0.0314639905548996,-0.0007378984651711,0.9967680047225502,1.8510330578512395,1.3586137347500984,1.8510330578512395,0.0,989973600.0,794615600.0,73.1795978710822,17.324191516169677,154.7801125703565,-6599.824,2.630963277151468,2.630963277151468,13.905494890102196,129.52169519152403,124.23633520950594,-5297.437333333333,0.003416252716234,-0.0001515191920269,0.0,0.0,-31.84319478402608,4.553308269165042,0.0,1.8911886457717328,0.0,0.0,0.2177131457370852,0.0743560128797424,0.2339313716554607,1.0234521575984992,0.114552708945821,1.9794375566979137,0.0311668766624667,0.8324110220840918,0.0087215343546882,0.0103172666259914,0.7932740554899645,176738000.0,276179000.0,174856000.0,341810000.0,12113500.0,2580500.0,0.0,21.534544309113816,8.205856853867644,0.0,4.1793315292913045,10.967776016904384,0.0,0.0089880354418807,0.0322018890200708,2010-10-20,0.15,amc,53572500.0,2025-04-16,2010-09-30,-0.8666666666666667,4.3165625,891828.125
2010-06-30,CSGP,USD,1057352,2010-07-23,2010-07-22 21:22:45,2010,Q2,55838000.0,20360000.0,35478000.0,0.6353737598,4123000,13452000.0,12880000.0,26332000.0,532000.0,30987000.0,51347000.0,0.0,0.0,3306000.0,4491000.0,0.0804290985,4491000.0,0.0804290985,196000.0,4687000.0,0.0839392528,1436000.0,3251000.0,0.0582219994,0.016,0.016,202780000,206240000,https://www.sec.gov/Archives/edgar/data/1057352/000105735210000047/0001057352-10-000047-index.htm,https://www.sec.gov/Archives/edgar/data/1057352/000105735210000047/form_10-q.htm,0.2753624617812407,0.016032153072295,0.0693312949995068,0.0564108886477956,0.9891360094683894,1.8133149225761909,1.3226896143603906,1.8133149225761909,0.0,786786400.0,598496400.0,60.503414334051065,14.0905190013969,55.96318372572729,68.7810472943439,2.1397276069882296,2.1397276069882296,10.718442637630288,133.26573146292586,42.57033928444413,52.320692368214,0.004131998214509,0.0145388888267514,0.0,0.0,-41.92607437096415,4.779058116232465,0.0,4.324515533681944,0.0,0.0,0.2409112074214692,0.0738386045345463,0.2394584511703472,0.1863574934205847,0.0469214513413804,0.7924984875983061,0.0347254557828002,0.8087677071680809,0.0084289191189623,0.0102884305000854,0.79259049215899,173489000.0,268215000.0,171626000.0,334061000.0,11650000.0,3238000.0,0.0,17.010996095848704,14.445972495088409,0.0,5.290695470911503,6.230110159118727,0.0,0.008841350651611,0.0129204063517112,2010-07-21,0.14,amc,48858250.0,2025-04-16,2010-06-30,-0.8571428571428571,4.23,1240650.7936507936
2010-03-31,CSGP,USD,1057352,2010-04-23,2010-04-22 19:21:45,2010,Q1,55093000.0,21200000.0,33893000.0,0.6151961229,4197000,11275000.0,12629000.0,23904000.0,690000.0,28791000.0,49991000.0,0.0,0.0,690000.0,5102000.0,0.0926070463,5102000.0,0.0926070463,238000.0,5340000.0,0.0969270143,2451000.0,2889000.0,0.0524386038,0.014,0.014,202490000,206020000,https://www.sec.gov/Archives/edgar/data/1057352/000105735210000023/0001057352-10-000023-index.htm,https://www.sec.gov/Archives/edgar/data/1057352/000105735210000023/form_10q.htm,0.2720776334633809,0.0142673712282088,0.0327917428021136,-0.1842362585806706,0.93291520568917,1.7895155316311917,1.2927897673959208,1.7895155316311917,0.0,840333500.0000001,670127500.0000001,72.71837140879198,15.25299947361734,126.55625,-22.52542486463304,2.3190634150110805,2.3190634150110805,12.163568874448664,131.34604076832616,100.92281626506026,-17.96299522864955,0.0034379207778816,-0.0443942791760652,0.0,0.0,-33.36064288514308,4.868987631699496,0.0,2.2983731394946347,0.0,0.0,0.2046539487775216,0.076180276986187,0.2466067120412686,6.618373493975904,0.7976693953859837,12.046600877192985,0.0364293104387127,0.7579332781911755,0.0075788275961897,0.0094017872833423,0.7553977974220949,168920000.0,261777000.0,167075000.0,330186000.0,12800500.0,3437500.0,0.0,20.821882997840017,13.6188679245283,0.0,4.322375647261886,6.608478802992519,0.0,0.0079727562996917,0.2170280013827843,2010-04-21,0.12,amc,47222571.0,2025-04-16,2010-03-31,-0.8831666666666667,4.095409836065573,1130540.9836065574
2009-12-31,CSGP,USD,1057352,2010-02-26,2010-02-25 21:46:41,2009,Q4,54635000.0,20927000.0,33708000.0,0.6169671456,4245000,10663000.0,11966000.0,22629000.0,882000.0,27756000.0,48683000.0,0.0,0.0,3934000.0,9886000.0,0.1809462799,5952000.0,0.1089411549,226000.0,6178000.0,0.1130776974,2532000.0,3646000.0,0.0667337787,0.018,0.018,202360000,202490000,https://www.sec.gov/Archives/edgar/data/1057352/000105735210000004/0001057352-10-000004-index.htm,https://www.sec.gov/Archives/edgar/data/1057352/000105735210000004/form_10-k.htm,0.2699891282862225,0.0180173947420438,0.0383227910654279,0.0150523818936548,1.1166930223364302,1.7740956710812414,1.2615882585491205,1.7740956710812414,0.0,845864800.0,640078800.0,57.99950630828304,15.48210487782557,109.07347517730496,277.69691398555483,2.3561299811145213,2.3561299811145213,11.715544980323967,64.74598422010925,82.53756286266925,210.1374917925148,0.0043103815172353,0.0036010482999174,0.0,0.0,-20.81590127452964,5.65540494205317,0.0,2.1269884805266046,0.0,0.0,0.1951679326439095,0.0776974466916811,0.2563430133546229,0.6072211476466796,0.0861901711357188,1.1970005083884088,0.0236661480735792,0.8480584268554228,0.0097347911222131,0.0121182711355145,0.9391295216445938,203660000.0,255295000.0,201834000.0,326533000.0,13333000.0,4111000.0,0.0,21.175986089503063,15.770535671620395,0.0,4.250097238428627,5.706844832287974,0.0,0.0101558191228001,0.023270409171773,2010-02-24,0.02111,amc,57670277.0,2025-04-16,2009-12-31,-0.0525817148270961,4.10703125,1426953.125
2009-09-30,CSGP,USD,1057352,2009-11-04,2009-11-04 14:45:42,2009,Q3,53590000.0,19149000.0,34441000.0,0.6426758724,3454000,11564000.0,11630000.0,23194000.0,842000.0,27490000.0,46639000.0,0.0,0.0,842000.0,6951000.0,0.1297070349,6951000.0,0.1297070349,263000.0,7214000.0,0.1346146669,2889000.0,4325000.0,0.0807053555,0.022,0.022,198680000,200840000,https://www.sec.gov/Archives/edgar/data/1057352/000105735209000076/0001057352-09-000076-index.htm,https://www.sec.gov/Archives/edgar/data/1057352/000105735209000076/form_10q.htm,0.2697302194483592,0.0217686732434064,0.0651147573988323,0.0512583048117576,1.1273958123615864,1.767903160861687,1.3006945842560902,1.767903160861687,0.0,818561600.0,617823600.0,47.31569942196532,15.274521365926478,63.27290716549432,80.37721916732129,2.330444388137123,2.330444388137123,11.528710580332152,88.88269313767803,47.75632681456288,60.66610369206599,0.0052836585542248,0.0124413361193586,0.0,0.0,-28.879010214357645,6.211370965694116,0.0,2.99121387283237,0.0,0.0,0.2157865273371897,0.0644523231946258,0.2365962761415627,0.2128004947051093,0.0513715245381601,0.7630266075388027,0.0380854637059152,0.9305430620248748,0.0118069888807717,0.0144402524122733,0.972726243205154,205229000.0,258422000.0,203522000.0,314633000.0,12958500.0,3180500.0,0.0,23.194439261056164,21.408428638571205,0.0,3.880240388096445,4.203951701427004,0.0,0.012313272426526,0.0138564525870746,2009-10-21,0.01853,amc,48718181.0,2025-04-16,2009-09-30,0.0793308148947651,3.78953125,1547890.625
2009-06-30,CSGP,USD,1057352,2009-07-31,2009-07-30 18:48:30,2009,Q2,50064000.0,16744000.0,33320000.0,0.6655480984,3065000,11571000.0,9751000.0,21322000.0,742000.0,25129000.0,41873000.0,0.0,0.0,742000.0,8191000.0,0.1636105785,8191000.0,0.1636105785,322000.0,8513000.0,0.1700423458,3897000.0,4616000.0,0.0922019815,0.024,0.024,194790000,196380000,https://www.sec.gov/Archives/edgar/data/1057352/000105735209000056/0001057352-09-000056-index.htm,https://www.sec.gov/Archives/edgar/data/1057352/000105735209000056/form_10-q.htm,0.2570152471892807,0.0236973150572411,0.0490579598542019,0.0385594743056625,1.0967862826633812,1.666866882283485,1.2957390009754095,1.666866882283485,0.0,777212100.0,593851100.0,42.09337629982669,15.524370805369127,81.33236709920469,103.47651444547996,2.393712444831824,2.393712444831824,11.861838846276768,72.50043950677573,62.1443177061532,79.06418586073758,0.0059391767060754,0.0096640286480357,0.0,0.0,-22.3856671957026,8.430663315484647,0.0,2.0701906412478337,0.0,0.0,0.2311241610738255,0.0612216363055289,0.2042677758061417,0.2140016743407283,0.0408477149248961,0.5913823019086177,0.0307406519654841,0.9427385997873124,0.0136049442983558,0.0163911141412419,0.9933954515118846,203994000.0,252397000.0,202228000.0,291560000.0,13171000.0,1891000.0,0.0,21.76294343240652,9.707357859531774,0.0,4.13547001486866,9.271317829457365,0.0,0.0142166811933881,0.0104984855485394,2009-07-22,0.01928,amc,47978000.0,2025-04-16,2009-06-30,0.037344398340249,3.628730158730159,1841936.507936508
2009-03-31,CSGP,USD,1057352,2009-05-08,2009-05-07 19:24:24,2009,Q1,51370000.0,16894000.0,34476000.0,0.6711310103,3178000,10450000.0,9161000.0,19611000.0,946000.0,23735000.0,40629000.0,0.0,0.0,3676000.0,10741000.0,0.2090909091,10741000.0,0.2090909091,442000.0,11183000.0,0.2176951528,5077000.0,6106000.0,0.1188631497,0.031,0.031,194680000,195620000,https://www.sec.gov/Archives/edgar/data/1057352/000105735209000044/0001057352-09-000044-index.htm,https://www.sec.gov/Archives/edgar/data/1057352/000105735209000044/form_10-q.htm,0.2638689130881446,0.0313642901171152,0.0478785699609615,0.0425518800082186,1.0485514690774604,1.5983408670638997,1.2461886172179988,1.5983408670638997,0.0,589880400.0,419256400.0,24.151670488044545,11.48297449873467,63.28509816543289,71.20719459198455,1.895715777802773,1.895715777802773,8.16150282265914,39.033274369239365,44.97976611951508,50.61038145823274,0.0103512508637344,0.0140435247551876,0.0,0.0,-15.885299320361232,7.716697159032068,0.0,1.5265312807075009,0.0,0.0,0.2034261241970021,0.0618649016935954,0.2004696153598727,0.1112541572792618,0.0201868795016546,0.2821001088139281,0.0308935176172863,1.0620468915562338,0.0187361699322686,0.0223315351558928,0.9450996507088556,194576000.0,242608000.0,192728000.0,278934000.0,13265000.0,1806000.0,0.0,24.941405489585364,10.526814253581152,0.0,3.608457431862883,8.549595141700404,0.0,0.0196230295823759,0.0053266899527429,2009-04-22,0.0271,bmo,46398709.0,2025-04-16,2009-03-31,0.1070110701107011,2.914590163934426,2421524.5901639345
2008-12-31,CSGP,USD,1057352,2009-02-24,2009-02-23 19:49:06,2008,Q4,52929000.0,17733000.0,35196000.0,0.6649662756,3082000,18189000.0,41705000.0,18189000.0,0.0,22428000.0,40161000.0,0.0,0.0,3932000.0,16700000.0,0.3155170134,12768000.0,0.241228816,782000.0,13550000.0,0.2560033252,6049000.0,7501000.0,0.1417181507,0.0385,0.0385,194680000,194680000,https://www.sec.gov/Archives/edgar/data/1057352/000105735209000013/0001057352-09-000013-index.htm,https://www.sec.gov/Archives/edgar/data/1057352/000105735209000013/form_10-k.htm,0.2718769262379289,0.0385298952126566,0.0540733511403328,0.0518954181220464,1.0029278816519416,1.55856276967331,1.1951510170536264,1.55856276967331,0.0,640497200.0,480515200.0,21.347060391947743,12.101063689092936,60.84327918685285,63.39673364347224,2.110919151937407,2.110919151937407,9.078486274065256,28.77336526946108,45.64597701149425,47.5616351578739,0.0117112143503515,0.0157736833197709,0.0,0.0,-9.579760479041916,7.2927992861065345,0.0,1.4034128782828956,0.0,0.0,0.3436490392790342,0.0582289482136446,0.2115800995262931,0.0402773819701719,0.008010731357101,0.1078331637843336,0.1027791947703527,1.1623912226319773,0.0231552736116521,0.0284522161321524,0.891244606533799,183347000.0,232672000.0,181520000.0,270972000.0,12203500.0,1510000.0,0.0,20.904608059853768,8.303163593300626,0.0,4.305270863836018,10.83924205378973,0.0,0.0247214266646013,0.0021779330182864,2009-02-18,0.03639,bmo,48750394.0,2025-04-16,2008-12-31,0.0992030777686178,3.3615625,3218906.25
2008-09-30,CSGP,USD,1057352,2008-11-06,2008-11-06 12:45:43,2008,Q3,53757000.0,17613000.0,36144000.0,0.6723589486,3122000,20506000.0,10336000.0,20506000.0,0.0,24864000.0,42477000.0,0.0,0.0,4253000.0,11280000.0,0.209833138,11280000.0,0.209833138,951000.0,12231000.0,0.2275238574,5586000.0,6645000.0,0.1236118087,0.034,0.034,193930000,196040000,https://www.sec.gov/Archives/edgar/data/1057352/000105735208000093/0001057352-08-000093-index.htm,https://www.sec.gov/Archives/edgar/data/1057352/000105735208000093/third_quarter2008form10-q.htm,0.2771979580260919,0.0342649409580776,0.0750012891249419,0.0708245243128964,0.9434074150466664,1.550379002732945,1.1338266384778013,1.550379002732945,0.0,880442200.0,741292200.0,33.12423626787058,16.37818702680581,60.53229288415263,64.10208955223881,2.9283162323516203,2.9283162323516203,13.789686924493555,65.71739361702127,50.96543141973186,53.97103749544958,0.0075473438233651,0.0156001154874221,0.0,0.0,-12.33599290780142,5.905906289623449,0.0,2.188863807373965,0.0,0.0,0.3814572985843704,0.0580761575236713,0.2412007787027195,0.055689240288759,0.0150678051230537,0.1904537973195391,0.0,1.0932895372699645,0.0203596962626866,0.0261476229075999,0.8136376527613056,166374000.0,219883000.0,166036000.0,266452000.0,12341500.0,1569000.0,0.0,20.27959149506111,7.072049054675524,0.0,4.437959217369768,12.726156069364162,0.0,0.0221010094290988,0.0041767648120455,2008-10-29,0.02597,bmo,45851558.0,2025-04-16,2008-09-30,0.1551790527531767,5.0309375,2398453.125
2008-06-30,CSGP,USD,1057352,2008-07-25,2008-07-24 20:02:46,2008,Q2,53478000.0,18341000.0,35137000.0,0.6570365384,3141000,22220000.0,12121000.0,22220000.0,0.0,26627000.0,44968000.0,0.0,0.0,4334000.0,8510000.0,0.1591308575,8510000.0,0.1591308575,1243000.0,9753000.0,0.1823740604,4318000.0,5435000.0,0.1016305771,0.028,0.028,193110000,195080000,https://www.sec.gov/Archives/edgar/data/1057352/000105735208000065/0001057352-08-000065-index.htm,https://www.sec.gov/Archives/edgar/data/1057352/000105735208000065/second_quarter2008form10-q.htm,0.2769302470094764,0.0281445808088654,0.0401532805136968,0.0337683185749055,0.8667805913727927,1.5285381388845736,1.0789808917197452,1.5285381388845736,0.0,859339500.0,756839500.0,39.52803587856486,16.06902838550432,110.82531596595308,131.78032510351173,2.9112783559638995,2.9112783559638995,14.15235236919855,88.93531139835487,97.60633221563064,116.0618770127281,0.0063246249008686,0.0075883861966079,0.0,0.0,-12.044653349001177,5.519191085431284,0.0,1.4266789328426863,0.0,0.0,0.4154979617786753,0.0587344328508919,0.263469528350273,0.1590147020892442,0.0230562100302928,0.2844946931241347,0.0,0.9838452451013658,0.0160440634266037,0.0223949169513245,0.7378411268189115,153300000.0,208362000.0,152895000.0,261400000.0,12139000.0,1818500.0,0.0,21.15449343655335,8.606946186140341,0.0,4.254415274463007,10.456670467502851,0.0,0.0184127435834891,0.0063849619387913,2008-07-15,0.02607,bmo,45838285.0,2025-04-16,2008-06-30,0.1507479861910241,4.77875,1993375.0
2008-03-31,CSGP,USD,1057352,2008-05-09,2008-05-08 20:25:08,2008,Q1,52264000.0,19721000.0,32543000.0,0.6226656972,3414000,20678000.0,10873000.0,20678000.0,0.0,25313000.0,45034000.0,0.0,0.0,4282000.0,7230000.0,0.1383361396,7230000.0,0.1383361396,1938000.0,9168000.0,0.1754171131,4126000.0,5042000.0,0.0964717588,0.026,0.026,192170000,193690000,https://www.sec.gov/Archives/edgar/data/1057352/000105735208000044/0001057352-08-000044-index.htm,https://www.sec.gov/Archives/edgar/data/1057352/000105735208000044/first_quarter200810-q.htm,0.2719675287505854,0.0262371858250507,0.0420565124629234,0.0358692824062028,0.8407191549149191,1.492782432221471,1.0467658843732113,1.492782432221471,0.0,826331000.0,731625000.0,40.9723819912733,15.810711005663554,102.24338035139816,119.8797330625272,2.880526932247584,2.880526932247584,13.998641512322058,101.19294605809128,90.52524127691166,106.14028724793268,0.0061016711221048,0.0083416935828378,0.0,0.0,-13.099031811894882,5.026773912309812,0.0,1.6029353431178104,0.0,0.0,0.3956451859788765,0.0653222103168529,0.2649375297514172,0.1471170502350903,0.0227498851982244,0.2776739841195703,0.0237831011786315,0.9387460927150288,0.0138082580210719,0.0212024238550396,0.6957173336108654,143180000.0,201157000.0,142091000.0,251605000.0,11291500.0,2591000.0,0.0,20.161487831011787,8.593377617767862,0.0,4.463956269217629,10.47318109399894,0.0,0.0175760279989402,0.0061872300567206,2008-04-23,0.02377,bmo,42213230.0,2025-04-16,2008-03-31,0.2620950778291964,4.024754098360655,3104786.885245901
2007-12-31,CSGP,USD,1057352,2008-02-29,2008-02-28 20:38:34,2007,Q4,50840000.0,20009000.0,30831000.0,0.6064319434,3087000,21768000.0,51777000.0,21768000.0,0.0,18498000.0,38507000.0,0.0,0.0,4440000.0,16773000.0,0.3299173879,12333000.0,0.2425845791,2220000.0,14553000.0,0.2862509835,4841000.0,9712000.0,0.1910306845,0.0505,0.0505,191850000,192170000,https://www.sec.gov/Archives/edgar/data/1057352/000105735208000004/0001057352-08-000004-index.htm,https://www.sec.gov/Archives/edgar/data/1057352/000105735208000004/form10k.htm,0.2649986968986187,0.0506228824602554,0.1242689601250977,0.0937659629919207,0.9769403179567372,1.4688819390148553,1.012457649205108,1.4688819390148553,0.0,905532000.0,847747000.0,23.309616968698517,17.81140833988985,37.98213162199572,50.33809550280727,3.213328365359025,3.213328365359025,16.67480330448466,50.542359744828,35.558365840359045,47.1258546889766,0.0107251869619185,0.0198656701254069,0.0,0.0,-3.445120133547964,5.379030781703586,0.0,2.454798187808896,0.0,0.0,0.4281667977970102,0.0607199055861526,0.272073650817324,0.2454595025376452,0.1151062155782848,1.318018018018018,0.0817269866247049,1.2934752990690137,0.0290208054178391,0.041455023519067,0.8107597081052906,167441000.0,194240000.0,165640000.0,279051000.0,10797000.0,3542000.0,0.0,19.25157356412274,14.838822529861565,0.0,4.674942528735632,6.0651712640194,0.0,0.0344635474885115,0.0305029971331769,2008-02-20,0.01967,bmo,20336000.0,2025-04-16,2007-12-31,1.5419420437214033,5.3115625,1620843.75
2007-09-30,CSGP,USD,1057352,2007-11-07,2007-11-07 15:39:19,2007,Q3,49340000.0,19551000.0,29789000.0,0.6037494933,3026000,21598000.0,11924000.0,21598000.0,0.0,25952000.0,45503000.0,0.0,0.0,4116000.0,3837000.0,0.077766518,3837000.0,0.077766518,2072000.0,5909000.0,0.1197608431,2659000.0,3250000.0,0.0658694771,0.017,0.017,190450000,194750000,https://www.sec.gov/Archives/edgar/data/1057352/000105735207000090/0001057352-07-000090-index.htm,https://www.sec.gov/Archives/edgar/data/1057352/000105735207000090/third_quarter200710-q.htm,0.2590706222105539,0.0170648464163822,0.0586715673405093,0.0403360462063533,0.8623943292202678,1.4015594644263587,0.9264478865844054,1.4015594644263587,0.0,1076042500.0,1032780500.0,82.77250000000001,21.808725172274016,96.2987739395024,140.07322311897943,4.0312238926747765,4.0312238926747765,20.931911228212403,269.1635392233516,92.4271075711473,134.44161676646706,0.0030203267993596,0.0071391232223634,0.0,0.0,-11.274954391451654,5.524712134632418,0.0,3.4381538461538463,0.0,0.0,0.4377381434941224,0.0613295500608025,0.299878371705348,0.3125111866833721,0.0707742197000405,0.8483965014577259,0.0,0.7335812378918319,0.0078784124606526,0.0153843240838043,0.7218180624835915,153252000.0,176442000.0,152310000.0,265039000.0,9844000.0,3767500.0,0.0,19.552290231049856,17.42366119380083,0.0,4.603041328482134,5.165389696169089,0.0,0.0121756135572647,0.0183355211341559,2007-10-24,0.14,bmo,40632941.0,2025-04-16,2007-09-30,-0.8571428571428571,5.462222222222223,1727650.7936507936
2007-06-30,CSGP,USD,1057352,2007-08-08,2007-08-08 16:55:46,2007,Q2,47794000.0,19318000.0,28476000.0,0.5958070051,3270000,23751000.0,14662000.0,23751000.0,0.0,28230000.0,47548000.0,0.0,0.0,3981000.0,246000.0,0.0051470896,246000.0,0.0051470896,1891000.0,2137000.0,0.0447127254,962000.0,1175000.0,0.0245846759,0.006,0.006,189520000,193480000,https://www.sec.gov/Archives/edgar/data/1057352/000105735207000058/0001057352-07-000058-index.htm,https://www.sec.gov/Archives/edgar/data/1057352/000105735207000058/second_quarter200710-q.htm,0.2521844660194174,0.0061998733642887,0.0297646686365555,0.0173860278598564,0.8150854791051076,1.3684835373575348,0.8838961587167581,1.3684835373575348,0.0,1002560800.0,966126800.0,213.3108085106383,20.976708373436,177.72749512497785,304.26731411229133,3.865592720402537,3.865592720402537,20.2143951123572,3927.3447154471546,171.26871122141463,293.20995447647954,0.0011719987456122,0.0032865837164189,0.0,0.0,-148.10569105691056,5.673874224862829,0.0,4.800851063829787,0.0,0.0,0.4969452232497803,0.0684186299535506,0.3145612911401943,0.4158837085623116,0.0490856592877767,0.5892991710625471,0.0,0.4369205353796483,0.0005179229044243,0.0058714771137317,0.6785444807935838,143960000.0,167516000.0,142157000.0,255767000.0,9536000.0,3384000.0,0.0,16.88935849688245,17.470752665907444,0.0,5.32879919723492,5.151466666666667,0.0,0.0045304698193595,0.012378640776699,2007-07-25,0.05,bmo,39828333.0,2025-04-16,2007-06-30,-0.8786,5.016031746031746,1240793.650793651
2007-03-31,CSGP,USD,1057352,2007-05-10,2007-05-09 19:52:28,2007,Q1,44831000.0,17826000.0,27005000.0,0.6023733577,3070000,21229000.0,13166000.0,21229000.0,0.0,25569000.0,43395000.0,0.0,0.0,3610000.0,1436000.0,0.0320314068,1436000.0,0.0320314068,1862000.0,3298000.0,0.073565167,1484000.0,1814000.0,0.0404630724,0.01,0.009,188960000,192070000,https://www.sec.gov/Archives/edgar/data/1057352/000105735207000041/0001057352-07-000041-index.htm,https://www.sec.gov/Archives/edgar/data/1057352/000105735207000041/first_quarter200710-q.htm,0.2372512701100762,0.0095999153259949,0.0589701524132091,0.0453111769686706,0.7956604572396274,1.3490791701947502,0.8598380609652837,1.3490791701947502,0.0,844651200.0,801533200.0,116.40727673649394,18.840784278735697,75.80105896078256,98.65115627189908,3.313371148821993,3.313371148821993,17.87899444580759,558.1707520891365,71.93154446737863,93.61518336837187,0.0021476320639809,0.0101367286283379,0.0,0.0,-30.026462395543177,5.1560733407112735,0.0,6.142778390297685,0.0,0.0,0.4735339385692935,0.0684794004148914,0.3178489403545446,0.2316252355739029,0.0575717695344739,0.7149584487534626,0.0341058642457228,0.5398134219741989,0.0030683187392551,0.0091429147450921,0.6456141511430991,138950000.0,162475000.0,136453000.0,251013000.0,9652500.0,2448000.0,0.0,20.282170819299143,15.23729384045776,0.0,4.437394833217856,5.906560636182903,0.0,0.0071159021190795,0.0136589754445385,2007-04-25,0.08,bmo,39849777.0,2025-04-16,2007-03-31,-0.882,4.74672131147541,1602721.31147541
2006-12-31,CSGP,USD,1057352,2007-02-28,2007-02-27 18:54:22,2006,Q4,42098000.0,16599000.0,25499000.0,0.6057057342,3191000,17426000.0,38351000.0,17426000.0,16809000.0,21500000.0,38099000.0,0.0,0.0,3183000.0,7182000.0,0.1706019288,3999000.0,0.0949926362,1957000.0,5956000.0,0.1414794052,2408000.0,3548000.0,0.0842795382,0.0188,0.0188,188320000,188960000,https://www.sec.gov/Archives/edgar/data/1057352/000095013307000829/0000950133-07-000829-index.htm,https://www.sec.gov/Archives/edgar/data/1057352/000095013307000829/w30982e10vk.htm,0.2235450297366185,0.018840271877655,0.0442225998300764,0.022982158028887,0.8397833474936278,1.3281117247238745,0.958161639762107,1.3281117247238745,0.0,1009395200.0,971236200.0,71.12423900789177,23.977272079433707,121.20499519692603,233.2243992606285,4.035805045779857,4.035805045779857,23.070839469808543,135.23199665831245,116.62298270893372,224.4076247689464,0.0035149760965774,0.0042877160501654,0.0,0.0,-5.313143971038708,7.403230482501553,0.0,2.347237880496054,0.0,0.0,0.4139389044610195,0.0757993253836286,0.2529398737279305,0.4803073967339097,0.0950163903273314,1.2566760917373547,0.0090028029835146,0.7503297171898705,0.0094798543183896,0.0172427199564558,0.7419419073916738,154606000.0,180441000.0,153424000.0,242682000.0,8537000.0,9142500.0,0.0,19.672668535322344,10.182541116934754,0.0,4.574875027168007,8.838658146964857,0.0,0.0141857582663628,0.0212404418011894,2007-02-21,0.15,bmo,35081666.0,2025-04-16,2006-12-31,-0.8666666666666667,4.859841269841271,1154904.761904762
2006-09-30,CSGP,USD,1057352,2006-11-08,2006-11-08 14:06:19,2006,Q3,40571000.0,14005000.0,26566000.0,0.6548026916,2835000,16819000.0,8834000.0,16819000.0,0.0,20730000.0,34735000.0,0.0,0.0,2953000.0,5836000.0,0.1438465899,5836000.0,0.1438465899,1852000.0,7688000.0,0.1894949595,2990000.0,4698000.0,0.1157969979,0.025,0.025,187870000,191300000,https://www.sec.gov/Archives/edgar/data/1057352/000105735206000034/0001057352-06-000034-index.htm,https://www.sec.gov/Archives/edgar/data/1057352/000105735206000034/third_quarter200610-q.htm,0.2159525203598233,0.0250066535370202,0.0458934369510831,0.019226060573801,0.8244850162346303,1.2899611433438016,0.9352584233778676,1.2899611433438016,0.0,775903100.0,743134100.0,41.28901128139634,19.124574203248624,89.99108095569474,214.8125968992248,3.201646825806185,3.201646825806185,18.31687905153928,127.33620630568883,86.19045465089306,205.74033776301212,0.006054879791046,0.0046552204779179,0.0,0.0,-5.614976010966416,6.774992053401144,0.0,1.8352490421455936,0.0,0.0,0.4145571960267186,0.0698774987059722,0.2482944150709992,0.58107167710508,0.1234872199354218,1.6965797494073824,0.0,0.8519367677391806,0.0146630584232982,0.023286822473915,0.7173151647415766,145345000.0,175707000.0,144475000.0,228834000.0,7138500.0,15940000.0,0.0,17.462719676616302,105.435915744377,0.0,5.153836382113822,0.8535990735661608,0.0,0.0193855866636406,0.0266673763772821,2006-10-25,0.0206,bmo,27588280.0,2025-04-16,2006-09-30,0.4563106796116504,4.473492063492063,1344634.9206349207
2006-06-30,CSGP,USD,1057352,2006-08-08,2006-08-08 17:20:14,2006,Q2,38946000.0,12606000.0,26340000.0,0.6763210599,3084000,7633000.0,12109000.0,19742000.0,0.0,23942000.0,36548000.0,0.0,0.0,2861000.0,2398000.0,0.0615724336,2398000.0,0.0615724336,1610000.0,4008000.0,0.1029117239,1704000.0,2304000.0,0.0591588353,0.012,0.012,188220000,192610000,https://www.sec.gov/Archives/edgar/data/1057352/000105735206000021/0001057352-06-000021-index.htm,https://www.sec.gov/Archives/edgar/data/1057352/000105735206000021/second_quarter10q.htm,0.2069174370417596,0.0122409945808096,0.0478323238763149,0.0333598979917118,0.7981564127085325,1.2517160769312508,0.8980395282116672,1.2517160769312508,0.0,1125555600.0,1088305600.0,122.13059895833337,28.90041596056077,125.02005998000668,179.25714285714287,4.777441234645456,4.777441234645456,27.943963436553176,453.8388657214345,120.88255026102412,173.32466953336518,0.002046989060336,0.0055785782594835,0.0,0.0,-15.533778148457047,6.7929023658780405,0.0,3.9075520833333335,0.0,0.0,0.1959893185436245,0.0791865660144816,0.2554059238796808,0.3025658113962012,0.0699429979972269,0.952114645228941,0.0,0.5871546802799289,0.0058254632423512,0.0118719437731551,0.6906319732228243,139076000.0,169029000.0,138042000.0,220092000.0,6890000.0,15615500.0,0.0,14.801263287629023,110.46882436934794,0.0,6.08056206088993,0.8147094939572158,0.0,0.0097793699437176,0.0144724258846031,2006-07-26,0.05,bmo,16227500.0,2025-04-16,2006-06-30,-0.7608,5.474761904761905,1413000.0
2006-03-31,CSGP,USD,1057352,2006-05-10,2006-05-09 19:36:00,2006,Q1,37274000.0,12926000.0,24348000.0,0.6532167194,2898000,18494000.0,0.0,18494000.0,0.0,22500000.0,35426000.0,0.0,0.0,2813000.0,1848000.0,0.0495787949,1848000.0,0.0495787949,1426000.0,3274000.0,0.0878360251,1414000.0,1860000.0,0.0499007351,0.01,0.01,186920000,192690000,https://www.sec.gov/Archives/edgar/data/1057352/000095013306002376/0000950133-06-002376-index.htm,https://www.sec.gov/Archives/edgar/data/1057352/000095013306002376/w20863e10vq.htm,0.1994115129467151,0.0099507810828161,0.0363684998930023,0.0298148940723304,0.7610421570725444,1.229830943719238,0.8766638133961053,1.229830943719238,0.0,970114800.0,925021800.0,130.3917741935484,26.026581531362343,142.70591350397177,174.07407141575456,4.220092222028885,4.220092222028885,24.81681064549016,500.5529220779221,136.07263901147397,165.9827382020456,0.0019172988598875,0.0057446809387919,0.0,0.0,-24.400974025974023,6.307525934233188,0.0,3.6548387096774193,0.0,0.0,0.496163545635027,0.0777485646831571,0.2579306626240051,0.1802000588408355,0.0328647314481944,0.4354781372200497,0.0267746954982025,0.5247380451435036,0.0045454895291798,0.0097934426056875,0.6512318104001712,132513000.0,163866000.0,131423000.0,212706000.0,6524000.0,8621000.0,0.0,17.807318774480873,109.7183970292434,0.0,5.054101694915254,0.8202817616448788,0.0,0.0080911780059161,0.0065536058206719,2006-04-26,0.08,bmo,29819199.0,2025-04-16,2006-03-31,-0.8793749999999999,4.960645161290323,1374564.5161290322
2005-12-31,CSGP,USD,1057352,2006-03-07,2006-03-07 12:35:57,2005,Q4,35804000.0,11959000.0,23845000.0,0.6659870406,2666000,15931000.0,0.0,15931000.0,64361000.0,19706000.0,31665000.0,0.0,0.0,2824000.0,6963000.0,0.1944754776,4139000.0,0.1156016088,1200000.0,5339000.0,0.149117417,2136000.0,3203000.0,0.0894592783,0.0171,0.0171,186420000,186920000,https://www.sec.gov/Archives/edgar/data/1057352/000095013306001049/0000950133-06-001049-index.htm,https://www.sec.gov/Archives/edgar/data/1057352/000095013306001049/w18205e10vk.htm,0.1920609376676322,0.0171816328720094,0.0469423881557772,0.0415996137753459,0.7197993777491686,1.205857740585774,0.8496191395772986,1.205857740585774,0.0,805334400.0,777269400.0,62.85782079300655,22.49286113283432,92.02769969146384,103.8471179883946,3.582512144344206,3.582512144344206,21.709010166461848,111.62852218871176,88.8206376414124,100.22816247582205,0.0039772298314836,0.0096295402257745,0.0,0.0,-4.030590262817751,6.649634705268412,0.0,2.732126131751483,0.0,0.0,0.4449502848843704,0.0744609540833426,0.2677185669538295,0.1138155639355502,0.0278181208803485,0.3526912181303116,0.0,0.6827654153359339,0.0109860540322468,0.0176329074203546,0.6178347280334728,124501000.0,158386000.0,123275000.0,206055000.0,5596000.0,8429000.0,0.0,14.260138532007597,11.168157872731834,0.0,6.311299136259475,8.058625336927223,0.0,0.0142484741721382,0.0053427743804312,2006-02-15,0.15,bmo,31591764.0,2025-04-16,2005-12-31,-0.8666666666666667,4.644126984126983,1042761.9047619049
2005-09-30,CSGP,USD,1057352,2005-11-08,2005-11-08 16:55:48,2005,Q3,34320000.0,11001000.0,23319000.0,0.679458042,2580000,16418000.0,0.0,16418000.0,1132000.0,20130000.0,31131000.0,0.0,0.0,2759000.0,5948000.0,0.1733100233,972000.0,0.0283216783,932000.0,1904000.0,0.0554778555,767000.0,1137000.0,0.0331293706,0.006,0.006,184850000,190920000,https://www.sec.gov/Archives/edgar/data/1057352/000095013305005042/0000950133-05-005042-index.htm,https://www.sec.gov/Archives/edgar/data/1057352/000095013305005042/w14454e10vq.htm,0.1856640519340005,0.0061509331890722,0.0477089532053015,0.0383013253989721,0.6749310251555315,1.1926643224235869,0.8226291587773871,1.1926643224235869,0.0,863249500.0,835242500.0,189.80859718557608,25.15295745920746,97.88519106474658,121.92789548022598,3.915603000943465,3.915603000943465,24.33690268065268,140.424092131809,94.70943417621044,117.972104519774,0.0013171163145764,0.0082015686079169,0.0,0.0,-4.7086415601882985,6.1113729325982575,0.0,7.756376429199648,0.0,0.0,0.4783799533799533,0.0751748251748251,0.2793873174716634,0.1971878897834221,0.0506701631701631,0.6303008336353751,0.0,0.4062757286559158,0.0026106933172804,0.0064447014011699,0.5655355693805788,114965000.0,152063000.0,113096000.0,199512000.0,5497500.0,12780500.0,0.0,14.472902097902098,125.77583856013092,0.0,6.21851784743613,0.715558735527514,0.0,0.0051573045939473,0.0094076278063294,2005-10-19,0.07,bmo,40040000.0,2025-04-16,2005-09-30,-0.9148571428571428,4.668125,1003375.0
2005-06-30,CSGP,USD,1057352,2005-08-05,2005-08-05 15:11:22,2005,Q2,32871000.0,10836000.0,22035000.0,0.6703477229,2545000,17163000.0,0.0,17163000.0,1110000.0,20818000.0,31654000.0,0.0,0.0,2956000.0,1217000.0,0.0370235162,1217000.0,0.0370235162,719000.0,1936000.0,0.0588969,793000.0,1143000.0,0.0347722917,0.006,0.006,183660000,188680000,https://www.sec.gov/Archives/edgar/data/1057352/000095013305003465/0000950133-05-003465-index.htm,https://www.sec.gov/Archives/edgar/data/1057352/000095013305003465/w11477e10vq.htm,0.1789774583469454,0.0062234563868016,0.0164107590112163,-0.0010998584340629,0.6174561690079494,1.1657192638571272,0.784498529892192,1.1657192638571272,0.0,800757600.0,769740600.0,175.1438320209974,24.36060965592772,265.6793629727936,-3964.1465346534656,3.740180106120619,3.740180106120619,23.417011955827324,632.4902218570255,255.38838752488388,-3810.5970297029694,0.0014273982538536,-0.00025226110873,0.0,0.0,-25.48644207066557,7.175201693654517,0.0,2.636920384951881,0.0,0.0,0.5221319704298621,0.0774238690639165,0.2996614551010713,1.0670205706702056,0.0978369991786072,1.087956698240866,0.0,0.404021122532055,0.0033238087983248,0.0069851862716339,0.5333660023957313,107924000.0,144081000.0,105850000.0,194063000.0,5233500.0,10891000.0,0.0,14.993155060691796,84.60963455149502,0.0,6.002739225712198,1.063708648277216,0.0,0.0053387265525745,0.0175106174452793,2005-07-20,0.06,bmo,32871000.0,2025-04-16,2005-06-30,-0.8989999999999999,3.95515625,1485078.125
2005-03-31,CSGP,USD,1057352,2005-05-09,2005-05-09 15:26:59,2005,Q1,31343000.0,10490000.0,20853000.0,0.6653160195,2332000,16389000.0,0.0,16389000.0,1118000.0,19839000.0,30329000.0,0.0,0.0,3175000.0,1014000.0,0.0323517213,1014000.0,0.0323517213,604000.0,1618000.0,0.0516223718,644000.0,974000.0,0.0310755193,0.005,0.005,183180000,188610000,https://www.sec.gov/Archives/edgar/data/1057352/000095013305002093/0000950133-05-002093-index.htm,https://www.sec.gov/Archives/edgar/data/1057352/000095013305002093/w08787e10vq.htm,0.1711049241183535,0.0053171743640135,0.0127470247843651,-0.0005841249044655,0.6162845288786986,1.1632274265749536,0.7689540342832187,1.1632274265749536,0.0,675934200.0,649419200.0,173.49440451745377,21.56571483265801,289.4793147751606,-6317.142056074767,3.172208560165196,3.172208560165196,20.71975241680758,640.4528599605522,278.1238543897216,-6069.3383177570095,0.0014409686623342,-0.0001582994321044,0.0,0.0,-26.148915187376726,6.34491503931017,0.0,2.397330595482546,0.0,0.0,0.5228918737836199,0.074402577928086,0.3071685273790537,1.0458244111349035,0.0779121334907315,0.7691338582677165,0.0,0.3730474080760917,0.0028336912808753,0.0059790548918981,0.5163732394366197,105375000.0,140857000.0,103045000.0,192010000.0,4456000.0,6735500.0,0.0,14.33142966531602,99.48045757864632,0.0,6.2799038268884,0.9047003018542475,0.0,0.0045710531255866,0.0133311496888306,2005-04-19,0.05,bmo,31343000.0,2025-04-16,2005-03-31,-0.8968,4.054262295081967,1581114.754098361
2004-12-31,CSGP,USD,1057352,2005-03-11,2005-03-11 16:48:33,2004,Q4,29741000.0,9412000.0,20329000.0,0.6835345146,2177000,14900000.0,26537000.0,14900000.0,11373000.0,18146000.0,27558000.0,0.0,0.0,3333000.0,5516000.0,0.1854678726,2183000.0,0.0734003564,479000.0,2662000.0,0.0895060691,-16739000.0,19401000.0,0.6523317979,0.11,0.11,183000000,183180000,https://www.sec.gov/Archives/edgar/data/1057352/000095013305000993/0000950133-05-000993-index.htm,https://www.sec.gov/Archives/edgar/data/1057352/000095013305000993/w06444e10vk.htm,0.1625191256830601,0.1060163934426229,0.0340382513661202,0.0164262295081967,0.6397213114754098,1.1526994535519126,0.7724043715846994,1.1526994535519126,0.0,845460000.0,808653000.0,10.894541518478428,28.42742342221176,135.72965162947506,281.25748502994014,4.007983161407767,4.007983161407767,27.189838942873475,146.60134155184917,129.82067747632044,269.0129740518962,0.022947271307927,0.0035554609325101,0.0,0.0,-6.672770123277737,6.616149521032903,0.0,0.3210659244368847,0.0,0.0,0.5009918967082478,0.0731986147069701,0.299083333691462,0.517418526248194,0.1083689183282337,0.966996699669967,0.0,1.6581958185779089,0.0745257753576452,0.1189537514485244,0.5369549180327868,107875000.0,141350000.0,105336000.0,190958000.0,3705500.0,7290500.0,0.0,11.865438283850576,17.93880152996175,0.0,7.585054832950778,5.017057569296376,0.0,0.0919722770024271,0.0176120218579234,2005-02-16,0.14,bmo,4042466.02,2025-04-16,2004-12-31,-0.2857142857142857,4.35234375,1477656.25
2004-09-30,CSGP,USD,1057352,2004-11-05,2004-11-05 16:31:57,2004,Q3,28610000.0,9189000.0,19421000.0,0.6788185949,2150000,14230000.0,7452000.0,14230000.0,0.0,17465000.0,26654000.0,0.0,0.0,3137000.0,1956000.0,0.0683677036,1956000.0,0.0683677036,311000.0,2267000.0,0.0792380287,-100000.0,2367000.0,0.08273331,0.013,0.013,182470000,188980000,https://www.sec.gov/Archives/edgar/data/1057352/000095013304004108/0000950133-04-004108-index.htm,https://www.sec.gov/Archives/edgar/data/1057352/000095013304004108/w68371e10vq.htm,0.1567928974625966,0.0129719953965035,0.0351674247821559,0.0300158930235107,0.6209733106812079,0.9885789444840248,0.6044774483476736,0.9885789444840248,0.0,897752400.0,864501400.0,94.81964512040555,31.378972387277177,139.90219728845256,163.91316414095309,4.976840774782966,4.976840774782966,30.2167563788885,441.9741308793456,134.72049244195108,157.84213985758626,0.0026365844301836,0.0061007912649412,0.0,0.0,-16.999488752556235,6.272708158116064,0.0,2.711026615969582,0.0,0.0,0.4973785389723872,0.0751485494582313,0.3459753773855009,0.1464858968365279,0.0328556448794127,0.2996493465094039,0.0,0.5371558750780444,0.0111263248373862,0.0178653644398487,0.5136981421603551,100308000.0,110299000.0,97140000.0,182559000.0,3197000.0,12230000.0,0.0,10.978678783642083,124.43682664054847,0.0,8.197707736389685,0.723258559622196,0.0,0.0131218608982958,0.0051515317586452,2004-10-19,0.01927,bmo,44015384.0,2025-04-16,2004-09-30,-0.3497664763881681,4.34671875,1000796.875
2004-06-30,CSGP,USD,1057352,2004-08-06,2004-08-06 14:35:15,2004,Q2,27456000.0,8842000.0,18614000.0,0.6779574592,2236000,13931000.0,6898000.0,13931000.0,0.0,17238000.0,26080000.0,0.0,0.0,3226000.0,1376000.0,0.0501165501,1376000.0,0.0501165501,286000.0,1662000.0,0.0605332168,-74000.0,1736000.0,0.0632284382,0.01,0.009,181510000,187710000,https://www.sec.gov/Archives/edgar/data/1057352/000095013304003070/0000950133-04-003070-index.htm,https://www.sec.gov/Archives/edgar/data/1057352/000095013304003070/w97729e10vq.htm,0.1512643931463831,0.0095642113382182,0.0330119552641727,0.010682607018897,0.5912511707343948,0.9740840725028924,0.5808881053385488,0.9740840725028924,0.0,833130900.0,795835900.0,119.97852822580646,30.344219842657346,139.0405373831776,429.67039711191336,4.712118932615409,4.712118932615409,28.98586465617716,578.369113372093,132.8164052069426,410.43625580195976,0.0020837061739037,0.0023273653635941,0.0,0.0,-27.10392441860465,6.333725688021972,0.0,3.4516129032258065,0.0,0.0,0.5073936480186481,0.0814393939393939,0.36053507650806,0.6764018691588785,0.147618006993007,1.256354618722877,0.0,0.457840347106636,0.007979845566342,0.0137142134866965,0.4867445319817089,95159000.0,105437000.0,91853000.0,179043000.0,3104000.0,10715000.0,0.0,9.519230769230768,119.65053155394708,0.0,9.454545454545457,0.752190557209698,0.0,0.0098186713120595,0.0223293482452757,2004-07-20,0.01767,bmo,51861333.0,2025-04-16,2004-06-30,-0.4765138653084324,4.026774193548387,907677.4193548388
2004-03-31,CSGP,USD,1057352,2004-05-07,2004-05-07 15:49:48,2004,Q1,26278000.0,7941000.0,18337000.0,0.6978080524,1929000,14051000.0,7199000.0,14051000.0,0.0,17106000.0,25047000.0,0.0,0.0,3314000.0,1231000.0,0.0468452698,1231000.0,0.0468452698,238000.0,1469000.0,0.0559022757,-12000.0,1481000.0,0.0563589314,0.008,0.008,179610000,186990000,https://www.sec.gov/Archives/edgar/data/1057352/000095013304001856/0000950133-04-001856-index.htm,https://www.sec.gov/Archives/edgar/data/1057352/000095013304001856/w96989e10vq.htm,0.146305884972997,0.0082456433383441,0.0338789599688213,0.0293357830855743,0.5825900562329491,0.9592840042313904,0.5655475753020434,0.9592840042313904,0.0,662760900.0,631520900.0,111.87726198514515,25.22113174518609,108.9171569433032,125.78494970582652,3.846618919656175,3.846618919656175,24.032304589390364,513.0145410235581,103.7832210353328,119.85593091668248,0.0022345916906081,0.0079500767169578,0.0,0.0,-25.37774167343623,6.738314901936824,0.0,4.108710330857528,0.0,0.0,0.5347058375827689,0.0734074130451328,0.3688448920623164,0.134100246507806,0.0310525915214247,0.2462281231140615,0.0,0.4218685335256599,0.0070770273276493,0.0122384556903447,0.4881855130560659,93919000.0,101578000.0,90852000.0,174372000.0,3806000.0,5455000.0,0.0,11.31592967501332,109.65243672081604,0.0,7.953389830508475,0.8207751937984497,0.0,0.0085956226747999,0.004543176883247,2004-04-20,0.01584,bmo,52556000.0,2025-04-16,2004-03-31,-0.5,3.935161290322581,922241.9354838708
2003-12-31,CSGP,USD,1057352,2004-03-12,2004-03-12 15:43:34,2003,Q4,25270000.0,7796000.0,17474000.0,0.6914918876,1755000,13653000.0,26537000.0,13653000.0,0.0,16502000.0,24298000.0,0.0,0.0,3270000.0,4242000.0,0.167867036,972000.0,0.0384645825,181000.0,1153000.0,0.045627226,124000.0,1029000.0,0.0407202216,0.0057,0.0057,171560000,179610000,https://www.sec.gov/Archives/edgar/data/1057352/000095013304000870/0000950133-04-000870-index.htm,https://www.sec.gov/Archives/edgar/data/1057352/000095013304000870/w95059e10vk.htm,0.1472954068547447,0.0059979016087666,0.0256644905572394,0.0190195849848449,0.5680170202844486,0.9814000932618326,0.579552343203544,0.9814000932618326,0.0,715405200.0,679762200.0,173.81078717201166,28.310455085081124,162.48130819895525,219.24768617836347,4.249031591326194,4.249031591326194,26.8999683419074,160.24568599717114,154.3861458096752,208.32430278884465,0.0014383457095363,0.0045610515551186,0.0,0.0,-8.402404526166903,6.679415362822741,0.0,4.27891156462585,0.0,0.0,0.5402849228333992,0.0694499406410763,0.3748830886351277,0.2589143765614354,0.0451127819548872,0.3486238532110092,0.0,0.3639267466948865,0.0051521701830134,0.0089510173192181,0.4963219864770343,88207000.0,99428000.0,88207000.0,167402000.0,4659500.0,5688500.0,0.0,15.343094578551645,14.257311441765008,0.0,5.865831012070567,6.3125506072874495,0.0,0.0061115763590684,0.0066449055723944,2004-02-17,0.15,bmo,23690625.0,2025-04-16,2003-12-31,-0.8666666666666667,3.72296875,1401468.75
2003-09-30,CSGP,USD,1057352,2003-11-13,2003-11-13 12:29:03,2003,Q3,24108000.0,7627000.0,16481000.0,0.6836319894,1729000,13211000.0,0.0,13211000.0,1167000.0,16107000.0,23734000.0,0.0,0.0,3344000.0,374000.0,0.0155135225,374000.0,0.0155135225,65000.0,439000.0,0.0182097229,158000.0,281000.0,0.0116558819,0.002,0.002,159810000,164820000,https://www.sec.gov/Archives/edgar/data/1057352/000095013303003862/0000950133-03-003862-index.htm,https://www.sec.gov/Archives/edgar/data/1057352/000095013303003862/w91597e10vq.htm,0.1508541392904073,0.0017583380264063,0.02766410112008,0.0185908266065953,0.2247105938301733,0.6751830298479444,0.2392278330517489,0.6751830298479444,0.0,418702200.0,395408200.0,372.5108540925267,17.367770034843204,94.70757747116038,140.9297206327836,3.8804292823977535,3.8804292823977535,16.40153476024556,1057.2411764705882,89.43863379325944,133.08926287445306,0.0006711213841245,0.0070957353460287,0.0,0.0,-62.283422459893046,2.7332948199499327,0.0,15.733096085409253,0.0,0.0,0.5479923676787788,0.071718931475029,0.5642209264658244,0.3279800950011309,0.0601460096233615,0.4336124401913875,0.0,0.1634380613986006,0.0022186455866836,0.0052220776807284,0.1507430698955009,27003000.0,38231000.0,27003000.0,106987000.0,5435000.0,10013000.0,0.0,18.707068193130908,119.67746164940344,0.0,4.811015765316304,0.7520212975744429,0.0,0.0026042390710002,0.0090732745134847,2003-10-14,0.12,bmo,22253538.0,2025-04-16,2003-09-30,-0.9858333333333332,2.97296875,535343.75
2003-06-30,CSGP,USD,1057352,2003-08-14,2003-08-14 13:26:46,2003,Q2,23174000.0,7716000.0,15458000.0,0.667040649,1702000,13066000.0,0.0,13066000.0,1113000.0,15881000.0,23597000.0,0.0,0.0,3285000.0,2862000.0,0.1235004747,-423000.0,-0.0182532148,56000.0,-367000.0,-0.0158367136,-56000.0,-367000.0,-0.0158367136,-0.0023,-0.0023,158560000,158560000,https://www.sec.gov/Archives/edgar/data/1057352/000095013303002908/0000950133-03-002908-index.htm,https://www.sec.gov/Archives/edgar/data/1057352/000095013303002908/w89266e10vq.htm,0.1461528758829465,-0.0023145812310797,0.0228872351160444,0.0190464177598385,0.1992999495459132,0.6685923309788093,0.2171922300706357,0.6685923309788093,0.0,470923200.00000006,440416200.00000006,-320.7923705722071,20.321187537757837,129.76665748139985,155.93483443708612,4.442168811077991,4.442168811077991,19.004755329248297,153.8840670859539,121.3602094240838,145.83317880794704,-0.0007793202798248,0.0064129352726729,0.0,0.0,-10.659329140461216,2.606422753371612,0.0,-9.888283378746594,0.0,0.0,0.5638215241218607,0.0734443773194096,0.5915695512025787,0.1678148250206668,0.0262794511090014,0.1853881278538812,0.0,,-0.0033812685438623,-0.0074267443742917,0.1325507694248234,24061000.0,34438000.0,24061000.0,105722000.0,6491000.0,9467000.0,0.0,22.754379908518167,115.2877138413686,0.0,3.955282471411504,0.7806556050182113,0.0,-0.0034618722408783,0.0038408173562058,2003-07-22,0.08,bmo,20599111.0,2025-04-16,2003-06-30,-1.028875,2.55015873015873,640507.9365079365
2003-03-31,CSGP,USD,1057352,2003-05-14,2003-05-14 15:45:28,2003,Q1,22553000.0,7603000.0,14950000.0,0.6628829867,1700000,13058000.0,0.0,13058000.0,0.0,15870000.0,23473000.0,0.0,0.0,3267000.0,2347000.0,0.1040659779,-920000.0,-0.0407927992,77000.0,-843000.0,-0.0373786193,-77000.0,-843000.0,-0.0373786193,-0.0053,-0.0053,158140000,158140000,https://www.sec.gov/Archives/edgar/data/1057352/000095013303001835/0000950133-03-001835-index.htm,https://www.sec.gov/Archives/edgar/data/1057352/000095013303001835/w86527e10vq.htm,0.1426141393701783,-0.0053307196155305,0.0069368913620842,0.0026305804982926,0.1664031870494498,0.6534083723283167,0.1933413431136967,0.6534083723283167,0.0,349489400.0,324579400.0,-103.64454329774614,15.496359686072806,318.58650865998175,840.11875,3.382264589180296,3.382264589180296,14.391850308162994,138.29544098849595,295.87912488605286,780.2389423076924,-0.0024120903237694,0.0011903079177794,0.0,0.0,-10.613549211759691,2.260430729668917,0.0,-1.3013048635824436,0.0,0.0,0.5789917084201658,0.07537799849244,0.6119779618959499,0.6207839562443026,0.0301955393960892,0.2084481175390266,0.0,,-0.0080902621241713,-0.0182744417949273,0.1018227519919059,19606000.0,30575000.0,19606000.0,103050000.0,6954500.0,9587000.0,0.0,28.42504323149914,107.12876496119952,0.0,3.166222097430858,0.840110497237569,0.0,-0.0081583276879899,0.0043063108637915,2003-04-23,0.05,bmo,18794166.0,2025-04-16,2003-03-31,-1.1066,2.017540983606557,321196.7213114754
2002-12-31,CSGP,USD,1057352,2003-03-28,2003-03-28 15:33:38,2002,Q4,20688000.0,6983000.0,13705000.0,0.6624613302,1372000,12319000.0,23158000.0,12319000.0,0.0,14598000.0,21581000.0,0.0,0.0,2874000.0,1981000.0,0.0957559938,-893000.0,-0.0431651199,306000.0,-770000.0,-0.0372196442,183000.0,-770000.0,-0.0372196442,-0.0049,-0.0049,157950000,158140000,https://www.sec.gov/Archives/edgar/data/1057352/000095013303001053/0000950133-03-001053-index.htm,https://www.sec.gov/Archives/edgar/data/1057352/000095013303001053/w84817e10vk.htm,0.1309781576448243,-0.0048749604305159,0.0124786324786324,0.0052991452991453,0.1718518518518518,0.6585438429882874,0.3058752769863881,0.6585438429882874,0.0,292207500.0,266661500.0,-94.87256493506494,14.124492459396752,148.25342465753425,349.11290322580646,2.80922829922032,2.80922829922032,12.88967034029389,134.6095406360424,135.29249112125825,318.5919952210275,-0.0026351137462248,0.0028644028644028,0.0,0.0,-12.895507319535588,3.484419073203492,0.0,-2.55974025974026,0.0,0.0,0.5954659706109822,0.0663186388244393,0.4684669531650786,0.5753424657534246,0.054814385150812,0.3945720250521921,0.0,,-0.0106254984044191,-0.0121829659984494,0.1098037353592909,36993000.0,48313000.0,36993000.0,103745000.0,6576000.0,9610000.0,0.0,29.52146171693736,130.4826006014607,0.0,3.048629531388152,0.6897471355195575,0.0,-0.0074026361075593,0.0071794871794871,2003-02-18,-0.0039,bmo,16550399.0,2025-04-16,2002-12-31,0.2487179487179488,1.73859375,502000.0
2002-09-30,CSGP,USD,1057352,2002-11-13,2002-11-13 16:27:49,2002,Q3,20075000.0,6996000.0,13079000.0,0.6515068493,1370000,12115000.0,0.0,12115000.0,0.0,14387000.0,21383000.0,0.0,0.0,2868000.0,1560000.0,0.0777085928,-1308000.0,-0.0651556663,183000.0,-1308000.0,-0.0651556663,-183000.0,-1125000.0,-0.0560398506,-0.0071,-0.0071,157770000,157770000,https://www.sec.gov/Archives/edgar/data/1057352/000095013302003739/0000950133-02-003739-index.htm,https://www.sec.gov/Archives/edgar/data/1057352/000095013302003739/w65606e10vq.htm,0.1272421879951828,-0.0071306332002281,0.0115991633390378,0.003340305508018,0.2701274006465107,0.6633517145211384,0.2988464220067186,0.6633517145211384,0.0,283986000.0,256490000.0,-63.108,14.146251556662516,155.18360655737706,538.8728652751423,2.713492647410111,2.713492647410111,12.776587795765876,164.41666666666666,140.1584699453552,486.6982922201138,-0.0039614628890156,0.0018557252822322,0.0,0.0,-17.625641025641027,3.648664600855836,0.0,-1.6266666666666667,0.0,0.0,0.6034869240348693,0.0682440846824408,0.486486029218939,0.7120218579234973,0.064906600249066,0.454323570432357,0.0,,-0.0107494004223319,-0.0185328566957152,0.21447993915193,35900000.0,47149000.0,35900000.0,104391000.0,6378500.0,9160000.0,0.0,28.53997509339975,117.01543739279587,0.0,3.1534715677034244,0.7691292875989446,0.0,-0.0107494004223319,0.0082588578310198,2002-10-22,-0.00554,bmo,13383333.0,2025-04-16,2002-09-30,0.2870036101083033,2.06609375,490984.375
2002-06-30,CSGP,USD,1057352,2002-08-13,2002-08-13 12:52:04,2002,Q2,19539000.0,6937000.0,12602000.0,0.6449664773,1385000,11800000.0,5565000.0,11800000.0,0.0,14083000.0,21020000.0,0.0,0.0,2847000.0,1366000.0,0.0699114591,-1481000.0,-0.0757971237,214000.0,-1267000.0,-0.0648446696,-214000.0,-1267000.0,-0.0648446696,-0.008,-0.008,157420000,157420000,https://www.sec.gov/Archives/edgar/data/1057352/000095013302002886/0000950133-02-002886-index.htm,https://www.sec.gov/Archives/edgar/data/1057352/000095013302002886/w62833e10vq.htm,0.1241201880320162,-0.0080485325879811,0.0105259814508956,0.003894041417863,0.2673294371744378,0.6701435649853894,0.295197560665735,0.6701435649853894,0.0,302246400.0,272403400.0,-59.63820047355959,15.46887762935667,182.4057936028968,493.0610114192496,2.865057728401615,2.865057728401615,13.941522084037054,199.4168374816984,164.39553409776704,444.3774877650897,-0.0041919440562402,0.0020281465718036,0.0,0.0,-21.84699853587116,3.5576755024759685,0.0,-1.307813733228098,0.0,0.0,0.6039203643994063,0.0708838732790828,0.4950598023920957,0.6300543150271575,0.0534315983417779,0.3667017913593256,0.0,,-0.0116675334621797,-0.0210458124314806,0.2105466268580866,35122000.0,46470000.0,35122000.0,105213000.0,6336500.0,9054000.0,0.0,29.43804698295716,119.671327663255,0.0,3.057268033171648,0.752059843885516,0.0,-0.0120101617153582,0.0066319400330326,2002-07-23,-0.00402,bmo,9769500.0,2025-04-16,2002-06-30,1.0024875621890543,2.23859375,466125.0
2002-03-31,CSGP,USD,1057352,2002-05-13,2002-05-13 17:00:20,2002,Q1,19061000.0,7096000.0,11965000.0,0.6277215256,1397000,11536000.0,5669000.0,11536000.0,0.0,13826000.0,20922000.0,0.0,0.0,3198000.0,1337000.0,0.0701432244,-1861000.0,-0.0976339122,239000.0,-1622000.0,-0.0850952206,-239000.0,-1622000.0,-0.0850952206,-0.0103,-0.0103,157200000,157200000,https://www.sec.gov/Archives/edgar/data/1057352/000095013302001917/0000950133-02-001917-index.htm,https://www.sec.gov/Archives/edgar/data/1057352/000095013302001917/w60575e10-q.htm,0.1212531806615776,-0.0103180661577608,0.000737913486005,-0.0026653944020356,0.2649045801526717,0.6773409669211196,0.2934987277353689,0.6773409669211196,0.0,355271999.99999994,324117999.99999994,-54.75832305795314,18.638686322858188,3062.689655172413,-847.9045346062051,3.336576569807848,3.336576569807848,17.00424951471591,242.4218399401645,2794.120689655172,-773.5513126491645,-0.0045655159990092,-0.001179378053998,0.0,0.0,-23.301421091997007,3.5299045676404166,0.0,-0.0715166461159062,0.0,0.0,0.6052148365773045,0.073291013063323,0.5019757913564328,4.612068965517241,0.028067782382876,0.1672920575359599,0.0,,-0.0149024549718553,-0.0270942954982042,0.2075540712468193,34728000.0,46138000.0,34728000.0,106153000.0,6132448.0,5050411.5,0.0,29.661612717066262,112.67756482525368,0.0,3.0342247691817894,0.7987393066186402,0.0,-0.0152331937113769,0.0034033078880407,2002-04-23,-0.00774,bmo,19061000.0,2025-04-16,2002-03-31,0.3333333333333332,2.17,709983.3333333334
2001-12-31,CSGP,USD,1057352,2002-03-28,2002-03-28 00:00:00,2001,Q4,18638952.0,7278161.0,11360791.0,0.6095187648,1228734,11600607.0,138653000.0,11600607.0,0.0,14699159.0,21977320.0,0.0,0.0,4855867.0,1517499.0,0.081415468,-3338368.0,-0.1791070657,280777.0,-3057591.0,-0.164043075,-453262.0,-2604329.0,-0.1397250768,-0.0166,-0.0166,156570000,156570000,https://www.sec.gov/Archives/edgar/data/1057352/000095013302001247/0000950133-02-001247-index.htm,https://www.sec.gov/Archives/edgar/data/1057352/000095013302001247/w58976e10-k405.htm,0.1190454876413106,-0.0166336399054735,0.004696225330523,0.0016090821996551,0.2682646867215941,0.6899100785591109,0.290909331289519,0.6899100785591109,0.0,375768000.0,345021913.0,-36.07147944825711,20.160360947332236,511.0487319254496,1491.5334968682273,3.4787142188333315,3.4787142188333315,18.510800017082506,227.3622012271507,469.2337057044315,1369.4932522009733,-0.0069306832939473,0.0006704509165229,0.0,0.0,-20.261026201664716,3.131922868208125,0.0,-0.2823329924905801,0.0,0.0,0.6223851534142049,0.0659229124040879,0.5052452695571238,0.6573669092926853,0.0259324665893232,0.0995402056934425,0.0,,-0.0263238630927401,-0.0425721797442376,0.197117033914543,33315047.0,45547674.0,33315047.0,107662307.0,6040948.0,6569911.5,0.0,28.888997621754697,15.046942490005373,0.0,3.1153728896507644,5.981281583270533,0.0,-0.0241098665208852,0.0030871431308679,2002-02-13,,bmo,,2025-04-16,2001-12-31,,1.95890625,410625.0
2001-09-30,CSGP,USD,1057352,2001-11-09,2001-11-09 00:00:00,2001,Q3,18447000.0,7532000.0,10915000.0,0.5916951266,1322000,12127000.0,5294000.0,12127000.0,0.0,15728000.0,23260000.0,0.0,0.0,4960000.0,147000.0,0.0079687754,-4813000.0,-0.260909633,348000.0,-4465000.0,-0.2420447769,-452000.0,-4013000.0,-0.2175421478,-0.0256,-0.0256,156570000,156570000,https://www.sec.gov/Archives/edgar/data/1057352/000095013301503144/0000950133-01-503144-index.htm,https://www.sec.gov/Archives/edgar/data/1057352/000095013301503144/w54688e10-q.htm,0.1178195056524238,-0.0256307083093823,-0.0039535032253943,-0.0067445870856485,0.2648527815034808,0.7038513125119755,0.2823912626940026,0.7038513125119755,0.0,284957400.0,243489400.0,-17.75214303513581,15.447357293868922,-460.351211631664,-269.8460227272727,2.585773397941961,2.585773397941961,13.199403697078116,1656.3904761904762,-393.3592891760904,-230.5770833333333,-0.0140828067633969,-0.0037058170800266,0.0,0.0,-282.0952380952381,2.8990825688073394,0.0,0.1542486917518066,0.0,0.0,0.6573968666991923,0.0716647693391879,0.5182398630341394,-0.7059773828756059,0.0236894888057678,0.0881048387096774,0.0,,-0.0390927696476113,-0.0654190372169603,0.1846666027974707,31671000.0,44214000.0,31219000.0,110363000.0,6095500.0,12295000.0,0.0,29.756057895592782,142.46813595326606,0.0,3.024594195769798,0.6317202046464816,0.0,-0.0364149470971488,0.0027910838602541,2001-10-24,-0.09,bmo,24596000.0,2025-04-16,2001-09-30,-0.7152222222222222,2.3837288135593218,408322.0338983051
2001-06-30,CSGP,USD,1057352,2001-08-13,2001-08-13 00:00:00,2001,Q2,18073000.0,7516000.0,10557000.0,0.5841310242,1357000,13603000.0,181344000.0,13603000.0,0.0,16867000.0,24383000.0,0.0,0.0,4861000.0,-1449000.0,-0.0801748465,-6310000.0,-0.3491396005,374000.0,-3936000.0,-0.2177834339,-41000.0,-5895000.0,-0.3261771704,-0.0378,-0.0378,156100000,156100000,https://www.sec.gov/Archives/edgar/data/1057352/000095013301502206/0000950133-01-502206-index.htm,https://www.sec.gov/Archives/edgar/data/1057352/000095013301502206/w51677e10-q.htm,0.1157783472133247,-0.0377642536835362,-0.0114477898782831,-0.0135618193465727,0.2691864189622037,0.7285201793721973,0.281037796284433,0.7285201793721973,0.0,410543000.0,368523000.0,-17.410644614079725,22.715819177779007,-229.73866815892555,-193.9267831837506,3.6100578603964055,3.6100578603964055,20.39080396171084,-254.32919254658384,-206.22439843312816,-174.0779404818139,-0.014359031818835,-0.0051565853028793,0.0,0.0,28.999309868875088,2.759158751696065,0.0,0.3031382527565733,0.0,0.0,0.7526697283240192,0.0750843800143861,0.5279259942258566,-0.1846670397313934,0.0182592818015824,0.0678872659946513,0.0,,-0.0544751699730718,-0.0943773814479203,0.1793529788597053,31116000.0,43870000.0,30212000.0,114343000.0,6402000.0,12707000.0,0.0,30.336966745974657,151.68041511442257,0.0,2.966677609980302,0.5933528065050919,0.0,-0.0518369356852675,0.0021140294682895,2001-07-24,-0.01785,bmo,19975421.0,2025-04-16,2001-06-30,0.1204481792717086,2.344603174603175,451428.5714285714
2001-03-31,CSGP,USD,1057352,2001-05-14,2001-05-14 00:00:00,2001,Q1,17354000.0,7990000.0,9364000.0,0.539587415,1229000,14610000.0,143997000.0,14610000.0,0.0,17629000.0,25619000.0,0.0,0.0,4573000.0,-3692000.0,-0.2127463409,-8265000.0,-0.4762590757,575000.0,-7690000.0,-0.4431255042,-41000.0,-7649000.0,-0.4407629365,-0.0491,-0.0491,155750000,155750000,https://www.sec.gov/Archives/edgar/data/1057352/000095013301501059/0000950133-01-501059-index.htm,https://www.sec.gov/Archives/edgar/data/1057352/000095013301501059/w49130e10-q.htm,0.111422150882825,-0.0491107544141252,-0.0184719101123595,-0.0239165329052969,0.2805714285714286,0.7645393258426967,0.2941444622792937,0.7645393258426967,0.0,297482500.0,253783500.0,-9.722921296901555,17.14201336867581,-103.40024330900243,-79.86107382550335,2.4982364352477804,2.4982364352477804,14.623919557450732,-68.73875947995667,-88.21115745568301,-68.12979865771813,-0.0257124368660341,-0.0125217449765952,0.0,0.0,11.836132177681474,2.6881188118811883,0.0,0.376127598378873,0.0,0.0,0.841880834389766,0.0708194076293649,0.5270374286926934,-0.294751477233229,0.0488648150282355,0.1854362562869013,1.0284084360954246,,-0.0684946579430533,-0.1163399090452796,0.1849052969502407,32054000.0,45813000.0,31108000.0,119710000.0,6430199.5,7082099.5,0.0,34.80926587530252,143.58322903629536,0.0,2.585518474374255,0.6268141523495725,0.0,-0.0642357466177347,0.0054446227929373,2001-04-25,-0.02597,bmo,19906058.0,2025-04-16,2001-03-31,0.1551790527531767,2.174193548387097,631193.5483870967
2000-12-31,CSGP,USD,1057352,2001-03-30,2001-03-30 00:00:00,2000,Q4,16841302.0,5130926.0,11710376.0,0.6953367382,1057380,16261891.0,0.0,16261891.0,0.0,22421107.0,27552033.0,0.0,0.0,5101836.0,-5608895.0,-0.3330440247,-10710731.0,-0.6359799854,750768.0,-9959963.0,-0.5914010093,-112014.0,-9847949.0,-0.5847498608,-0.0639,-0.0639,154110000,154110000,https://www.sec.gov/Archives/edgar/data/1057352/000095013301500346/0000950133-01-500346-index.htm,https://www.sec.gov/Archives/edgar/data/1057352/000095013301500346/w46876e10-k405.txt,0.1092810460060995,-0.0639020764389072,-0.0461181299072091,-0.0529026993705794,0.3056339108429044,0.8200231652715593,0.3225988125364999,0.8200231652715593,0.0,363699600.0,316598358.0,-9.232876815263769,21.595693729617818,-51.1729336108897,-44.610200010180506,2.8779674769534846,2.8779674769534846,18.79892409743617,-56.44576302462428,-44.54573707326236,-38.83291615738575,-0.0270771510334352,-0.0224163980383811,0.0,0.0,8.397597387720754,2.923416580612195,0.0,0.721700020989142,0.0,0.0,0.9655958310111652,0.0627849319488481,0.5255209297586754,-0.1471128486133555,0.0620836797535012,0.2049399471092367,0.0,,-0.0831515996372659,-0.1422855785465178,0.209043444617481,35601660.0,49715703.0,34614398.0,126952471.0,5877699.5,7429099.5,0.0,32.85707423333422,24.85865319437466,0.0,2.739136155607338,3.620469672925256,0.0,-0.0779271600427841,0.0067845694633703,2001-02-21,-0.05,bmo,18946464.0,2025-04-16,2000-12-31,-0.2,2.7353968253968257,628984.126984127
2000-09-30,CSGP,USD,1057352,2000-11-14,2000-11-14 00:00:00,2000,Q3,15717000.0,4837000.0,10880000.0,0.6922440669,1085000,16817000.0,0.0,16817000.0,0.0,23780000.0,28617000.0,0.0,0.0,5878000.0,-7022000.0,-0.4467773748,-12900000.0,-0.820767322,807000.0,-12093000.0,-0.7694216454,-523000.0,-11570000.0,-0.7361455749,-0.0751,-0.0751,154110000,154110000,https://www.sec.gov/Archives/edgar/data/1057352/000095013300004485/0000950133-00-004485-index.htm,https://www.sec.gov/Archives/edgar/data/1057352/000095013300004485/w42214e10-q.txt,0.1019855947050807,-0.0750762442411264,-0.0339367983907598,-0.0472844072415806,0.3618908571799364,0.8757445980144053,0.3593147751605995,0.8757445980144053,0.0062422944649925,570207000.0,515398000.0,-12.32080812445981,36.27963351784692,-109.0261950286807,-78.24989707698641,4.224976104207882,4.224976104207882,32.79239040529363,-73.39760751922529,-98.54646271510516,-70.72842047481817,-0.020290876821926,-0.0127795695247515,0.0071279851216277,0.0060126503162579,7.805326117915124,3.0246072032874065,0.0,0.4520311149524633,0.0,0.0,1.069987911178978,0.0690335305719921,0.4974311857796445,-0.3933078393881453,0.1308773939046892,0.3499489622320517,0.0,,-0.088593856442099,-0.1438893656182765,0.2267292842774641,41879000.0,55374000.0,37529000.0,138758000.0,6609500.0,13575500.0,0.0,32.10727238022523,250.09096547446765,0.0,2.803103263777421,0.3598690573618034,0.0,-0.0857284697060632,0.0133476088508208,2000-10-25,-0.06,bmo,16529948.0,2025-04-16,2000-09-30,-0.1666666666666666,3.033015873015873,736031.746031746
2000-06-30,CSGP,USD,1057352,2000-08-14,2000-08-14 00:00:00,2000,Q2,14572000.0,5677000.0,8895000.0,0.6104172385,1004000,17828000.0,0.0,17828000.0,0.0,23624000.0,29301000.0,0.0,0.0,4792000.0,-9937000.0,-0.6819242383,-14729000.0,-1.0107740873,751000.0,-13978000.0,-0.9592368927,-845000.0,-13133000.0,-0.9012489706,-0.0853,-0.0853,153910000,153910000,https://www.sec.gov/Archives/edgar/data/1057352/000095013300003418/0000950133-00-003418-index.htm,https://www.sec.gov/Archives/edgar/data/1057352/000095013300003418/e10-q.txt,0.0946787083360405,-0.0853290884283022,-0.0401533363654083,-0.0817685660450912,0.4175037359495809,0.9507894223897084,0.3641348840231304,0.9507894223897084,0.0,386314100.0,322056099.99999994,-7.353881443691464,26.510712325006857,-62.51037216828479,-30.69639253079061,2.639911573365405,2.639911573365405,22.10102250892121,-32.40979168763208,-52.112637540453065,-25.59047278506157,-0.0339956527602797,-0.0325771179462515,0.0,0.0,6.466539196940727,3.310223742853284,0.0,0.4705703190436305,0.0,0.0,1.223442217952237,0.068899258852594,0.4973258792101567,-1.0364077669902914,0.4395415866044468,1.3366026711185308,0.0,,-0.0868484168866598,-0.143902786452341,0.2257683061529465,51317000.0,56044000.0,38311000.0,158755000.0,8249500.0,14472000.0,0.0,47.01345045292341,217.3507134049674,0.0,1.9143457698370991,0.4140773158278629,0.0,-0.0897455171659741,0.0416152296796829,2000-08-02,-0.08,bmo,13852395.0,2025-04-16,2000-06-30,-0.0,2.555873015873016,630460.3174603175
2000-03-31,CSGP,USD,1057352,2000-05-15,2000-05-15 00:00:00,2000,Q1,11372000.0,4677000.0,6695000.0,0.5887266972,718000,13823000.0,0.0,13823000.0,0.0,17578000.0,22255000.0,0.0,0.0,3037000.0,-7846000.0,-0.689940204,-10883000.0,-0.9569996483,-4786000.0,-15669000.0,-1.3778578966,-565000.0,-15104000.0,-1.3281744636,-0.11,-0.11,142540000,142540000,https://www.sec.gov/Archives/edgar/data/1057352/000095013300002052/0000950133-00-002052-index.html,https://www.sec.gov/Archives/edgar/data/1057352/000095013300002052/,0.0797811140732425,-0.105963238389224,-0.0584327206398204,-0.072365651746878,0.5391539217061877,1.1176932790795566,0.4063350638417286,1.1176932790795566,0.0132664515223796,525972600.0,451012600.0,-8.705849443855932,46.25154766092156,-63.149549765878255,-50.99104217159476,3.30144241632981,3.30144241632981,39.65991909954273,-57.48312515931685,-54.14966982831072,-43.72395540475036,-0.0287163247667273,-0.0196112877362813,0.0118694920786361,0.009253640776699,9.553912821820036,3.753776747651173,0.0,0.5514433262711864,0.0,0.0,1.2155293703833978,0.0631375307773478,0.4961879502035703,-0.2384439908752551,0.1746394653534998,0.6539348040829767,0.0,,-0.0582191995526134,-0.1467048710601719,0.2699610635611056,66534000.0,57919000.0,45659000.0,179404000.0,5843500.0,8517000.0,0.0,70.33327470981358,293.1494547787043,0.0,1.2796219196579273,0.3070106341079165,0.0,-0.094805292625976,0.0139329311070576,2000-06-23,-0.06,bmo,,2025-04-16,2000-03-31,0.8333333333333334,3.822063492063492,1002111.1111111112
1999-12-31,CSGP,USD,1057352,2000-03-29,2000-03-29 00:00:00,1999,Q4,8900000.0,2500000.0,6400000.0,0.7191011236,300000,10200000.0,0.0,10200000.0,0.0,11900000.0,14400000.0,0.0,0.0,1400000.0,-4100000.0,-0.4606741573,-5500000.0,-0.6179775281,0.0,0.0,0.0,-1200000.0,-4300000.0,-0.4831460674,-0.0333,-0.0326,129133560,132000000,https://www.sec.gov/Archives/edgar/data/1057352/000095013300001207/0000950133-00-001207-index.html,https://www.sec.gov/Archives/edgar/data/1057352/000095013300001207/,0.068920890897765,-0.0332988574000438,-0.0363964255302804,-0.0410427777256353,0.7287029026381678,0.9269472629733124,0.685336948814855,0.9269472629733124,0.0,463589480.4,369489480.4,-26.95287676744186,52.08870566292135,-98.63605965957446,-87.46971328301886,3.872927989974937,3.872927989974937,41.51567195505618,-90.11938546341464,-78.61478306382978,-69.71499630188679,-0.0092754477437447,-0.0114325286143831,0.0,0.0,22.951219512195124,9.745098039215684,0.0,1.0930232558139534,0.0,0.0,1.146067415730337,0.0337078651685393,0.2279035792549306,-0.1276595744680851,0.0674157303370786,0.4285714285714285,0.0,,,-0.0406811731315042,0.611769705721735,89200000.0,88500000.0,82200000.0,126300000.0,2600000.0,1950000.0,0.0,28.314606741573037,64.8,0.0,3.1785714285714284,1.3888888888888888,0.0,-0.035923141186299,0.0046463521953549,2000-02-28,-0.02748,bmo,9641666.0,2025-04-16,1999-12-31,0.0917030567685588,2.34828125,910203.125
1999-09-30,CSGP,USD,1057352,1999-11-15,1999-11-15 00:00:00,1999,Q3,8000000.0,2300000.0,5700000.0,0.7125,300000,8600000.0,0.0,8600000.0,0.0,10200000.0,12500000.0,0.0,0.0,1300000.0,-3200000.0,-0.4,-4500000.0,-0.5625,0.0,0.0,0.0,-1200000.0,-3300000.0,-0.4125,-0.0257,-0.0257,128230000,128230000,https://www.sec.gov/Archives/edgar/data/1057352/000095013399003550/0000950133-99-003550-index.html,https://www.sec.gov/Archives/edgar/data/1057352/000095013399003550/,0.0623878967480308,-0.0257350074085627,-0.0070186383841534,-0.0187163690244092,0.7743897683849333,0.9599937612103252,0.9599937612103252,0.9599937612103252,0.0,306469700.0,207169700.0,-23.217401515151515,38.3087125,-340.5218888888889,-127.69570833333331,2.489599512591389,2.489599512591389,25.8962125,-64.74053125,-230.18855555555555,-86.32070833333333,-0.0107677855265952,-0.0078311167466147,0.0,0.0,31.03125,10.789473684210526,0.0,0.28125,0.0,0.0,1.075,0.0375,0.0,-1.6666666666666667,0.1875,1.1538461538461535,0.0,,,-0.0248868778280542,0.7143414177649536,93000000.0,123100000.0,93000000.0,98100000.0,2300000.0,1850000.0,0.0,27.0,82.17391304347827,0.0,3.333333333333333,1.0952380952380951,0.0,-0.0268074735987002,0.0116977306402557,1999-10-19,-0.01807,bmo,8857142.0,2025-04-16,1999-09-30,0.1068068622025457,3.30171875,688531.25
1999-06-30,CSGP,USD,1057352,1999-08-11,1999-08-11 00:00:00,1999,Q2,7200000.0,2000000.0,5200000.0,0.7222222222,300000,7000000.0,0.0,7000000.0,0.0,8400000.0,10400000.0,0.0,0.0,1100000.0,-2100000.0,-0.2916666667,-3200000.0,-0.4444444444,600000.0,-2600000.0,-0.3611111111,-600000.0,-2600000.0,-0.3611111111,-0.023,-0.023,113043478,113043478,https://www.sec.gov/Archives/edgar/data/1057352/000095013399002675/0000950133-99-002675-index.html,https://www.sec.gov/Archives/edgar/data/1057352/000095013399002675/,0.0636923078392899,-0.0230000000530769,-0.0053076923199408,-0.0159230769598224,0.905846155936568,1.1084230794809764,1.1084230794809764,1.1084230794809764,0.0,491739129.2999999,389339129.2999999,-47.28260858653846,68.29710129166666,-819.5652154999999,-273.18840516666666,3.9244942482043097,3.9244942482043097,54.07487906944444,-185.3995853809524,-648.8985488333333,-216.29951627777777,-0.0052873563340406,-0.0036604774620281,0.0,0.0,48.76190476190476,13.64935064935065,0.0,0.2307692307692307,0.0,0.0,0.9722222222222222,0.0416666666666666,0.0,-2.0,0.1666666666666666,1.0909090909090908,0.0,,-0.0196451593099637,-0.0195488721804511,0.8523269250438313,97400000.0,125300000.0,97400000.0,101500000.0,2450000.0,1450000.0,0.0,27.5,72.0,0.0,3.272727272727273,1.25,0.0,-0.0207501995211492,0.0106153846398816,1999-08-11,,amc,,2025-04-16,1999-06-30,,3.745079365079365,1070111.111111111
1999-03-31,CSGP,USD,1057352,1999-05-14,1999-05-14 00:00:00,1999,Q1,6100000.0,1500000.0,4600000.0,0.7540983607,200000,5500000.0,0.0,5500000.0,0.0,6800000.0,8300000.0,0.0,0.0,1100000.0,-1100000.0,-0.1803278689,-2200000.0,-0.3606557377,100000.0,-2100000.0,-0.3442622951,0.0,-2200000.0,-0.3606557377,-0.022,-0.022,100000000,100000000,https://www.sec.gov/Archives/edgar/data/1057352/000095013399001813/0000950133-99-001813-index.html,https://www.sec.gov/Archives/edgar/data/1057352/,0.061,-0.022,-0.013,-0.122,0.101,0.305,0.305,0.305,0.03,293000000.0,285900000.0,-33.29545454545455,48.03278688524591,-225.38461538461544,-24.016393442622952,9.606557377049182,9.606557377049182,46.8688524590164,-259.90909090909093,-219.92307692307693,-23.4344262295082,-0.0075085324232081,-0.0416382252559726,0.0983606557377049,0.0733496332518337,6.454545454545454,1.2692307692307692,0.0,0.5909090909090909,0.0,0.0,0.9016393442622952,0.0327868852459016,0.0,-8.384615384615385,1.786885245901639,9.909090909090908,0.0,,-0.0721311475409836,-0.0537897310513447,0.01725,2800000.0,30500000.0,2800000.0,6000000.0,1950000.0,1050000.0,0.0,39.83606557377049,78.0,0.0,2.259259259259259,1.1538461538461535,0.0,-0.0721311475409836,0.109,1999-07-28,-0.01885,bmo,7200000.0,2025-04-16,1999-03-31,0.0610079575596817,2.140819672131148,366622.95081967214
1998-12-31,CSGP,USD,1057352,1999-03-31,1999-03-31 00:00:00,1998,Q4,4100000.0,1200000.0,2900000.0,0.7073170732,200000,4100000.0,0.0,4100000.0,0.0,4600000.0,5800000.0,0.0,0.0,300000.0,-1400000.0,-0.3414634146,-1700000.0,-0.4146341463,400000.0,-1300000.0,-0.3170731707,-200000.0,-1500000.0,-0.3658536585,-0.018,-0.018,83333330,83333330,https://www.sec.gov/Archives/edgar/data/1057352/000095013399001092/0000950133-99-001092-index.html,https://www.sec.gov/Archives/edgar/data/1057352/,0.049200001968,-0.01800000072,-0.009600000384,-0.01800000072,0.2364000094560003,0.2784000111360004,0.2784000111360004,0.2784000111360004,0.0,104999995.8,85299995.8,-17.4999993,25.60975507317073,-131.24999475,-69.9999972,4.525861887931034,4.525861887931034,20.804877024390244,-60.928568428571424,-106.62499475,-56.86666386666666,-0.0142857148571428,-0.0142857148571428,0.0,0.0,14.071428571428571,4.930232558139535,0.0,0.5333333333333333,0.0,0.0,1.0,0.048780487804878,0.0,-0.875,0.1707317073170731,2.333333333333333,0.0,,-0.0620026525198939,-0.0545454545454545,0.1956000078240003,16900000.0,23200000.0,16900000.0,19100000.0,1200000.0,600000.0,0.0,26.34146341463415,60.0,0.0,3.4166666666666665,1.5,0.0,-0.0646551724137931,0.008400000336,1999-03-31,,amc,,2025-04-16,1998-12-31,,0.88505859375,170203.125
1998-09-30,CSGP,USD,1057352,1998-11-12,1998-11-12 00:00:00,1998,Q3,3700000.0,900000.0,2800000.0,0.7567567568,200000,3400000.0,0.0,3400000.0,0.0,3900000.0,4800000.0,0.0,0.0,300000.0,-800000.0,-0.2162162162,-1100000.0,-0.2972972973,200000.0,-900000.0,-0.2432432432,-100000.0,-1000000.0,-0.2702702703,-0.012,-0.012,83333333,83333333,https://www.sec.gov/Archives/edgar/data/1057352/000100515098001106/0001005150-98-001106-index.html,https://www.sec.gov/Archives/edgar/data/1057352/,0.0444000001776,-0.012000000048,0.0012000000048,-0.0036000000144,0.2616000010464,0.2964000011856,0.2964000011856,0.2964000011856,0.0,64583333.075,42783333.075,-16.14583326875,17.454954885135137,645.8333307500001,-215.27777691666668,2.6147098410931173,2.6147098410931173,11.563062993243244,-53.47916634375,427.83333075,-142.61111025,-0.0154838710296774,-0.0046451613089032,0.0,0.0,27.25,5.7073170731707314,0.0,-0.0909090909090909,0.0,0.0,0.918918918918919,0.054054054054054,0.0,4.0,0.1081081081081081,1.3333333333333333,0.0,,-0.0395861448493027,-0.0347222222222222,0.2232000008928,19300000.0,24700000.0,19300000.0,20900000.0,1200000.0,750000.0,0.0,29.18918918918919,40.0,0.0,3.083333333333333,2.25,0.0,-0.0404858299595141,0.0048000000192,1998-11-12,,amc,,2025-04-16,1998-09-30,,0.85235359375,451125.0
1998-06-30,CSGP,USD,1057352,1998-08-12,1998-08-12 00:00:00,1998,Q2,3300000.0,600000.0,2700000.0,0.8181818182,100000,2300000.0,0.0,2300000.0,0.0,2700000.0,3300000.0,0.0,0.0,300000.0,300000.0,0.0909090909,0.0,0.0,0.0,0.0,0.0,200000.0,-200000.0,-0.0606060606,-0.0035,-0.0035,57142857,57142857,https://www.sec.gov/Archives/edgar/data/1057352/000100515098000794/0001005150-98-000794-index.html,https://www.sec.gov/Archives/edgar/data/1057352/,0.057750000144375,-0.00350000000875,0.0070000000175,0.005250000013125,0.019250000048125,0.042000000105,0.042000000105,0.042000000105,0.029750000074375,52499999.86875,53099999.86875,-65.6249998359375,15.90909086931818,131.249999671875,174.9999995625,21.8749999453125,21.8749999453125,16.090909051136364,176.9999995625,132.749999671875,176.9999995625,-0.0038095238190476,0.0057142857285714,0.7083333333333334,0.2151898734177215,2.0,0.625,0.0,-2.0,0.0,0.0,0.696969696969697,0.0303030303030303,0.0,0.25,0.0303030303030303,0.3333333333333333,0.0,,,-0.0253164556962025,-0.061250000153125,-2100000.0,2400000.0,-2000000.0,-700000.0,1350000.0,800000.0,0.0,32.72727272727273,165.0,0.0,2.75,0.5454545454545454,0.0,-0.0833333333333333,0.001750000004375,1998-08-12,,amc,,2025-04-16,1998-06-30,,,
1998-03-31,CSGP,USD,1057352,1998-03-31,1998-03-30 19:00:00,1998,Q1,2800000.0,700000.0,2100000.0,0.75,100000,2200000.0,0.0,2200000.0,0.0,2500000.0,3200000.0,0.0,0.0,200000.0,-200000.0,-0.0714285714,-400000.0,-0.1428571429,0.0,0.0,0.0,0.0,-400000.0,-0.1428571429,-0.007,-0.007,57142857,57142857,,,0.0490000001225,-0.0070000000175,0.0,-0.001750000004375,0.015750000039375,0.043750000109375,0.022750000056875,0.043750000109375,0.029750000074375,52499999.86875,53299999.86875,-32.81249991796875,18.749999953125,0.0,-524.9999986875,20.9999999475,20.9999999475,19.035714238839287,-266.49999934375,0.0,-532.9999986875,-0.0076190476380952,-0.0019047619095238,0.68,0.2328767123287671,-4.0,0.6041666666666666,0.0,0.0,0.0,0.0,0.7857142857142857,0.0357142857142857,0.1643835616438356,0.0,0.0357142857142857,0.5,0.0,,,-0.0655737704918032,-0.0485625001214062,-1900000.0,1300000.0,-1900000.0,600000.0,,,,48.21428571428572,64.28571428571429,0.0,1.8666666666666667,1.4,0.0,-0.16,0.001750000004375,1998-03-30,,amc,,2025-04-16,1998-03-31,,,
